<?xml version="1.0" encoding="UTF-8"?>
<!DOCTYPE html PUBLIC "-//W3C//DTD XHTML 1.0 Transitional//EN"
    "http://www.w3.org/TR/xhtml1/DTD/xhtml1-transitional.dtd">
<html xmlns="http://www.w3.org/1999/xhtml" xml:lang="en" lang="en">
 <head>
  <title>
</title>
<meta http-equiv="Content-Type" content="text/html;charset=utf-8" />
  <meta name='ocr-system' content='tesseract 3.04.00' />
  <meta name='ocr-capabilities' content='ocr_page ocr_carea ocr_par ocr_line ocrx_word'/>
</head>
<body>
  <div class='ocr_page' id='page_1' title='image "bibliothecarerum01wattuoft_0193.png"; bbox 0 0 1924 3288; ppageno 0'>
   <div class='ocr_carea' id='block_1_1' title="bbox 537 206 1644 252">
    <p class='ocr_par' dir='ltr' id='par_1_1' title="bbox 537 206 1644 252">
     <span class='ocr_line' id='line_1_1' title="bbox 537 206 1644 252; baseline -0.001 -1"><span class='ocrx_word' id='word_1_1' title='bbox 537 220 734 252; x_wconf 74' lang='lat' dir='ltr'>wmALm</span> <span class='ocrx_word' id='word_1_2' title='bbox 762 219 1011 251; x_wconf 77' lang='lat' dir='ltr'>EPISTOLAE</span> <span class='ocrx_word' id='word_1_3' title='bbox 1042 218 1092 250; x_wconf 82' lang='lat'>99.</span> <span class='ocrx_word' id='word_1_4' title='bbox 1114 218 1184 249; x_wconf 81' lang='grc'>100.</span> <span class='ocrx_word' id='word_1_5' title='bbox 1560 206 1644 250; x_wconf 82' lang='lat'>175</span> 
     </span>
    </p>
   </div>
   <div class='ocr_carea' id='block_1_2' title="bbox 82 313 1763 687">
    <p class='ocr_par' dir='ltr' id='par_1_2' title="bbox 82 313 1763 609">
     <span class='ocr_line' id='line_1_2' title="bbox 85 313 1763 374; baseline -0.004 -13"><span class='ocrx_word' id='word_1_6' title='bbox 85 316 178 362; x_wconf 83' lang='lat' dir='ltr'>sine</span> <span class='ocrx_word' id='word_1_7' title='bbox 212 318 382 374; x_wconf 78' lang='lat' dir='ltr'><strong>pastore</strong></span> <span class='ocrx_word' id='word_1_8' title='bbox 420 319 504 372; x_wconf 89' lang='lat' dir='ltr'>est,</span> <span class='ocrx_word' id='word_1_9' title='bbox 541 316 695 373; x_wconf 90' lang='lat' dir='ltr'>ubique</span> <span class='ocrx_word' id='word_1_10' title='bbox 726 315 957 371; x_wconf 79' lang='lat' dir='ltr'>colliditur,</span> <span class='ocrx_word' id='word_1_11' title='bbox 996 315 1150 372; x_wconf 90' lang='lat' dir='ltr'>ubique</span> <span class='ocrx_word' id='word_1_12' title='bbox 1180 313 1448 370; x_wconf 78' lang='lat' dir='ltr'>distrahitur,</span> <span class='ocrx_word' id='word_1_13' title='bbox 1489 313 1643 370; x_wconf 90' lang='lat' dir='ltr'>ubique</span> <span class='ocrx_word' id='word_1_14' title='bbox 1671 316 1763 354; x_wconf 81' lang='lat'>1148</span> 
     </span>
     <span class='ocr_line' id='line_1_3' title="bbox 85 390 1727 453; baseline -0.004 -13"><span class='ocrx_word' id='word_1_15' title='bbox 85 394 327 453; x_wconf 85' lang='lat' dir='ltr'>dissipatur.</span> <span class='ocrx_word' id='word_1_16' title='bbox 374 393 493 437; x_wconf 89' lang='lat' dir='ltr'>Unde</span> <span class='ocrx_word' id='word_1_17' title='bbox 526 397 567 438; x_wconf 90' lang='lat' dir='ltr'>et</span> <span class='ocrx_word' id='word_1_18' title='bbox 597 394 725 438; x_wconf 89' lang='lat' dir='ltr'>abbas</span> <span class='ocrx_word' id='word_1_19' title='bbox 747 390 1113 438; x_wconf 72' lang='lat' dir='ltr'>Hersveldensis’¹</span> <span class='ocrx_word' id='word_1_20' title='bbox 1132 393 1294 436; x_wconf 82' lang='lat' dir='ltr'>litteras</span> <span class='ocrx_word' id='word_1_21' title='bbox 1327 392 1469 435; x_wconf 92' lang='lat' dir='ltr'>domni</span> <span class='ocrx_word' id='word_1_22' title='bbox 1492 405 1642 449; x_wconf 89' lang='lat' dir='ltr'>papae,</span> <span class='ocrx_word' id='word_1_23' title='bbox 1724 391 1727 394; x_wconf 89' lang='grc'><strong>’</strong></span> 
     </span>
     <span class='ocr_line' id='line_1_4' title="bbox 84 468 1642 530; baseline -0.003 -12"><span class='ocrx_word' id='word_1_24' title='bbox 84 486 187 530; x_wconf 81' lang='lat' dir='ltr'>quas</span> <span class='ocrx_word' id='word_1_25' title='bbox 217 472 336 518; x_wconf 86' lang='lat' dir='ltr'>vobis</span> <span class='ocrx_word' id='word_1_26' title='bbox 367 476 409 516; x_wconf 90' lang='lat' dir='ltr'>et</span> <span class='ocrx_word' id='word_1_27' title='bbox 429 472 523 516; x_wconf 87' lang='lat' dir='ltr'>aliis</span> <span class='ocrx_word' id='word_1_28' title='bbox 544 472 763 516; x_wconf 88' lang='lat' dir='ltr'>abbatibus</span> <span class='ocrx_word' id='word_1_29' title='bbox 795 468 1042 527; x_wconf 82' lang='lat' dir='ltr'>direxerat²,</span> <span class='ocrx_word' id='word_1_30' title='bbox 1076 471 1129 514; x_wconf 86' lang='lat' dir='ltr'>ad</span> <span class='ocrx_word' id='word_1_31' title='bbox 1158 485 1234 514; x_wconf 87' lang='lat' dir='ltr'>nos</span> <span class='ocrx_word' id='word_1_32' title='bbox 1254 470 1503 526; x_wconf 80' lang='lat' dir='ltr'>transmisit,</span> <span class='ocrx_word' id='word_1_33' title='bbox 1534 469 1642 513; x_wconf 89' lang='lat' dir='ltr'>mul—</span> 
     </span>
     <span class='ocr_line' id='line_1_5' title="bbox 82 548 1640 609; baseline -0.003 -13"><span class='ocrx_word' id='word_1_34' title='bbox 82 554 255 609; x_wconf 87' lang='lat' dir='ltr'>tumque</span> <span class='ocrx_word' id='word_1_35' title='bbox 297 551 425 595; x_wconf 87' lang='lat' dir='ltr'>etiam</span> <span class='ocrx_word' id='word_1_36' title='bbox 463 551 555 609; x_wconf 89' lang='lat' dir='ltr'>ipse</span> <span class='ocrx_word' id='word_1_37' title='bbox 591 554 763 608; x_wconf 90' lang='lat' dir='ltr'>propter</span> <span class='ocrx_word' id='word_1_38' title='bbox 800 550 1035 593; x_wconf 88' lang='lat' dir='ltr'>iniunctum</span> <span class='ocrx_word' id='word_1_39' title='bbox 1072 549 1154 593; x_wconf 91' lang='lat' dir='ltr'>sibi</span> <span class='ocrx_word' id='word_1_40' title='bbox 1192 553 1234 593; x_wconf 94' lang='lat' dir='ltr'>et</span> <span class='ocrx_word' id='word_1_41' title='bbox 1262 548 1380 593; x_wconf 87' lang='lat' dir='ltr'>vobis</span> <span class='ocrx_word' id='word_1_42' title='bbox 1411 548 1640 604; x_wconf 85' lang='lat' dir='ltr'>negotium,</span> 
     </span>
    </p>

    <p class='ocr_par' dir='ltr' id='par_1_3' title="bbox 83 628 871 687">
     <span class='ocr_line' id='line_1_6' title="bbox 83 628 871 687; baseline -0.004 -13"><span class='ocrx_word' id='word_1_43' title='bbox 83 631 131 673; x_wconf 94' lang='lat' dir='ltr'>ut</span> <span class='ocrx_word' id='word_1_44' title='bbox 159 629 356 687; x_wconf 83' lang='lat' dir='ltr'>redeatis,</span> <span class='ocrx_word' id='word_1_45' title='bbox 387 629 474 674; x_wconf 88' lang='lat' dir='ltr'>iam</span> <span class='ocrx_word' id='word_1_46' title='bbox 504 629 577 673; x_wconf 91' lang='lat' dir='ltr'>diu</span> <span class='ocrx_word' id='word_1_47' title='bbox 607 628 871 672; x_wconf 87' lang='lat' dir='ltr'>desideravit.</span> 
     </span>
    </p>
   </div>
   <div class='ocr_carea' id='block_1_3' title="bbox 750 718 1003 723">
    <p class='ocr_par' dir='ltr' id='par_1_4' title="bbox 750 718 1003 723">
     <span class='ocr_line' id='line_1_7' title="bbox 750 718 1003 723; baseline 0 0"><span class='ocrx_word' id='word_1_48' title='bbox 750 718 1003 723; x_wconf 95' lang='lat' dir='ltr'> </span> 
     </span>
    </p>
   </div>
   <div class='ocr_carea' id='block_1_4' title="bbox 89 770 1645 903">
    <p class='ocr_par' dir='ltr' id='par_1_5' title="bbox 89 770 1645 903">
     <span class='ocr_line' id='line_1_8' title="bbox 89 770 1645 826; baseline -0.003 -8"><span class='ocrx_word' id='word_1_49' title='bbox 89 772 204 820; x_wconf 90' lang='grc'>100.</span> <span class='ocrx_word' id='word_1_50' title='bbox 235 774 437 818; x_wconf 57' lang='lat' dir='ltr'>Walter-us</span> <span class='ocrx_word' id='word_1_51' title='bbox 479 774 731 817; x_wconf 79' lang='lat' dir='ltr'>camerarius</span> <span class='ocrx_word' id='word_1_52' title='bbox 773 773 1026 816; x_wconf 75' lang='lat' dir='ltr'>corbeiensis</span> <span class='ocrx_word' id='word_1_53' title='bbox 1062 770 1249 815; x_wconf 78' lang='lat' dir='ltr'>Wibaldo</span> <span class='ocrx_word' id='word_1_54' title='bbox 1289 773 1431 826; x_wconf 79' lang='lat' dir='ltr'>instat,</span> <span class='ocrx_word' id='word_1_55' title='bbox 1476 778 1522 814; x_wconf 81' lang='lat' dir='ltr'>ut</span> <span class='ocrx_word' id='word_1_56' title='bbox 1560 773 1645 814; x_wconf 81' lang='lat' dir='ltr'>sine</span> 
     </span>
     <span class='ocr_line' id='line_1_9' title="bbox 239 847 1644 903; baseline -0.004 -7"><span class='ocrx_word' id='word_1_57' title='bbox 239 868 359 896; x_wconf 85' lang='lat' dir='ltr'>mora</span> <span class='ocrx_word' id='word_1_58' title='bbox 387 859 626 895; x_wconf 78' lang='lat' dir='ltr'>revertatur.</span> <span class='ocrx_word' id='word_1_59' title='bbox 1460 847 1532 903; x_wconf 75' lang='lat' dir='ltr'>(M.</span> <span class='ocrx_word' id='word_1_60' title='bbox 1556 848 1644 902; x_wconf 82' lang='lat'>83.)</span> 
     </span>
    </p>
   </div>
   <div class='ocr_carea' id='block_1_5' title="bbox 27 938 1764 2874">
    <p class='ocr_par' dir='ltr' id='par_1_6' title="bbox 83 938 1764 1075">
     <span class='ocr_line' id='line_1_10' title="bbox 199 938 1764 999; baseline -0.004 -13"><span class='ocrx_word' id='word_1_61' title='bbox 199 941 442 986; x_wconf 88' lang='lat' dir='ltr'>Reverendo</span> <span class='ocrx_word' id='word_1_62' title='bbox 461 941 639 999; x_wconf 86' lang='lat' dir='ltr'>patriae</span> <span class='ocrx_word' id='word_1_63' title='bbox 655 940 823 984; x_wconf 90' lang='lat' dir='ltr'>domino</span> <span class='ocrx_word' id='word_1_64' title='bbox 840 953 915 983; x_wconf 89' lang='lat' dir='ltr'>suo</span> <span class='ocrx_word' id='word_1_65' title='bbox 931 938 1123 984; x_wconf 89' lang='lat' dir='ltr'>Wibaldo</span> <span class='ocrx_word' id='word_1_66' title='bbox 1140 939 1370 983; x_wconf 87' lang='lat' dir='ltr'>venerabili</span> <span class='ocrx_word' id='word_1_67' title='bbox 1387 938 1529 983; x_wconf 91' lang='lat' dir='ltr'>abbati</span> <span class='ocrx_word' id='word_1_68' title='bbox 1544 938 1645 982; x_wconf 89' lang='lat' dir='ltr'>Cor·</span> <span class='ocrx_word' id='word_1_69' title='bbox 1673 943 1764 979; x_wconf 83' lang='lat'>1148</span> 
     </span>
     <span class='ocr_line' id='line_1_11' title="bbox 83 1017 1643 1075; baseline -0.003 -11"><span class='ocrx_word' id='word_1_70' title='bbox 83 1019 242 1064; x_wconf 88' lang='lat' dir='ltr'>beiensi</span> <span class='ocrx_word' id='word_1_71' title='bbox 263 1020 393 1064; x_wconf 84' lang='lat' dir='ltr'>frater</span> <span class='ocrx_word' id='word_1_72' title='bbox 404 1019 613 1065; x_wconf 86' lang='lat' dir='ltr'>Walterus</span> <span class='ocrx_word' id='word_1_73' title='bbox 630 1019 883 1062; x_wconf 89' lang='lat' dir='ltr'>camerarius</span> <span class='ocrx_word' id='word_1_74' title='bbox 901 1032 1001 1062; x_wconf 88' lang='lat' dir='ltr'>suus</span> <span class='ocrx_word' id='word_1_75' title='bbox 1020 1018 1204 1062; x_wconf 87' lang='lat' dir='ltr'>debitam</span> <span class='ocrx_word' id='word_1_76' title='bbox 1219 1018 1332 1075; x_wconf 89' lang='lat' dir='ltr'>patri</span> <span class='ocrx_word' id='word_1_77' title='bbox 1349 1017 1643 1072; x_wconf 69' lang='lat' dir='ltr'>obedientiam.</span> 
     </span>
    </p>

    <p class='ocr_par' dir='ltr' id='par_1_7' title="bbox 27 1096 1647 2874">
     <span class='ocr_line' id='line_1_12' title="bbox 201 1096 1643 1156; baseline -0.003 -13"><span class='ocrx_word' id='word_1_78' title='bbox 201 1097 250 1142; x_wconf 92' lang='lat' dir='ltr'>In</span> <span class='ocrx_word' id='word_1_79' title='bbox 286 1096 550 1156; x_wconf 88' lang='lat' dir='ltr'>perficiendis</span> <span class='ocrx_word' id='word_1_80' title='bbox 590 1096 763 1141; x_wconf 88' lang='lat' dir='ltr'>edificiis</span> <span class='ocrx_word' id='word_1_81' title='bbox 794 1097 945 1141; x_wconf 88' lang='lat' dir='ltr'>vestris</span> <span class='ocrx_word' id='word_1_82' title='bbox 986 1096 1100 1139; x_wconf 92' lang='lat' dir='ltr'>omni</span> <span class='ocrx_word' id='word_1_83' title='bbox 1137 1096 1355 1140; x_wconf 88' lang='lat' dir='ltr'>conamine</span> <span class='ocrx_word' id='word_1_84' title='bbox 1386 1096 1643 1150; x_wconf 84' lang='lat' dir='ltr'>insistimus3</span> 
     </span>
     <span class='ocr_line' id='line_1_13' title="bbox 84 1174 1645 1234; baseline -0.002 -13"><span class='ocrx_word' id='word_1_85' title='bbox 84 1190 190 1234; x_wconf 90' lang='lat' dir='ltr'>quae</span> <span class='ocrx_word' id='word_1_86' title='bbox 219 1177 377 1234; x_wconf 89' lang='lat' dir='ltr'>utique,</span> <span class='ocrx_word' id='word_1_87' title='bbox 409 1179 632 1233; x_wconf 87' lang='lat' dir='ltr'>antequam</span> <span class='ocrx_word' id='word_1_88' title='bbox 661 1174 944 1234; x_wconf 85' lang='lat' dir='ltr'>perficiantur,</span> <span class='ocrx_word' id='word_1_89' title='bbox 976 1188 1061 1218; x_wconf 92' lang='lat' dir='ltr'>non</span> <span class='ocrx_word' id='word_1_90' title='bbox 1091 1175 1256 1218; x_wconf 89' lang='lat' dir='ltr'>modica</span> <span class='ocrx_word' id='word_1_91' title='bbox 1280 1188 1466 1232; x_wconf 83' lang='lat' dir='ltr'>expensa</span> <span class='ocrx_word' id='word_1_92' title='bbox 1484 1175 1645 1230; x_wconf 86' lang='lat' dir='ltr'>indige-</span> 
     </span>
     <span class='ocr_line' id='line_1_14' title="bbox 83 1253 1646 1310; baseline -0.002 -11"><span class='ocrx_word' id='word_1_93' title='bbox 83 1254 199 1299; x_wconf 91' lang='lat' dir='ltr'>bunt.</span> <span class='ocrx_word' id='word_1_94' title='bbox 261 1255 356 1299; x_wconf 93' lang='lat' dir='ltr'>Non</span> <span class='ocrx_word' id='word_1_95' title='bbox 392 1258 532 1299; x_wconf 85' lang='lat' dir='ltr'>autem</span> <span class='ocrx_word' id='word_1_96' title='bbox 561 1268 635 1298; x_wconf 86' lang='lat' dir='ltr'>vos</span> <span class='ocrx_word' id='word_1_97' title='bbox 665 1254 744 1298; x_wconf 89' lang='lat' dir='ltr'>hoc</span> <span class='ocrx_word' id='word_1_98' title='bbox 772 1254 903 1298; x_wconf 90' lang='lat' dir='ltr'>latere</span> <span class='ocrx_word' id='word_1_99' title='bbox 933 1253 1149 1309; x_wconf 87' lang='lat' dir='ltr'>volumus,</span> <span class='ocrx_word' id='word_1_100' title='bbox 1190 1253 1300 1310; x_wconf 90' lang='lat' dir='ltr'>quod</span> <span class='ocrx_word' id='word_1_101' title='bbox 1331 1253 1356 1297; x_wconf 78' lang='lat' dir='ltr'>a</span> <span class='ocrx_word' id='word_1_102' title='bbox 1387 1253 1530 1296; x_wconf 90' lang='lat' dir='ltr'>multis</span> <span class='ocrx_word' id='word_1_103' title='bbox 1560 1253 1646 1297; x_wconf 90' lang='lat' dir='ltr'>iam</span> 
     </span>
     <span class='ocr_line' id='line_1_15' title="bbox 83 1331 1647 1391; baseline -0.003 -13"><span class='ocrx_word' id='word_1_104' title='bbox 83 1333 229 1378; x_wconf 91' lang='lat' dir='ltr'>diebus</span> <span class='ocrx_word' id='word_1_105' title='bbox 260 1347 404 1377; x_wconf 91' lang='lat' dir='ltr'>omnes</span> <span class='ocrx_word' id='word_1_106' title='bbox 435 1347 639 1391; x_wconf 83' lang='lat' dir='ltr'>expensas</span> <span class='ocrx_word' id='word_1_107' title='bbox 671 1332 858 1377; x_wconf 90' lang='lat' dir='ltr'>eiusdem</span> <span class='ocrx_word' id='word_1_108' title='bbox 887 1331 1025 1390; x_wconf 88' lang='lat' dir='ltr'>operis</span> <span class='ocrx_word' id='word_1_109' title='bbox 1045 1334 1191 1375; x_wconf 87' lang='lat' dir='ltr'>mutuo</span> <span class='ocrx_word' id='word_1_110' title='bbox 1214 1331 1450 1389; x_wconf 90' lang='lat' dir='ltr'>accepimus</span> <span class='ocrx_word' id='word_1_111' title='bbox 1473 1335 1515 1375; x_wconf 89' lang='lat' dir='ltr'>et</span> <span class='ocrx_word' id='word_1_112' title='bbox 1536 1331 1647 1388; x_wconf 89' lang='lat' dir='ltr'>quod</span> 
     </span>
     <span class='ocr_line' id='line_1_16' title="bbox 82 1410 1645 1469; baseline -0.002 -13"><span class='ocrx_word' id='word_1_113' title='bbox 82 1411 128 1455; x_wconf 92' lang='lat' dir='ltr'>in</span> <span class='ocrx_word' id='word_1_114' title='bbox 156 1412 386 1456; x_wconf 90' lang='lat' dir='ltr'>mutuando</span> <span class='ocrx_word' id='word_1_115' title='bbox 416 1426 548 1468; x_wconf 89' lang='lat' dir='ltr'>usque</span> <span class='ocrx_word' id='word_1_116' title='bbox 580 1411 633 1456; x_wconf 90' lang='lat' dir='ltr'>ad</span> <span class='ocrx_word' id='word_1_117' title='bbox 665 1411 903 1469; x_wconf 90' lang='lat' dir='ltr'>quindecim</span> <span class='ocrx_word' id='word_1_118' title='bbox 933 1424 1096 1454; x_wconf 89' lang='lat' dir='ltr'>marcas</span> <span class='ocrx_word' id='word_1_119' title='bbox 1127 1410 1214 1453; x_wconf 89' lang='lat' dir='ltr'>iam</span> <span class='ocrx_word' id='word_1_120' title='bbox 1242 1410 1456 1468; x_wconf 84' lang='lat' dir='ltr'>progressi</span> <span class='ocrx_word' id='word_1_121' title='bbox 1487 1424 1645 1466; x_wconf 89' lang='lat' dir='ltr'>sumus,</span> 
     </span>
     <span class='ocr_line' id='line_1_17' title="bbox 84 1488 1644 1548; baseline -0.001 -14"><span class='ocrx_word' id='word_1_122' title='bbox 84 1490 269 1548; x_wconf 84' lang='lat' dir='ltr'>exceptis</span> <span class='ocrx_word' id='word_1_123' title='bbox 314 1490 402 1547; x_wconf 87' lang='lat' dir='ltr'>his,</span> <span class='ocrx_word' id='word_1_124' title='bbox 449 1504 555 1547; x_wconf 89' lang='lat' dir='ltr'>quae</span> <span class='ocrx_word' id='word_1_125' title='bbox 602 1490 737 1534; x_wconf 90' lang='lat' dir='ltr'>adhuc</span> <span class='ocrx_word' id='word_1_126' title='bbox 777 1490 831 1533; x_wconf 91' lang='lat' dir='ltr'>ad</span> <span class='ocrx_word' id='word_1_127' title='bbox 867 1489 1084 1533; x_wconf 88' lang='lat' dir='ltr'>residuum</span> <span class='ocrx_word' id='word_1_128' title='bbox 1121 1503 1225 1546; x_wconf 91' lang='lat' dir='ltr'>opus</span> <span class='ocrx_word' id='word_1_129' title='bbox 1263 1488 1449 1532; x_wconf 89' lang='lat' dir='ltr'>habituri</span> <span class='ocrx_word' id='word_1_130' title='bbox 1487 1502 1644 1532; x_wconf 88' lang='lat' dir='ltr'>sumus.</span> 
     </span>
     <span class='ocr_line' id='line_1_18' title="bbox 83 1566 1645 1626; baseline -0.001 -14"><span class='ocrx_word' id='word_1_131' title='bbox 83 1567 234 1624; x_wconf 86' lang='lat' dir='ltr'>Magno</span> <span class='ocrx_word' id='word_1_132' title='bbox 267 1568 436 1626; x_wconf 91' lang='lat' dir='ltr'>quidem</span> <span class='ocrx_word' id='word_1_133' title='bbox 466 1569 672 1612; x_wconf 90' lang='lat' dir='ltr'>desiderio</span> <span class='ocrx_word' id='word_1_134' title='bbox 703 1568 960 1626; x_wconf 88' lang='lat' dir='ltr'>presentiam</span> <span class='ocrx_word' id='word_1_135' title='bbox 991 1570 1175 1612; x_wconf 86' lang='lat' dir='ltr'>vestram</span> <span class='ocrx_word' id='word_1_136' title='bbox 1206 1570 1476 1625; x_wconf 81' lang='lat' dir='ltr'>expectamus</span> <span class='ocrx_word' id='word_1_137' title='bbox 1501 1566 1645 1610; x_wconf 89' lang='lat' dir='ltr'>multis</span> 
     </span>
     <span class='ocr_line' id='line_1_19' title="bbox 83 1645 1646 1704; baseline -0.001 -13"><span class='ocrx_word' id='word_1_138' title='bbox 83 1646 134 1691; x_wconf 89' lang='lat' dir='ltr'>de</span> <span class='ocrx_word' id='word_1_139' title='bbox 164 1647 313 1704; x_wconf 88' lang='lat' dir='ltr'>causis,</span> <span class='ocrx_word' id='word_1_140' title='bbox 346 1661 449 1704; x_wconf 91' lang='lat' dir='ltr'>quas</span> <span class='ocrx_word' id='word_1_141' title='bbox 480 1648 594 1691; x_wconf 89' lang='lat' dir='ltr'>intus</span> <span class='ocrx_word' id='word_1_142' title='bbox 627 1650 668 1691; x_wconf 89' lang='lat' dir='ltr'>et</span> <span class='ocrx_word' id='word_1_143' title='bbox 696 1647 798 1690; x_wconf 83' lang='lat' dir='ltr'>foris</span> <span class='ocrx_word' id='word_1_144' title='bbox 830 1646 982 1690; x_wconf 82' lang='lat' dir='ltr'>cotidie</span> <span class='ocrx_word' id='word_1_145' title='bbox 1014 1646 1126 1703; x_wconf 83' lang='lat' dir='ltr'>apud</span> <span class='ocrx_word' id='word_1_146' title='bbox 1155 1659 1231 1689; x_wconf 90' lang='lat' dir='ltr'>nos</span> <span class='ocrx_word' id='word_1_147' title='bbox 1252 1645 1443 1689; x_wconf 88' lang='lat' dir='ltr'>videmus</span> <span class='ocrx_word' id='word_1_148' title='bbox 1466 1649 1508 1690; x_wconf 88' lang='lat' dir='ltr'>et</span> <span class='ocrx_word' id='word_1_149' title='bbox 1529 1645 1646 1690; x_wconf 90' lang='lat' dir='ltr'>audi-</span> 
     </span>
     <span class='ocr_line' id='line_1_20' title="bbox 27 1723 1647 1783; baseline -0.001 -15"><span class='ocrx_word' id='word_1_150' title='bbox 27 1758 29 1761; x_wconf 45' lang='lat'>&gt;</span> <span class='ocrx_word' id='word_1_151' title='bbox 82 1739 189 1781; x_wconf 89' lang='lat' dir='ltr'>mus,</span> <span class='ocrx_word' id='word_1_152' title='bbox 219 1739 297 1783; x_wconf 89' lang='lat' dir='ltr'>pro</span> <span class='ocrx_word' id='word_1_153' title='bbox 329 1726 478 1783; x_wconf 93' lang='lat' dir='ltr'>quibus</span> <span class='ocrx_word' id='word_1_154' title='bbox 508 1725 723 1783; x_wconf 87' lang='lat' dir='ltr'>presentia</span> <span class='ocrx_word' id='word_1_155' title='bbox 751 1728 892 1769; x_wconf 86' lang='lat' dir='ltr'>vestra</span> <span class='ocrx_word' id='word_1_156' title='bbox 911 1725 1032 1769; x_wconf 89' lang='lat' dir='ltr'>nobis</span> <span class='ocrx_word' id='word_1_157' title='bbox 1055 1727 1096 1768; x_wconf 89' lang='lat' dir='ltr'>et</span> <span class='ocrx_word' id='word_1_158' title='bbox 1117 1724 1315 1768; x_wconf 87' lang='lat' dir='ltr'>ecclesiae</span> <span class='ocrx_word' id='word_1_159' title='bbox 1335 1723 1515 1768; x_wconf 85' lang='lat' dir='ltr'>multum</span> <span class='ocrx_word' id='word_1_160' title='bbox 1538 1727 1647 1767; x_wconf 89' lang='lat' dir='ltr'>esset</span> 
     </span>
     <span class='ocr_line' id='line_1_21' title="bbox 81 1802 1647 1860; baseline -0.001 -13"><span class='ocrx_word' id='word_1_161' title='bbox 81 1803 336 1858; x_wconf 84' lang='lat' dir='ltr'>necessaria3</span> <span class='ocrx_word' id='word_1_162' title='bbox 368 1804 630 1860; x_wconf 91' lang='lat' dir='ltr'>multumque</span> <span class='ocrx_word' id='word_1_163' title='bbox 659 1804 833 1847; x_wconf 91' lang='lat' dir='ltr'>timetur</span> <span class='ocrx_word' id='word_1_164' title='bbox 863 1804 914 1847; x_wconf 89' lang='lat' dir='ltr'>ab</span> <span class='ocrx_word' id='word_1_165' title='bbox 947 1803 1154 1859; x_wconf 87' lang='lat' dir='ltr'>omnibus,</span> <span class='ocrx_word' id='word_1_166' title='bbox 1187 1803 1259 1859; x_wconf 89' lang='lat' dir='ltr'>qui</span> <span class='ocrx_word' id='word_1_167' title='bbox 1287 1816 1362 1846; x_wconf 84' lang='lat' dir='ltr'>vos</span> <span class='ocrx_word' id='word_1_168' title='bbox 1384 1806 1426 1846; x_wconf 91' lang='lat' dir='ltr'>et</span> <span class='ocrx_word' id='word_1_169' title='bbox 1444 1802 1647 1846; x_wconf 92' lang='lat' dir='ltr'>honorem</span> 
     </span>
     <span class='ocr_line' id='line_1_22' title="bbox 84 1880 1647 1938; baseline -0.001 -13"><span class='ocrx_word' id='word_1_170' title='bbox 84 1884 272 1925; x_wconf 90' lang='lat' dir='ltr'>vestrum</span> <span class='ocrx_word' id='word_1_171' title='bbox 303 1881 496 1937; x_wconf 84' lang='lat' dir='ltr'>diligunt,</span> <span class='ocrx_word' id='word_1_172' title='bbox 529 1882 653 1938; x_wconf 91' lang='lat' dir='ltr'>quod,</span> <span class='ocrx_word' id='word_1_173' title='bbox 686 1882 723 1925; x_wconf 90' lang='lat' dir='ltr'>si</span> <span class='ocrx_word' id='word_1_174' title='bbox 746 1882 902 1925; x_wconf 86' lang='lat' dir='ltr'>diutius</span> <span class='ocrx_word' id='word_1_175' title='bbox 923 1895 1087 1925; x_wconf 88' lang='lat' dir='ltr'>moram</span> <span class='ocrx_word' id='word_1_176' title='bbox 1115 1881 1312 1937; x_wconf 84' lang='lat' dir='ltr'>feceritis,</span> <span class='ocrx_word' id='word_1_177' title='bbox 1346 1880 1506 1937; x_wconf 86' lang='lat' dir='ltr'>aliquas</span> <span class='ocrx_word' id='word_1_178' title='bbox 1527 1881 1647 1924; x_wconf 87' lang='lat' dir='ltr'>novi-</span> 
     </span>
     <span class='ocr_line' id='line_1_23' title="bbox 82 1958 1647 2020; baseline -0.001 -17"><span class='ocrx_word' id='word_1_179' title='bbox 82 1961 211 2015; x_wconf 88' lang='lat' dir='ltr'>tates,</span> <span class='ocrx_word' id='word_1_180' title='bbox 251 1973 357 2020; x_wconf 88' lang='lat' dir='ltr'>quae</span> <span class='ocrx_word' id='word_1_181' title='bbox 394 1959 574 2003; x_wconf 90' lang='lat' dir='ltr'>multum</span> <span class='ocrx_word' id='word_1_182' title='bbox 607 1960 790 2016; x_wconf 89' lang='lat' dir='ltr'>quietem</span> <span class='ocrx_word' id='word_1_183' title='bbox 820 1961 1004 2003; x_wconf 86' lang='lat' dir='ltr'>vestram</span> <span class='ocrx_word' id='word_1_184' title='bbox 1034 1959 1281 2017; x_wconf 89' lang='lat' dir='ltr'>perturbare</span> <span class='ocrx_word' id='word_1_185' title='bbox 1312 1959 1495 2016; x_wconf 87' lang='lat' dir='ltr'>possint,</span> <span class='ocrx_word' id='word_1_186' title='bbox 1535 1958 1647 2015; x_wconf 91' lang='lat' dir='ltr'>apud</span> 
     </span>
     <span class='ocr_line' id='line_1_24' title="bbox 81 2037 1645 2095; baseline 0 -15"><span class='ocrx_word' id='word_1_187' title='bbox 81 2051 158 2081; x_wconf 92' lang='lat' dir='ltr'>nos</span> <span class='ocrx_word' id='word_1_188' title='bbox 188 2037 377 2081; x_wconf 87' lang='lat' dir='ltr'>invenire</span> <span class='ocrx_word' id='word_1_189' title='bbox 409 2037 615 2092; x_wconf 86' lang='lat' dir='ltr'>debeatis;</span> <span class='ocrx_word' id='word_1_190' title='bbox 654 2037 705 2081; x_wconf 93' lang='grc'>(10</span> <span class='ocrx_word' id='word_1_191' title='bbox 737 2037 886 2094; x_wconf 90' lang='lat' dir='ltr'>quibus</span> <span class='ocrx_word' id='word_1_192' title='bbox 919 2037 1088 2094; x_wconf 87' lang='lat' dir='ltr'>quidem</span> <span class='ocrx_word' id='word_1_193' title='bbox 1119 2037 1260 2094; x_wconf 89' lang='lat' dir='ltr'>aliqua</span> <span class='ocrx_word' id='word_1_194' title='bbox 1291 2037 1315 2081; x_wconf 77' lang='lat' dir='ltr'>a</span> <span class='ocrx_word' id='word_1_195' title='bbox 1345 2051 1475 2095; x_wconf 87' lang='lat' dir='ltr'>puero</span> <span class='ocrx_word' id='word_1_196' title='bbox 1506 2040 1645 2080; x_wconf 86' lang='lat' dir='ltr'>vestro</span> 
     </span>
     <span class='ocr_line' id='line_1_25' title="bbox 82 2114 1644 2174; baseline 0 -16"><span class='ocrx_word' id='word_1_197' title='bbox 82 2114 341 2170; x_wconf 87' lang='lat' dir='ltr'>L(udowico)</span> <span class='ocrx_word' id='word_1_198' title='bbox 374 2116 519 2160; x_wconf 89' lang='lat' dir='ltr'>audire</span> <span class='ocrx_word' id='word_1_199' title='bbox 548 2116 739 2174; x_wconf 87' lang='lat' dir='ltr'>potestis.</span> <span class='ocrx_word' id='word_1_200' title='bbox 787 2115 880 2159; x_wconf 88' lang='lat' dir='ltr'>Nisi</span> <span class='ocrx_word' id='word_1_201' title='bbox 902 2118 1012 2159; x_wconf 85' lang='lat' dir='ltr'>esset</span> <span class='ocrx_word' id='word_1_202' title='bbox 1032 2116 1159 2159; x_wconf 93' lang='lat' dir='ltr'>timor</span> <span class='ocrx_word' id='word_1_203' title='bbox 1179 2116 1273 2171; x_wconf 90' lang='lat' dir='ltr'>iste,</span> <span class='ocrx_word' id='word_1_204' title='bbox 1304 2115 1491 2173; x_wconf 88' lang='lat' dir='ltr'>placeret</span> <span class='ocrx_word' id='word_1_205' title='bbox 1510 2115 1644 2171; x_wconf 89' lang='lat' dir='ltr'>nobis,</span> 
     </span>
     <span class='ocr_line' id='line_1_26' title="bbox 83 2193 1647 2251; baseline 0 -14"><span class='ocrx_word' id='word_1_206' title='bbox 83 2194 194 2250; x_wconf 90' lang='lat' dir='ltr'>quod</span> <span class='ocrx_word' id='word_1_207' title='bbox 224 2208 353 2251; x_wconf 86' lang='lat' dir='ltr'>usque</span> <span class='ocrx_word' id='word_1_208' title='bbox 385 2194 438 2237; x_wconf 91' lang='lat' dir='ltr'>ad</span> <span class='ocrx_word' id='word_1_209' title='bbox 468 2208 598 2238; x_wconf 80' lang='lat' dir='ltr'>novas</span> <span class='ocrx_word' id='word_1_210' title='bbox 618 2194 759 2249; x_wconf 86' lang='lat' dir='ltr'>fruges</span> <span class='ocrx_word' id='word_1_211' title='bbox 780 2194 964 2237; x_wconf 88' lang='lat' dir='ltr'>reditum</span> <span class='ocrx_word' id='word_1_212' title='bbox 984 2197 1171 2237; x_wconf 85' lang='lat' dir='ltr'>vestrum</span> <span class='ocrx_word' id='word_1_213' title='bbox 1190 2194 1514 2251; x_wconf 84' lang='lat' dir='ltr'>protraheretis3</span> <span class='ocrx_word' id='word_1_214' title='bbox 1548 2193 1647 2250; x_wconf 86' lang='lat' dir='ltr'>quia</span> 
     </span>
     <span class='ocr_line' id='line_1_27' title="bbox 83 2271 1647 2328; baseline -0.001 -13"><span class='ocrx_word' id='word_1_215' title='bbox 83 2271 120 2315; x_wconf 90' lang='lat' dir='ltr'>si</span> <span class='ocrx_word' id='word_1_216' title='bbox 151 2275 248 2316; x_wconf 91' lang='lat' dir='ltr'>ante</span> <span class='ocrx_word' id='word_1_217' title='bbox 277 2273 501 2327; x_wconf 88' lang='lat' dir='ltr'>redieritis,</span> <span class='ocrx_word' id='word_1_218' title='bbox 531 2286 616 2315; x_wconf 92' lang='lat' dir='ltr'>non</span> <span class='ocrx_word' id='word_1_219' title='bbox 646 2272 867 2315; x_wconf 86' lang='lat' dir='ltr'>invenietis</span> <span class='ocrx_word' id='word_1_220' title='bbox 898 2272 950 2315; x_wconf 89' lang='lat' dir='ltr'>de</span> <span class='ocrx_word' id='word_1_221' title='bbox 972 2286 1139 2316; x_wconf 89' lang='lat' dir='ltr'>annona</span> <span class='ocrx_word' id='word_1_222' title='bbox 1158 2275 1312 2327; x_wconf 90' lang='lat' dir='ltr'>vestra,</span> <span class='ocrx_word' id='word_1_223' title='bbox 1345 2272 1455 2328; x_wconf 86' lang='lat' dir='ltr'>quod</span> <span class='ocrx_word' id='word_1_224' title='bbox 1476 2271 1542 2315; x_wconf 87' lang='lat' dir='ltr'>vel</span> <span class='ocrx_word' id='word_1_225' title='bbox 1563 2286 1647 2315; x_wconf 92' lang='lat' dir='ltr'>una</span> 
     </span>
     <span class='ocr_line' id='line_1_28' title="bbox 83 2349 1645 2407; baseline 0 -14"><span class='ocrx_word' id='word_1_226' title='bbox 83 2349 150 2394; x_wconf 91' lang='lat' dir='ltr'>die</span> <span class='ocrx_word' id='word_1_227' title='bbox 180 2350 440 2394; x_wconf 84' lang='lat' dir='ltr'>manducetis</span> <span class='ocrx_word' id='word_1_228' title='bbox 472 2353 544 2394; x_wconf 87' lang='lat' dir='ltr'>aut</span> <span class='ocrx_word' id='word_1_229' title='bbox 576 2350 676 2406; x_wconf 89' lang='lat' dir='ltr'>quid</span> <span class='ocrx_word' id='word_1_230' title='bbox 702 2350 870 2405; x_wconf 89' lang='lat' dir='ltr'>bibatis,</span> <span class='ocrx_word' id='word_1_231' title='bbox 902 2350 986 2393; x_wconf 92' lang='lat' dir='ltr'>nisi</span> <span class='ocrx_word' id='word_1_232' title='bbox 1013 2350 1154 2407; x_wconf 91' lang='lat' dir='ltr'>precio</span> <span class='ocrx_word' id='word_1_233' title='bbox 1176 2350 1441 2407; x_wconf 87' lang='lat' dir='ltr'>comparetis.</span> <span class='ocrx_word' id='word_1_234' title='bbox 1491 2349 1564 2394; x_wconf 87' lang='lat' dir='ltr'>Set</span> <span class='ocrx_word' id='word_1_235' title='bbox 1583 2351 1645 2393; x_wconf 89' lang='lat' dir='ltr'>vi-</span> 
     </span>
     <span class='ocr_line' id='line_1_29' title="bbox 85 2426 1645 2485; baseline 0 -14"><span class='ocrx_word' id='word_1_236' title='bbox 85 2427 213 2477; x_wconf 69' lang='lat' dir='ltr'>detur,</span> <span class='ocrx_word' id='word_1_237' title='bbox 236 2428 355 2472; x_wconf 90' lang='lat' dir='ltr'>nobis</span> <span class='ocrx_word' id='word_1_238' title='bbox 386 2428 659 2483; x_wconf 88' lang='lat' dir='ltr'>tolerabilius,</span> <span class='ocrx_word' id='word_1_239' title='bbox 693 2426 803 2484; x_wconf 76' lang='lat' dir='ltr'>quo&#39;d</span> <span class='ocrx_word' id='word_1_240' title='bbox 835 2441 1044 2471; x_wconf 87' lang='lat' dir='ltr'>annonam</span> <span class='ocrx_word' id='word_1_241' title='bbox 1076 2428 1187 2485; x_wconf 89' lang='lat' dir='ltr'>apud</span> <span class='ocrx_word' id='word_1_242' title='bbox 1206 2442 1282 2472; x_wconf 90' lang='lat' dir='ltr'>nos</span> <span class='ocrx_word' id='word_1_243' title='bbox 1305 2428 1517 2485; x_wconf 89' lang='lat' dir='ltr'>aliquanto</span> <span class='ocrx_word' id='word_1_244' title='bbox 1539 2431 1645 2471; x_wconf 89' lang='lat' dir='ltr'>tem-</span> 
     </span>
     <span class='ocr_line' id='line_1_30' title="bbox 82 2490 1643 2563; baseline -0.001 -13"><span class='ocrx_word' id='word_1_245' title='bbox 82 2519 184 2563; x_wconf 86' lang='lat' dir='ltr'>pore</span> <span class='ocrx_word' id='word_1_246' title='bbox 215 2490 377 2563; x_wconf 81' lang='lat' dir='ltr'>ematis,</span> <span class='ocrx_word' id='word_1_247' title='bbox 410 2521 536 2563; x_wconf 92' lang='lat' dir='ltr'>quam</span> <span class='ocrx_word' id='word_1_248' title='bbox 567 2506 708 2562; x_wconf 90' lang='lat' dir='ltr'>aliqua</span> <span class='ocrx_word' id='word_1_249' title='bbox 737 2506 1086 2562; x_wconf 85' lang='lat' dir='ltr'>inconvenientia,</span> <span class='ocrx_word' id='word_1_250' title='bbox 1119 2521 1224 2562; x_wconf 89' lang='lat' dir='ltr'>quae</span> <span class='ocrx_word' id='word_1_251' title='bbox 1247 2520 1319 2550; x_wconf 88' lang='lat' dir='ltr'>vos</span> <span class='ocrx_word' id='word_1_252' title='bbox 1350 2521 1402 2550; x_wconf 79' lang='lat' dir='ltr'>ex</span> <span class='ocrx_word' id='word_1_253' title='bbox 1430 2506 1643 2563; x_wconf 89' lang='lat' dir='ltr'>insperato</span> 
     </span>
     <span class='ocr_line' id='line_1_31' title="bbox 81 2582 1644 2642; baseline 0 -15"><span class='ocrx_word' id='word_1_254' title='bbox 81 2582 272 2628; x_wconf 86' lang='lat' dir='ltr'>laborare</span> <span class='ocrx_word' id='word_1_255' title='bbox 302 2585 471 2641; x_wconf 89' lang='lat' dir='ltr'>faciant,</span> <span class='ocrx_word' id='word_1_256' title='bbox 504 2585 616 2642; x_wconf 87' lang='lat' dir='ltr'>apud</span> <span class='ocrx_word' id='word_1_257' title='bbox 645 2598 721 2628; x_wconf 90' lang='lat' dir='ltr'>nos</span> <span class='ocrx_word' id='word_1_258' title='bbox 753 2584 855 2627; x_wconf 87' lang='lat' dir='ltr'>oriri</span> <span class='ocrx_word' id='word_1_259' title='bbox 885 2584 1152 2641; x_wconf 88' lang='lat' dir='ltr'>permittatis.</span> <span class='ocrx_word' id='word_1_260' title='bbox 1200 2584 1381 2627; x_wconf 92' lang='lat' dir='ltr'>Multum</span> <span class='ocrx_word' id='word_1_261' title='bbox 1410 2585 1551 2640; x_wconf 89' lang='lat' dir='ltr'>itaque</span> <span class='ocrx_word' id='word_1_262' title='bbox 1572 2598 1644 2627; x_wconf 90' lang='lat' dir='ltr'>vo-</span> 
     </span>
     <span class='ocr_line' id='line_1_32' title="bbox 82 2654 1643 2719; baseline 0 -13"><span class='ocrx_word' id='word_1_263' title='bbox 82 2660 234 2718; x_wconf 86' lang='lat' dir='ltr'>lumus,</span> <span class='ocrx_word' id='word_1_264' title='bbox 265 2666 313 2706; x_wconf 94' lang='lat' dir='ltr'>ut</span> <span class='ocrx_word' id='word_1_265' title='bbox 344 2654 487 2706; x_wconf 86' lang='lat' dir='ltr'>omnes</span> <span class='ocrx_word' id='word_1_266' title='bbox 509 2676 649 2706; x_wconf 87' lang='lat' dir='ltr'>moras</span> <span class='ocrx_word' id='word_1_267' title='bbox 671 2662 877 2719; x_wconf 86' lang='lat' dir='ltr'>rumpatis</span> <span class='ocrx_word' id='word_1_268' title='bbox 910 2664 964 2717; x_wconf 93' lang='lat' dir='ltr'>et,</span> <span class='ocrx_word' id='word_1_269' title='bbox 996 2665 1164 2718; x_wconf 87' lang='lat' dir='ltr'>recepto</span> <span class='ocrx_word' id='word_1_270' title='bbox 1185 2662 1264 2705; x_wconf 93' lang='lat' dir='ltr'>hoc</span> <span class='ocrx_word' id='word_1_271' title='bbox 1284 2662 1471 2719; x_wconf 56' lang='lat' dir='ltr'>presenti</span> <span class='ocrx_word' id='word_1_272' title='bbox 1492 2662 1643 2706; x_wconf 92' lang='lat' dir='ltr'>nuncio</span> 
     </span>
     <span class='ocr_line' id='line_1_33' title="bbox 83 2738 1644 2796; baseline 0.001 -13"><span class='ocrx_word' id='word_1_273' title='bbox 83 2743 236 2796; x_wconf 89' lang='lat' dir='ltr'>vestro,</span> <span class='ocrx_word' id='word_1_274' title='bbox 270 2740 323 2783; x_wconf 90' lang='lat' dir='ltr'>ad</span> <span class='ocrx_word' id='word_1_275' title='bbox 352 2754 429 2784; x_wconf 91' lang='lat' dir='ltr'>nos</span> <span class='ocrx_word' id='word_1_276' title='bbox 459 2741 597 2785; x_wconf 86' lang='lat' dir='ltr'>redire</span> <span class='ocrx_word' id='word_1_277' title='bbox 620 2740 840 2784; x_wconf 88' lang='lat' dir='ltr'>festinetis.</span> <span class='ocrx_word' id='word_1_278' title='bbox 888 2739 955 2783; x_wconf 80' lang='lat' dir='ltr'>Ex</span> <span class='ocrx_word' id='word_1_279' title='bbox 975 2738 1177 2784; x_wconf 90' lang='lat' dir='ltr'>fidelitate</span> <span class='ocrx_word' id='word_1_280' title='bbox 1199 2743 1240 2783; x_wconf 90' lang='lat' dir='ltr'>et</span> <span class='ocrx_word' id='word_1_281' title='bbox 1261 2740 1478 2784; x_wconf 88' lang='lat' dir='ltr'>devotione</span> <span class='ocrx_word' id='word_1_282' title='bbox 1499 2743 1644 2784; x_wconf 90' lang='lat' dir='ltr'>nostra</span> 
     </span>
     <span class='ocr_line' id='line_1_34' title="bbox 85 2818 1369 2874; baseline 0 -13"><span class='ocrx_word' id='word_1_283' title='bbox 85 2820 162 2874; x_wconf 90' lang='lat' dir='ltr'>est,</span> <span class='ocrx_word' id='word_1_284' title='bbox 195 2818 306 2874; x_wconf 90' lang='lat' dir='ltr'>quod</span> <span class='ocrx_word' id='word_1_285' title='bbox 337 2818 390 2861; x_wconf 88' lang='lat' dir='ltr'>ad</span> <span class='ocrx_word' id='word_1_286' title='bbox 421 2819 603 2863; x_wconf 90' lang='lat' dir='ltr'>reditum</span> <span class='ocrx_word' id='word_1_287' title='bbox 634 2833 707 2862; x_wconf 90' lang='lat' dir='ltr'>vos</span> <span class='ocrx_word' id='word_1_288' title='bbox 738 2822 827 2861; x_wconf 89' lang='lat' dir='ltr'>tam</span> <span class='ocrx_word' id='word_1_289' title='bbox 856 2818 1062 2861; x_wconf 88' lang='lat' dir='ltr'>instanter</span> <span class='ocrx_word' id='word_1_290' title='bbox 1092 2818 1369 2861; x_wconf 85' lang='lat' dir='ltr'>cohortamur.</span> 
     </span>
    </p>
   </div>
   <div class='ocr_carea' id='block_1_6' title="bbox 721 2914 1005 2919">
    <p class='ocr_par' dir='ltr' id='par_1_8' title="bbox 721 2914 1005 2919">
     <span class='ocr_line' id='line_1_35' title="bbox 721 2914 1005 2919; baseline 0 0"><span class='ocrx_word' id='word_1_291' title='bbox 721 2914 1005 2919; x_wconf 95' lang='lat' dir='ltr'> </span> 
     </span>
    </p>
   </div>
   <div class='ocr_carea' id='block_1_7' title="bbox 179 2925 492 2956">
    <p class='ocr_par' dir='ltr' id='par_1_9' title="bbox 179 2925 492 2956">
     <span class='ocr_line' id='line_1_36' title="bbox 179 2925 492 2956; baseline 0.003 -1"><span class='ocrx_word' id='word_1_292' title='bbox 179 2934 206 2955; x_wconf 80' lang='lat' dir='ltr'>a.</span> <span class='ocrx_word' id='word_1_293' title='bbox 234 2925 448 2956; x_wconf 83' lang='lat' dir='ltr'>Hesveldensis</span> <span class='ocrx_word' id='word_1_294' title='bbox 469 2939 492 2955; x_wconf 83' lang='lat' dir='ltr'>e.</span> 
     </span>
    </p>
   </div>
   <div class='ocr_carea' id='block_1_8' title="bbox 179 2983 1092 3029">
    <p class='ocr_par' dir='ltr' id='par_1_10' title="bbox 179 2983 1092 3029">
     <span class='ocr_line' id='line_1_37' title="bbox 179 2983 1092 3029; baseline 0 -10"><span class='ocrx_word' id='word_1_295' title='bbox 179 2983 213 3019; x_wconf 91' lang='lat'>1.</span> <span class='ocrx_word' id='word_1_296' title='bbox 238 2983 445 3020; x_wconf 87' lang='lat' dir='ltr'>Heinricus.</span> <span class='ocrx_word' id='word_1_297' title='bbox 542 2985 575 3020; x_wconf 85' lang='lat'>2.</span> <span class='ocrx_word' id='word_1_298' title='bbox 602 2984 647 3020; x_wconf 93' lang='lat' dir='ltr'>V.</span> <span class='ocrx_word' id='word_1_299' title='bbox 675 2994 733 3029; x_wconf 90' lang='lat' dir='ltr'>ep.</span> <span class='ocrx_word' id='word_1_300' title='bbox 751 2984 797 3019; x_wconf 83' lang='lat'>86</span> <span class='ocrx_word' id='word_1_301' title='bbox 822 2993 933 3028; x_wconf 87' lang='lat' dir='ltr'>supra</span> <span class='ocrx_word' id='word_1_302' title='bbox 956 2993 993 3028; x_wconf 85' lang='lat' dir='ltr'>p.</span> <span class='ocrx_word' id='word_1_303' title='bbox 1013 2983 1092 3019; x_wconf 81' lang='lat'><strong>159.</strong></span> 
     </span>
    </p>
   </div>
  </div>
 </body>
</html>
