1924 3288
294 175 382 220 518
800 188 999 220 wmALm
1027 188 1247 221 merrom
1277 189 1349 221 sse.

298 281 415 329 386.
447 284 657 328 Amoldus
685 283 738 328 II
759 285 1089 343 archiepiscopus
1121 286 1370 330 Coloniensi-s·
1398 286 1590 345 anenio
1619 286 1696 332 ΠΙ
1711 302 1858 346 papae

440 363 659 422 siymficat,
690 363 736 405 in
765 363 922 421 synodo
955 363 1185 407 Coloniensi
1215 364 1317 422 quid
1346 371 1482 407 aetum
1510 365 1565 408 sie
1593 365 1645 408 de
1673 364 1857 410 Fausto

443 439 610 494 clerico,
651 455 678 482 a
706 440 1040 485 ministerialibus
1069 440 1258 485 Heinrici
1296 443 1478 499 episcopi
1507 442 1736 487 Mindon&
1763 457 1858 487 oae-

442 524 543 560 cato.
1639 517 1714 573 (Μ.
1736 518 1856 574 362.)

175 600 268 638 1152
410 598 655 643 Reverendo
690 599 805 657 patri
843 612 891 644 ac
928 613 1090 644 summo
1129 599 1320 658 pontifici
1353 599 1580 656 E(ugenio)
1608 600 1856 658 Asrneldus)

192 651 248 682 Μ’
294 680 465 722 sanctae
480 676 741 721 Coloniensis
763 678 988 723 aecclesiae
1006 678 1178 722 humilis
1193 679 1401 734 minister,
1417 677 1664 735 W(alterus)
1674 676 1858 725 maioris

293 755 518 800 aecclesiae
538 757 792 814 prepositus,
813 755 1100 811 A(delbertus)
1122 757 1319 812 decanus,
1341 752 1858 813 Tffliebaldus)-Xanoton⁴

292 834 350 878 sis
388 834 649 891 prepositus,
695 833 940 889 G(erardus)
978 834 1218 878 Bunnensis
1260 835 1502 892 prepositus
1551 838 1595 879 et
1635 835 1855 881 universus

290 911 481 969 prefatae
511 912 737 957 aecclesiae
766 915 994 957 conventus
1025 912 1211 956 debitam
1230 925 1327 956 cum
1348 912 1463 957 omni
1483 912 1740 959 subiectione
1757 913 1857 960 obe-

291 989 507 1034 dientiam.

408 1067 474 1111 De
504 1067 802 1123 controversia,
835 1081 941 1124 quae
970 1068 1082 1112 inter
1113 1067 1357 1126 episcopum
1386 1067 1650 1113 Mindensem
1679 1071 1723 1114 et
1749 1080 1857 1127 pau-

289 1159 436 1203 perem
473 1145 671 1189 clericum
699 1144 934 1189 Fortlivum
970 1146 1141 1190 nomine
1179 1159 1320 1190 coram
1354 1146 1476 1191 nobis
1505 1143 1718 1191 ventilata
1737 1147 1820 1192 fuit
1828 1143 1855 1204 ¹,

291 1223 511 1267 ammoniti
542 1226 585 1267 et
612 1222 751 1278 rogati
782 1223 833 1267 ab
858 1226 1037 1279 utraque
1057 1227 1179 1281 parte
1199 1224 1489 1268 testimonium
1509 1224 1610 1268 dare
1629 1221 1756 1283 super
1772 1224 1854 1282 me,-

290 1315 397 1358 quae
426 1301 608 1345 vidimus
640 1303 683 1344 et
712 1301 948 1344 audivimus
981 1304 1023 1346 et
1053 1313 1193 1345 coram
1224 1302 1345 1346 nobis
1374 1305 1558 1346 tractata
1586 1305 1706 1359 sunt,
1733 1302 1854 1347 testi·-

288 1379 478 1423 monium
497 1378 778 1436 perhibemus.
817 1378 974 1423 Notum
993 1379 1123 1435 igItur
1143 1380 1416 1425 excellentiae
1435 1380 1670 1424 maiestatis
1689 1383 1856 1426 vestrae

287 1457 478 1512 facimus,
511 1456 623 1513 quod
647 1457 735 1500 iam
763 1457 900 1501 dictus
926 1471 1089 1515 pauper
1117 1458 1171 1502 ad
1196 1459 1455 1516 presentiam
1473 1460 1662 1502 nostram
1680 1459 1856 1507 veniens

290 1534 595 1591 querimoniam
624 1534 908 1579 miserabilem
939 1538 1064 1592 atque
1093 1536 1397 1580 lacrimabilem
1423 1549 1565 1580 coram
1584 1535 1707 1580 nobis
1726 1536 1854 1594 depo-

289 1613 386 1668 suit,
419 1612 530 1669 quod
560 1625 766 1656 consensu
796 1615 839 1656 et
866 1613 985 1657 iussu
1016 1614 1203 1671 episcopi
1234 1614 1259 1658 a
1288 1613 1633 1659 ministerialibus
1661 1613 1751 1658 suis
1780 1612 1855 1659 ex-

288 1693 455 1734 cecatus
486 1690 554 1734 sit.
604 1689 921 1735 Communicato
951 1692 1094 1749 itaque
1131 1691 1306 1736 consilio
1337 1705 1465 1749 super
1493 1691 1573 1736 hac
1601 1700 1730 1736 causa
1755 1700 1856 1738 cum

286 1768 489 1812 fratribus
519 1768 698 1824 nostris,
729 1768 868 1812 visum
897 1768 979 1812 fuit
1007 1769 1150 1825 nobis,
1182 1773 1230 1813 ut
1260 1769 1481 1827 episcopus
1513 1770 1567 1814 ad
1595 1767 1854 1816 audientia&

288 1849 478 1890 nostram
517 1849 761 1890 evocaretur
798 1849 840 1890 et
877 1860 1005 1905 super
1039 1847 1120 1892 hoc
1155 1848 1284 1892 verbo
1324 1848 1551 1892 audiretur.
1620 1847 1720 1906 Qui,
1746 1861 1854 1894 cun

287 1937 566 1982 responsurus
596 1924 807 1982 impositis
837 1926 1076 1982 presentiae
1105 1928 1274 1971 nostrae
1295 1940 1340 1970 se
1361 1926 1620 1970 exhibuisset
1642 1929 1685 1971 et
1703 1925 1756 1972 de
1773 1926 1855 1973 hoe

288 2002 468 2046 nefando
488 2002 599 2046 facto
620 2001 811 2059 pulsatus
831 2003 994 2059 fuisset,
1023 2004 1237 2048 confessus
1257 2004 1351 2060 fuit,
1383 2004 1494 2061 quod
1512 2004 1708 2049 undecim
1726 2004 1853 2050 'mini-

290 2079 481 2124 steriales
513 2080 579 2123 sui
609 2079 661 2124 de
691 2080 815 2124 domo
847 2095 924 2125 sua
954 2082 1112 2137 egressi
1135 2085 1178 2126 et
1206 2082 1260 2126 ad
1285 2096 1379 2126 eam
1398 2082 1579 2138 regressi
1607 2081 1687 2126 hoc
1716 2081 1853 2128 scelus

286 2161 375 2202 tam
397 2157 656 2214 detestabile,
686 2171 731 2202 se
750 2158 975 2215 nesciente,
997 2163 1325 2217 perpetrassent.
1370 2160 1539 2205 Adiecit
1558 2173 1735 2218 quoque,
1752 2172 1851 2206 cum

287 2235 333 2279 in
352 2235 428 2279 hos
450 2249 594 2279 omnes
614 2239 703 2279 tam
724 2238 1031 2281 consentientes
1052 2251 1178 2295 quam
1197 2238 1398 2283 facientes
1419 2238 1671 2283 sententiam
1684 2241 1852 2284 vestr-‘ae

289 2314 731 2358 excommunicationis
762 2315 1088 2372 pronuntiasset,
1122 2315 1232 2372 quod
1261 2315 1445 2360 tumultu
1473 2315 1620 2374 populi
1646 2316 1850 2373 quosdam

289 2406 447 2448 eorum,
479 2392 551 2448 qui
580 2392 625 2435 in
656 2392 857 2436 comitatu
886 2393 1065 2449 fuerant,
1097 2393 1296 2450 quoniam
1315 2407 1487 2438 manum
1511 2407 1557 2438 se
1575 2393 1622 2437 in
1641 2392 1854 2439 «clericum

287 2470 453 2514 misisse
484 2472 757 2526 negaverunt,
789 2470 1004 2515 absolvere
1034 2474 1202 2515 coactus
1233 2472 1301 2515 sit.
1352 2470 1454 2516 Post
1482 2467 1722 2516 huiusmodi
1751 2484 1850 2517 eon-‘-

287 2549 513 2593 sessionem
543 2561 639 2592 cum
668 2548 962 2605 purgationem
984 2549 1247 2595 innocentiae
1273 2563 1374 2594 suae
1401 2549 1522 2594 nobis
1543 2547 1723 2606 offerret,
1754 2562 1849 2594 aee-

288 2627 417 2671 clesia
451 2628 542 2670 tota
578 2625 666 2670 fere
694 2625 971 2683 reclamante,
1009 2641 1094 2671 non
1122 2627 1279 2672 fuimus
1310 2627 1402 2672 ausi
1431 2641 1524 2672 eam
1554 2627 1720 2683 audire,
1757 2630 1851 2674 tum

289 2705 389 2762 quia
417 2703 700 2762 periculosum
727 2703 848 2748 nobis
878 2705 1017 2748 visum
1046 2705 1127 2749 fuit
1155 2709 1329 2763 propter
1355 2704 1593 2750 huiusmodi
1623 2705 1852 2750 confessio-'

288 2797 398 2838 nem,
428 2785 520 2826 tum
550 2781 649 2839 quia
677 2781 825 2826 talium
856 2795 1102 2826 excessuum
1131 2783 1361 2827 vindictam
1387 2782 1506 2827 vobis
1534 2781 1614 2826 soli
1634 2782 1846 2828 servastis.

288 2861 337 2904 In
366 2859 656 2904 malefactores
687 2862 828 2903 autem
857 2873 1014 2915 omnes,
1045 2863 1134 2904 tam
1159 2861 1463 2905 consentientes
1485 2874 1612 2917 quam
1630 2861 1845 2919 facientes,

385 2943 416 2978 1.
443 2941 537 2978 Iuni.
555 2942 613 2979 29.
636 2941 683 2979 V.
700 2951 784 2988 epp.
802 2941 871 2978 381
888 2944 926 2978 et
941 2942 1013 2979 385
1036 2952 1147 2989 supra
1169 2953 1206 2989 p.
1223 2943 1292 2979 512
1308 2945 1346 2980 et
1361 2942 1442 2980 517.
