1924 3288
603 192 802 223 wmALm
832 190 1054 223 EPISTOLA
1085 189 1156 220 239.
1575 176 1662 221 359

97 289 241 347 utique
261 288 624 333 sanctissimorum
648 301 696 331 ac
728 286 1150 344 sapientissimorum,
1182 285 1377 329 instituta
1401 288 1443 329 et
1462 284 1556 328 iura
1577 298 1663 328 ser·
1689 286 1782 323 1150

97 370 258 423 vantes,
288 366 383 410 illas
413 379 614 423 personas
645 365 821 421 diligere
852 378 901 408 ac
931 363 1159 408 sublimare
1188 376 1396 419 curemus,
1429 376 1509 419 que
1540 377 1566 407 a
1593 376 1664 408 ve-

97 448 208 490 strae
238 444 474 489 sanctitatis
505 443 794 488 misericordia
823 443 869 486 in
900 444 1190 486 sacrosanctae
1219 441 1369 486 matris
1389 444 1560 486 nostrae
1580 440 1663 485 Ro-

95 536 244 567 manae
280 522 479 567 ecclesiae
509 522 668 577 gremio
700 521 921 577 benignius
952 520 1245 575 confoventur,
1284 519 1394 564 sicut
1422 522 1563 564 vestra
1593 519 1664 563 be-

94 601 278 657 nignitas
309 614 394 656 eos,
427 613 530 657 quos
561 602 706 643 nostra
737 599 961 643 clementia
990 598 1255 655 propensiori
1282 598 1467 642 bonitate
1489 597 1664 642 evehere

94 679 304 735 dignatur,
335 678 541 722 honorare
573 681 615 721 et
645 676 902 734 amplificare
934 676 1114 720 sollicita
1145 679 1220 720 est.
1267 675 1325 720 Et
1355 675 1552 733 quoniam
1578 689 1663 720 non

93 757 311 801 inchoasse
341 759 406 800 set
435 756 660 813 perfecisse
679 756 849 799 virtutis
882 757 958 810 est,
991 754 1282 798 excellentiam
1302 758 1486 799 vestram
1515 754 1664 799 intime

92 835 278 891 rogando
317 847 558 890 monemus,
599 834 795 890 quatinus
835 833 982 877 eadem
1020 833 1240 877 benedicta
1270 836 1312 877 et
1340 833 1460 889 larga
1490 832 1665 877 dextera

92 916 254 969 vestra,
292 926 372 970 que
402 913 448 956 in
477 911 669 970 predicta
697 925 879 969 persona
908 911 1071 968 gratiae
1102 915 1145 956 et
1173 911 1344 955 honoris
1375 911 1486 955 bona
1513 911 1663 955 funda-

91 995 234 1036 menta
255 991 368 1047 iecit,
392 989 587 1035 edificare
608 990 661 1033 ad
680 990 915 1047 perfectum
937 1003 1023 1033 non
1044 990 1220 1044 abnuat;
1251 989 1461 1046 videlicet,
1484 989 1521 1033 si
1542 988 1662 1033 Colo-

91 1070 249 1114 niensis
263 1066 273 1086 ¹
310 1068 644 1113 misericordiam
672 1071 858 1112 vestram
895 1068 1123 1112 obtinuerit
1154 1071 1196 1112 et
1227 1066 1353 1111 officii
1384 1068 1451 1111 sui
1479 1067 1662 1125 plenitu-

93 1147 236 1192 dinem
264 1147 589 1204 recuperaverit,
620 1160 704 1190 non
734 1149 884 1190 noceat
914 1146 1143 1204 preposito,
1176 1146 1286 1202 quod
1317 1159 1342 1188 a
1363 1149 1506 1190 vestra
1535 1160 1663 1191 manu

92 1229 294 1283 tanquam
325 1239 351 1269 a
379 1225 494 1269 beati
523 1224 639 1268 Petri
669 1238 797 1268 manu
826 1224 1050 1268 investitus
1082 1227 1124 1268 et
1152 1227 1371 1281 promotus
1403 1227 1479 1268 est.

212 1302 408 1348 Ceterum
439 1303 538 1360 quia
556 1304 698 1347 vestra
726 1302 936 1358 discretio,
969 1303 1078 1346 sicut
1103 1302 1224 1346 nobis
1247 1303 1490 1359 scripsistis,
1523 1316 1662 1347 sacro-

92 1396 188 1426 rum
218 1395 424 1426 canonum
463 1383 505 1425 et
535 1383 703 1424 sanctae
732 1380 946 1424 Romanae
987 1380 1212 1425 aecclesiae
1248 1381 1533 1425 sanctionibus
1565 1395 1662 1425 con-

92 1460 222 1505 traire
241 1473 326 1503 non
346 1461 487 1517 potest
505 1471 583 1503 nec
604 1459 740 1515 debet,
770 1472 847 1502 nos
876 1459 928 1503 de
948 1458 1104 1503 talibus
1125 1459 1360 1503 statuendis
1383 1462 1424 1503 et
1442 1458 1662 1504 firmandis

93 1541 277 1583 vestram
296 1537 491 1582 nolumus
513 1536 739 1581 sollicitare
758 1537 1040 1595 prudentiam.
1089 1537 1163 1582 Set
1182 1541 1338 1594 tamen,
1371 1538 1482 1594 quod
1502 1537 1662 1582 firmari

92 1630 177 1661 non
207 1616 350 1672 debet,
389 1615 561 1660 tolerari
591 1618 751 1672 potest3
791 1618 840 1659 ut
878 1615 929 1660 de
968 1616 1292 1674 dispensationis
1329 1619 1662 1674 temperamento

92 1695 252 1739 fructus
267 1694 571 1752 multiplicetur
585 1693 631 1737 in
646 1694 1045 1751 recompensationis
1065 1694 1336 1738 incremento.
1364 1693 1454 1738 Hoc
1468 1698 1661 1752 propter-

95 1786 146 1817 ea
159 1772 350 1828 dicimus,
373 1772 484 1829 quod
502 1772 779 1827 incongruum
799 1785 890 1816 esse
912 1771 1134 1827 credimus,
1151 1775 1199 1815 ut
1219 1771 1371 1834 aliquis
1394 1772 1440 1815 in
1461 1772 1663 1817 aecclesia

93 1851 175 1895 Dei
205 1851 317 1894 circa
344 1849 454 1910 hanc
482 1862 727 1907 personam,
759 1863 885 1905 quam
915 1863 989 1893 vos
1022 1850 1293 1906 sublimastis,
1324 1851 1507 1906 rigorem
1538 1864 1662 1895 cano-

93 1942 197 1973 num
227 1928 348 1986 quasi
380 1927 556 1983 vestigia
585 1929 726 1971 vestra
755 1927 964 1984 sequendo
996 1930 1150 1984 teneat,
1186 1928 1231 1971 in
1263 1927 1356 1972 aliis
1386 1942 1486 1973 vero
1517 1942 1661 1986 perso-

93 2008 174 2063 nis,
206 2020 308 2064 quas
329 2019 404 2050 vos
433 2005 651 2061 ignoratis,
682 2018 760 2062 pro
791 2005 965 2049 arbitrio
993 2019 1067 2049 suo
1087 2006 1289 2050 remittat.
1334 2006 1379 2050 Si
1401 2020 1499 2062 ergo
1522 2007 1662 2064 aliqua

94 2084 296 2130 aecclesia
323 2084 419 2142 pari
439 2087 536 2127 voto
569 2086 611 2127 et
639 2083 829 2126 unanimi
852 2097 1025 2127 assensu
1047 2084 1226 2128 eundem
1245 2084 1398 2140 virum,
1430 2088 1478 2128 ut
1499 2085 1662 2129 auferat

94 2160 365 2221 obprobrium
389 2162 492 2217 eius,
515 2161 829 2218 apprehendere
848 2161 1042 2218 voluerit,
1062 2165 1180 2206 tanto
1202 2162 1370 2207 debebit
1389 2163 1501 2206 circa
1519 2163 1660 2220 ipsum

94 2241 232 2297 gratia
269 2240 551 2298 dispensantis
592 2252 682 2283 0880
717 2238 977 2296 inclinatior,
1018 2243 1172 2297 quanto
1204 2241 1363 2284 cercius
1395 2241 1661 2297 cognoscitur

95 2322 259 2364 vestrae
286 2318 500 2362 sanctitati
519 2331 596 2374 pro
617 2319 785 2361 nostrae
806 2317 1040 2362 dilectionis
1060 2319 1301 2363 interventu
1322 2333 1414 2363 esse
1436 2320 1656 2377 acceptior.

214 2395 422 2452 Ceterum,
454 2395 562 2439 sicut
591 2395 782 2452 proxime
814 2395 1114 2440 sublimitatem
1145 2404 1329 2441 vestram
1359 2397 1507 2441 intime
1537 2411 1658 2453 roga-

96 2476 231 2519 vimus
240 2471 269 2531 ²,
309 2474 505 2531 quatinus
537 2473 745 2530 quendam
773 2472 952 2517 liberum
981 2474 1194 2519 hominem
1224 2478 1417 2518 nostrum
1448 2474 1656 2531 Ottonem,

97 2552 169 2610 qui
185 2552 297 2611 apud
310 2554 496 2596 vestram
512 2551 807 2595 discretionem
823 2550 1046 2595 infamatus
1064 2555 1139 2608 est,
1157 2553 1267 2609 quod
1285 2553 1502 2596 cuiusdam
1518 2553 1658 2597 clerici

96 2630 455 2686 Virzeburgensis,
477 2628 687 2673 Counradi
707 2628 915 2684 videlicet,
947 2642 1097 2673 nasum
1117 2629 1388 2686 truncaverit,
1418 2631 1469 2674 ab
1491 2644 1657 2675 excom-

97 2708 392 2764 municatione,
411 2721 493 2765 qua
506 2721 583 2765 pro
604 2707 682 2750 hoc
702 2706 927 2750 innodatus
950 2709 1025 2762 est,
1043 2707 1202 2751 absolvi
1216 2708 1424 2763 faceretis,
1447 2709 1656 2765 quoniam,

99 2786 151 2830 ab
182 2786 327 2830 eodem
354 2785 502 2830 clerico
525 2798 650 2842 super
672 2784 818 2828 eadem
837 2798 884 2829 re
903 2784 948 2827 in
968 2788 1113 2829 nostra
1132 2786 1249 2829 curia
1268 2785 1473 2842 pulsatus,
1503 2787 1656 2831 iudicio

99 2864 235 2919 gentis
266 2878 340 2907 sue
370 2867 413 2908 et
435 2863 548 2908 curie
568 2866 724 2918 nostre,
757 2863 865 2919 quod
895 2863 1094 2907 innocens
1126 2866 1248 2920 esset,
1279 2864 1514 2908 iuramento
1545 2878 1656 2909 com-

195 2975 229 3012 1.
254 2974 552 3023 archiepiscopus
574 2973 762 3012 Arnoldus
785 2974 816 3011 1.
864 2986 867 2989 ·
911 2975 948 3011 2.
971 2985 1008 3011 v.
1030 2984 1088 3023 ep.
1106 2975 1174 3011 231
1200 2985 1311 3022 supra
1333 2985 1371 3023 p.
1387 2975 1468 3015 351.
