1924 3288
523 207 722 238 wmALm
750 206 1002 239 EPISTOLAE
1029 206 1101 238 193.
1125 206 1198 237 194.
1557 195 1644 239 313

81 300 196 350 193.
225 303 441 347 conradus
460 302 534 346 III
553 319 629 346 rex
660 304 712 347 ab
743 303 936 361 Euyenio
957 302 1029 347 ΙΙΙ
1044 320 1167 362 papa
1190 304 1308 362 petit,
1344 311 1390 347 ut
1421 304 1461 347 T
1456 303 1645 348 hiebaldo

223 382 345 426 electo
354 383 598 440 praeposito
614 381 820 425 Xantensi
835 381 942 425 hanc
958 383 1197 439 diqnitatem
1213 381 1412 441 conferat.
1443 380 1515 436 (M.
1529 381 1645 437 175.)

192 469 368 516 Litteris
398 471 667 529 paternitatis
697 474 875 527 vestrae,
911 471 1048 529 plenis
1077 471 1261 528 piissimi
1291 470 1478 528 affectus,
1508 471 1646 530 plenis
1673 480 1765 516 1149

73 549 265 595 laeticiae
295 553 338 594 et
366 549 674 606 gratulationis,
705 563 783 606 per
814 549 941 593 aliam
964 550 1165 607 paginam
1187 553 1229 594 et
1248 564 1325 607 per
1346 550 1451 594 alios
1470 550 1647 594 nuncios

73 627 240 686 plenius
270 627 524 685 respondere
555 627 830 683 decrevimus,
864 630 906 671 et
936 628 987 671 de
1016 631 1159 672 nostro
1183 631 1296 672 statu
1317 641 1366 672 ac
1385 629 1507 684 regni
1525 629 1647 673 nobis

75 720 102 750 a
119 706 211 750 Deo
240 706 427 750 concessi
459 705 722 749 ordinatione
745 705 933 762 pressius
955 706 1161 762 quaedam
1181 707 1464 762 magnitudini
1482 710 1648 752 vestrae

74 785 283 828 intimare.
327 784 401 828 Set
425 784 613 828 fervente
633 783 806 827 interim
826 797 911 826 non
931 781 1027 827 ficte
1049 784 1162 828 circa
1180 799 1256 828 vos
1275 785 1472 829 karitatis
1494 786 1647 842 studio,

74 863 378 907 beatitudinem
406 865 593 907 vestram
622 860 743 905 filiali
773 875 821 905 ac
852 862 1016 906 sincera
1046 862 1268 907 dilectione
1300 863 1544 920 salutantes,
1576 863 1649 908 ob-

74 942 174 986 nixe
203 955 414 998 rogamus,
445 944 494 984 ut
523 940 664 998 prima
692 944 790 997 post
818 940 1003 984 reditum
1032 944 1225 985 nostrum
1255 942 1410 999 peticio
1443 942 1556 999 apud
1576 956 1648 986 ve-

76 1022 209 1064 stram
253 1019 540 1064 sinceritatem
586 1018 864 1062 exauditionis
911 1019 1072 1062 aditum
1116 1020 1315 1064 inveniat.
1387 1020 1648 1065 Coloniensis

76 1098 415 1156 archiepiscopus
429 1095 439 1115 ¹
470 1097 522 1141 ab
554 1095 689 1140 officio
723 1096 952 1154 episcopali
983 1111 1008 1141 a
1030 1101 1172 1142 vestra
1203 1099 1388 1155 equitate
1420 1113 1648 1156 suspensus

76 1180 160 1232 est3
192 1179 318 1234 atque
348 1175 442 1220 ideo
474 1176 528 1220 ad
557 1178 723 1220 vestrae
752 1189 901 1219 manus
933 1176 1241 1221 ordinationem
1272 1177 1485 1234 pertinere
1516 1178 1649 1221 credi-

75 1269 183 1312 mus,
216 1254 414 1312 quicquid
443 1252 695 1312 pontificalis
728 1257 770 1298 et
800 1254 990 1298 canonici
1019 1254 1125 1298 iuris
1156 1255 1202 1298 in
1227 1256 1439 1313 episcopio
1461 1270 1536 1299 suo
1559 1270 1650 1300 esse

76 1333 319 1378 dinoscitur.
369 1332 428 1376 Et
458 1332 657 1389 quoniam
682 1331 920 1376 Xantenses
951 1332 1094 1377 clerici
1124 1337 1222 1391 post
1253 1333 1415 1377 obitum
1445 1335 1651 1392 prepositi

76 1412 143 1456 sui
170 1410 414 1466 B(runonis)
445 1411 541 1469 pari
570 1411 659 1455 fere
691 1409 842 1455 affectu
873 1414 915 1454 et
945 1425 1129 1456 consona
1158 1425 1259 1456 voce
1289 1411 1424 1456 filium
1447 1416 1651 1470 vestrm,

76 1492 268 1534 nostrum
284 1488 445 1534 scilicet
459 1490 658 1534 dilectum
674 1489 968 1547 cappellanum
985 1490 1310 1547 T(hiebaldum),
1328 1491 1373 1534 in
1387 1492 1651 1549 prepositum

77 1568 158 1612 sibi
197 1567 431 1625 elegerunt,
472 1569 658 1626 exceptis
694 1568 983 1626 paucissimiS,
1025 1582 1202 1626 quorum
1235 1573 1350 1613 aetas
1383 1572 1425 1613 et
1455 1569 1651 1614 discretio

76 1647 122 1691 in
151 1646 279 1691 nullis
309 1647 501 1691 habenda
532 1650 609 1704 est,
641 1647 944 1703 benignitatem
965 1650 1150 1691 vestram
1175 1650 1333 1691 attente
1354 1648 1561 1692 monendo
1581 1662 1650 1692 ro-

77 1739 239 1782 gamus,
270 1728 318 1769 ut
347 1725 582 1783 predictam
611 1725 923 1783 preposituram
952 1739 1030 1782 pro
1062 1729 1206 1769 nostre
1237 1726 1474 1770 dilectionis
1494 1727 1651 1770 intuitu

78 1803 370 1861 prenominato
392 1803 542 1847 clerico
563 1806 707 1847 nostro
728 1803 917 1847 conferre
938 1817 1023 1847 non
1041 1804 1248 1861 abnuatis,
1271 1818 1395 1861 quem
1411 1804 1650 1861 aliquando,

78 1884 254 1925 vacante
274 1884 375 1925 tunc
394 1881 675 1939 prepositura,
700 1881 856 1938 absque
876 1881 964 1925 ulla
983 1881 1280 1926 reclamatione
1304 1882 1517 1938 elegerant
1535 1882 1651 1927 Xan-

79 1961 210 2004 tensis
243 1959 469 2004 aecclesiae
500 1959 701 2003 canonici.
748 1959 939 2004 Eandem
968 1961 1280 2018 preposituram
1313 1961 1495 2005 obtinuit
1519 1975 1650 2018 quon-

80 2039 178 2082 dam
208 2038 261 2083 H.
299 2039 561 2097 prepositus,
599 2040 816 2096 prestante
852 2038 932 2082 sibi
962 2038 1096 2082 bonae
1126 2039 1354 2082 memoriae
1383 2052 1497 2096 papa
1526 2039 1650 2083 Inno-

81 2117 218 2161 centio
226 2113 255 2174 ²,
285 2130 380 2161 cum
401 2113 618 2161 defuncto³
638 2116 815 2172 Hugone
836 2116 1148 2174 archiepiscopo
1170 2116 1430 2161 Coloniensis
1452 2118 1652 2162 cathedra

81 2198 271 2251 vacaret3
304 2196 416 2252 quod
446 2196 574 2239 etiam
604 2194 733 2238 simili
763 2195 899 2238 forma
918 2198 1084 2238 vestrae
1107 2195 1322 2239 sanctitati
1340 2195 1468 2240 licere
1490 2199 1532 2241 et
1552 2210 1650 2240 con-

82 2274 225 2318 venire
253 2287 340 2319 non
370 2272 622 2318 dubitamus.

88 2415 203 2462 194.
230 2417 442 2462 Wibaldus
464 2417 649 2461 Gnidom·
678 2417 923 2459 cancellario
952 2417 1103 2475 papali
1131 2418 1282 2472 scribit,
1316 2424 1424 2475 ayat,
1458 2424 1504 2459 ut
1530 2417 1648 2460 Thie-

232 2496 354 2540 baldo
381 2496 676 2554 praepositura
706 2495 931 2537 Xantensis
962 2495 1220 2537 concedatur.
1439 2492 1510 2547 (M.
1533 2494 1648 2548 176.)

201 2585 444 2629 Reverendo
474 2586 588 2643 patri
618 2598 693 2628 suo
726 2587 768 2627 et
797 2583 964 2627 domino
997 2582 1212 2638 Gui(doni)
1246 2586 1414 2628 sanctae
1437 2582 1650 2627 Romanae
1676 2589 1767 2625 1149

85 2663 311 2707 aecclesiae
343 2663 546 2707 cardinali
577 2657 774 2705 diacono⁴
804 2661 1059 2719 apostolicae
1098 2661 1208 2705 sedis
1241 2661 1488 2705 cancellario
1519 2661 1650 2705 frater
1682 2639 1757 2677 Aug'

84 2740 336 2795 W(ibaldus)
376 2740 458 2785 Dei
498 2740 635 2796 gratia
664 2740 730 2796 id,
769 2740 880 2796 quod
918 2742 982 2783 est
1017 2739 1063 2782 in
1102 2739 1303 2783 aecclesia
1339 2738 1563 2795 catholica,
1604 2753 1649 2783 se

84 2819 226 2875 ipsum
257 2821 299 2862 et
328 2832 416 2862 sua.

183 2912 215 2947 1.
247 2911 434 2949 Arnoldus
458 2912 489 2949 1.
594 2912 629 2948 2.
661 2911 709 2947 II.
818 2911 853 2946 3.
886 2910 977 2946 1137
1002 2909 1098 2947 Iuni.
1115 2910 1174 2946 30.
1281 2910 1316 2946 4.
1348 2909 1414 2946 SS.
1434 2910 1588 2947 Cosmae
1611 2913 1650 2947 et

85 2970 266 3007 Damiani.
