1924 3288
515 159 734 197 'WIBALDI
762 166 1012 198 EPISTOLAE
1045 165 1115 197 348.
1138 166 1208 196 349.
1563 155 1651 198 483

86 257 281 315 draginta
317 258 406 303 dies
436 264 534 317 post
563 261 931 305 commonitionem
961 257 1182 306 memorati
1211 261 1355 305 fratris
1386 261 1521 304 nostri
1551 261 1651 316 A(r-
1679 263 1771 300 1152

84 335 218 392 noldi)
263 337 568 396 archiepiscopi
605 339 735 383 vestri
773 339 1059 396 possessiones
1096 340 1211 397 ipsas
1250 339 1387 383 eidem
1426 338 1651 382 aecclesiae

83 414 366 472 restituerint,
407 416 714 461 ecclesiasticae
752 417 1127 462 animadversionis
1163 430 1364 462 censurae
1395 417 1650 462 subiaceant.

83 490 198 536 Data
226 491 396 549 Signiae
427 496 454 538 6
485 493 582 538 Idus
613 494 811 539 Ianuarii.

86 632 204 682 349.
231 636 447 695 Euqenius
466 638 550 682 III
575 654 697 697 papa
731 640 922 682 Conrado
951 638 1026 682 III
1054 640 1144 696 reyi
1180 640 1387 699 siqnificat
1423 639 1472 682 de
1510 638 1654 696 leyatis

232 716 318 758 eius
347 717 518 774 beniqne
547 719 738 774 receptis,
779 718 830 759 de
862 717 1048 759 Arnoldo
1081 717 1390 774 archiepiscopo
1424 717 1655 759 Coloniensi

232 794 494 851 confirmato,
537 795 587 837 de
618 795 861 852 Moquntino
900 802 938 837 et
973 795 1186 837 Bremensi
1217 794 1533 852 archiepiscopis
1565 809 1652 837 am-

226 871 382 928 pliatis.
1435 870 1507 925 (M.
1533 871 1652 925 327.)

201 957 429 1003 Domnus
468 973 601 1018 papa
630 960 938 1017 E(ugenius)
971 960 1312 1004 Romanorum
1350 961 1465 1016 regi
1496 959 1653 1015 C(on-

82 1035 245 1091 rado)

201 1114 366 1167 Quanto
396 1115 537 1173 sepius
568 1115 619 1160 de
649 1116 951 1160 incolumitatis
976 1119 1074 1160 tuae
1096 1119 1210 1160 statu
1231 1118 1273 1159 et
1292 1116 1403 1160 bona
1422 1115 1651 1171 voluntate,

84 1205 211 1249 quam
247 1207 348 1249 erga
385 1193 554 1237 beatum
592 1193 787 1250 Petrum,
828 1194 1012 1239 celorum
1051 1194 1172 1250 regni
1210 1193 1486 1249 clavigerum,
1527 1197 1651 1250 atque

82 1273 262 1317 matrem
291 1274 408 1315 tuam
441 1275 749 1316 sacrosanctam
769 1271 1004 1316 Romanam
1035 1271 1279 1316 aecclesiam
1310 1286 1455 1327 gerere
1487 1272 1651 1327 diceris,

82 1361 160 1406 per
178 1348 341 1393 litteras
363 1352 404 1393 et
423 1350 597 1393 nuncios
618 1349 952 1405 magnificentiae
973 1353 1071 1394 tuae
1092 1350 1353 1405 instruimur,
1378 1353 1496 1393 tanto
1516 1350 1652 1406 magis

83 1439 133 1471 ac
169 1427 305 1483 magis
340 1427 541 1483 gaudium
572 1430 614 1472 et
642 1427 853 1472 laeticiam
883 1429 928 1471 in
957 1428 1114 1472 nostris
1145 1428 1356 1472 mentibus
1389 1428 1534 1471 diebus
1566 1428 1652 1471 sin-

82 1503 190 1561 gulis
229 1508 543 1562 augmentatur,
583 1519 654 1550 cor
690 1509 883 1550 nostrum
914 1506 966 1550 ad
998 1520 1183 1550 amorem
1212 1509 1334 1550 tuum
1363 1505 1652 1550 vehementius

82 1581 234 1627 affectu
261 1586 438 1641 paterno
470 1584 711 1628 accenditur
742 1587 784 1628 et
815 1584 869 1628 ad
900 1584 1183 1628 exaudiendas
1213 1583 1517 1642 postulationes
1541 1587 1651 1640 tuas,

81 1660 127 1706 in
157 1664 361 1718 quantum
391 1675 486 1706 cum
517 1661 607 1706 Deo
638 1676 884 1719 possumus,
921 1676 1042 1706 aures
1073 1662 1289 1706 benivolas
1323 1662 1649 1706 commodamus.

81 1737 183 1783 Inde
204 1742 281 1795 est,
307 1739 419 1796 quod
437 1740 676 1784 venientem
695 1740 871 1784 fratrem
890 1743 1083 1784 nostrum
1101 1739 1339 1784 Arnoldum
1359 1739 1649 1784 Coloniensem

82 1807 443 1875 archiepiscopum
475 1821 518 1861 et
547 1817 721 1862 dilectos
740 1817 849 1862 filios
870 1821 1036 1862 nostros
1058 1817 1332 1873 W(ibaldum)
1355 1817 1651 1862 Corbeiensem

81 1893 275 1939 abbatem
307 1898 349 1939 et
377 1895 627 1951 magistrum
647 1895 927 1950 H(einricum)
958 1895 1170 1939 notarium
1200 1899 1334 1951 tuum,
1367 1909 1470 1952 quos
1502 1896 1556 1939 ad
1576 1909 1651 1939 no·

81 1974 213 2019 stram
242 1961 500 2030 presentiam
530 1975 603 2017 tua
641 1974 844 2018 serenitas
883 1973 1130 2029 destinavit,
1170 1976 1383 2030 tamquam
1422 1973 1650 2030 prudentes

82 2053 124 2096 et
158 2050 388 2095 industrios
427 2052 540 2095 viros
579 2051 720 2096 debita
756 2051 1014 2108 benignitate
1046 2051 1327 2108 suscepimus,
1359 2051 1533 2095 honeste
1563 2054 1650 2096 tra—

81 2129 306 2184 ctavimus,
339 2132 381 2173 et
409 2129 684 2187 petitionibus
711 2130 810 2186 tuis,
843 2143 946 2186 quas
968 2131 1010 2172 et
1028 2128 1182 2172 litteris
1203 2132 1245 2172 et
1267 2143 1410 2173 eorum
1431 2130 1528 2174 viva
1548 2143 1650 2174 voce

79 2205 379 2263 intelleximus,
416 2206 524 2250 sicut
553 2207 703 2250 honori
731 2206 812 2250 Dei
843 2210 885 2250 et
914 2206 1034 2263 regni
1063 2206 1239 2250 utilitati
1270 2207 1468 2265 expedire
1498 2220 1649 2264 cogno-

80 2283 232 2340 vimus,
263 2287 430 2339 gratum
464 2298 680 2328 assensum
709 2284 967 2342 prebuimus.
1009 2283 1251 2328 Predictum
1271 2299 1452 2342 namque
1473 2285 1648 2329 fratrem

80 2364 290 2418 nostrum,
329 2361 428 2406 licet
462 2362 642 2406 invitum
673 2365 714 2406 et
744 2362 995 2406 renitentem
1027 2366 1152 2419 atque
1182 2362 1452 2406 lacrimarum
1484 2364 1647 2420 copiam

81 2438 381 2496 effundentem,
424 2440 477 2483 ad
514 2439 765 2497 pontificalis
805 2440 1021 2495 dignitatis
1062 2440 1224 2497 apicem
1260 2440 1440 2484 Domino
1480 2444 1648 2484 auctore

79 2517 387 2574 promovimus3
420 2521 462 2562 et
481 2517 787 2561 venerabilibus
808 2517 1009 2561 fratribus
1040 2518 1196 2562 nostris
1218 2517 1449 2573 H(einrico)
1472 2518 1647 2574 Magun-

79 2595 169 2645 tino
201 2598 243 2639 et
273 2595 493 2650 A(rtwico)
525 2594 742 2639 Bremensi
774 2595 1098 2653 archiepiscopis
1129 2595 1312 2653 prefixos
1343 2595 1545 2640 terminos
1576 2610 1646 2640 ve-

80 2672 224 2716 niendi
255 2673 308 2717 ad
337 2687 413 2717 nos
438 2673 800 2731 prolongavimus;
833 2676 875 2716 et
903 2676 992 2716 tam
1022 2673 1136 2730 ipsos
1169 2687 1295 2730 quam
1316 2673 1419 2717 alios
1442 2674 1646 2731 archiepi-

81 2763 229 2807 scopos
251 2751 468 2809 episcopos
490 2751 578 2794 sive
598 2750 810 2808 principes
830 2750 950 2806 regni
970 2751 1033 2794 tui
1054 2750 1108 2794 ad
1128 2751 1348 2795 servitium
1368 2754 1489 2794 tuum
1511 2755 1552 2795 et
1574 2765 1646 2796 ex-

79 2827 349 2885 peditionem,
366 2843 491 2886 quam
509 2828 562 2873 ad
577 2828 777 2873 honorem
790 2827 892 2873 Dei⁶
910 2831 952 2872 et
967 2827 1193 2873 aecclesiae
1209 2842 1308 2874 suae
1330 2833 1499 2875 sanctae
1521 2832 1645 2886 atque

177 2933 204 2954 a.
230 2923 289 2955 Dei
311 2924 432 2956 addidi.

1283 2981 1360 3018 31*

1679 313 1741 344 Ian.
1754 314 1773 343 8

1680 965 1771 1001 1152

1682 1014 1742 1044 Ian.
1756 1015 1774 1044 9
