1890 3216
593 756 1071 823 PROOEMIUM.

54 1007 144 1081 Ex
180 1029 372 1080 assidua
406 1031 709 1097 repetitaque
742 1047 921 1094 earum,
961 1047 1084 1097 quae
1109 1031 1291 1082 fontem
1316 1047 1616 1096 cognoscen-

55 1124 223 1176 darum
256 1141 419 1176 rerum
456 1131 698 1191 gestarum
734 1128 997 1190 continent,
1035 1128 1303 1177 litterarum
1334 1128 1619 1178 tractatione

57 1225 285 1288 quantum
321 1226 547 1273 nascatur
582 1224 798 1274 utilitatis
811 1264 823 1286 ,
862 1224 1132 1290 quibusque
1168 1224 1316 1287 igitur
1353 1223 1620 1274 rationibus

58 1317 252 1368 omnino
289 1319 523 1385 impulsus
549 1319 708 1370 denuo
733 1323 899 1370 vetera
922 1320 1108 1386 patriae
1133 1323 1445 1370 monumenta
1468 1320 1619 1371 histo-

56 1413 160 1464 rica
194 1414 492 1481 susceperim
526 1416 811 1480 colligenda,
852 1431 1138 1483 expromere
1168 1432 1278 1467 cum
1301 1431 1393 1466 nec
1417 1416 1536 1466 mihi
1562 1416 1624 1466 sit

57 1510 109 1560 in
135 1511 294 1561 animo
319 1527 411 1561 nec
436 1511 607 1562 lectori
625 1513 915 1577 intelligenti
932 1512 1274 1574 necessarium,
1299 1512 1470 1579 paucis
1490 1528 1622 1563 com-

58 1622 326 1657 memorare
363 1608 478 1663 satis
514 1608 685 1670 habeo,
725 1625 869 1674 quam
906 1608 967 1659 ad
1002 1624 1221 1659 normam
1255 1612 1308 1658 ut
1330 1608 1625 1659 bibliotheca

58 1702 237 1753 haecce
276 1703 564 1767 dirigeretur
599 1705 851 1770 placuerit.
909 1705 1222 1771 Amplissimo
1252 1705 1382 1755 enim
1406 1705 1477 1754 illi
1515 1721 1623 1755 cor-

59 1799 182 1865 pori,
218 1799 347 1864 quod
378 1799 657 1850 inscribitur
688 1801 1027 1862 „Monumenta
1050 1799 1336 1851 Germaniae
1361 1801 1619 1852 historica“

61 1895 294 1961 cuiusque
333 1895 507 1946 edendi
545 1897 730 1947 socium
770 1897 1043 1963 complures
1070 1876 1223 1947 annos
1248 1913 1326 1947 me
1351 1897 1500 1948 fuisse
1524 1897 1624 1948 lae-

0 1991 6 1998 ’
61 1993 159 2053 tor,
208 2007 318 2042 cum
364 2007 422 2042 ea
467 1993 529 2041 sit
572 1993 651 2042 lex
698 1995 896 2054 statuta,
953 1996 1005 2041 ut
1049 2008 1148 2042 non
1195 1993 1340 2043 modo
1389 1993 1625 2059 quinque-

62 2086 288 2153 partitum
311 2088 362 2137 in
384 2087 670 2154 ScriptoreS,
705 2088 876 2151 LegeS,
899 2087 1157 2154 EpistolaS,
1178 2088 1466 2155 Diplomata,
1486 2089 1626 2139 Anti-

65 2183 268 2248 quitates
315 2187 691 2250 proponeretur,
747 2200 916 2233 verum
973 2183 1116 2233 etiam
1170 2185 1403 2250 temporis
1458 2185 1627 2236 ordine

65 2278 318 2329 observato
355 2282 503 2330 totam
537 2280 787 2329 materiem
817 2295 951 2329 suam
977 2279 1203 2344 quodque
1230 2280 1494 2330 eorundem
1518 2281 1626 2331 illo-

65 2390 171 2424 rum
207 2375 369 2441 operis
407 2375 730 2425 membrorum
777 2374 1231 2441 comprehenderet,
1279 2376 1473 2426 circiter
1510 2391 1627 2442 qua—

68 2469 286 2534 draginta
320 2474 431 2536 post
467 2471 604 2520 annis
633 2471 683 2520 id
722 2471 943 2520 evenisse
970 2470 1202 2532 videmuS,
1239 2474 1292 2520 ut
1329 2486 1389 2521 ex
1415 2471 1628 2537 quinque

67 2565 281 2631 partibus
318 2566 518 2616 duarum
553 2567 649 2616 iam
681 2565 854 2632 perdiu
881 2566 1206 2631 inceptarum:
1247 2565 1545 2632 Scriptorum
1582 2570 1631 2617 et

67 2658 264 2724 Legum,
301 2677 460 2727 neque
498 2678 593 2712 una
630 2661 784 2711 adhuc
821 2677 980 2727 neque
1019 2662 1168 2711 altera
1202 2661 1417 2727 perfecta
1452 2662 1527 2724 sit,
1572 2678 1628 2714 ac

68 2755 359 2822 reliquarum
403 2757 611 2823 partium
653 2758 797 2806 trium
850 2772 913 2806 ne
966 2757 1154 2806 initium
1210 2755 1404 2822 quidem
1448 2761 1626 2809 natum.

69 2849 235 2917 Neque
274 2868 372 2914 eoS,
412 2853 493 2917 qui
531 2853 800 2917 gratissimo
830 2852 1090 2902 Boehmeri
1117 2852 1354 2902 beneficio
1381 2852 1629 2916 debentur,
