1924 3288
575 179 774 211 wmALm
803 178 1022 210 EP1s'r0LA
1050 178 1099 207 31.
1532 163 1615 207 109

54 278 98 320 et
134 274 359 320 clementer
395 287 492 318 eum
529 274 673 318 divina
710 274 925 318 miseratio
964 272 1197 330 protexerit
1236 271 1536 316 confortaverit
1576 273 1617 314 et
1642 273 1732 309 1147

54 365 181 411 quam
222 352 402 409 gloriose
446 352 498 396 de
536 352 787 396 bellantibus
833 352 878 395 in
916 365 1011 395 eum
1048 349 1309 407 triumphare
1348 349 1614 403 concesserit,

53 430 205 488 gaudio
234 444 327 474 meo
358 430 528 474 modum
560 434 622 474 et·
642 430 870 474 terminum
890 429 1012 472 facile
1033 442 1117 472 non
1137 428 1292 472 inveni.
1339 427 1458 471 Non¹³
1481 426 1617 470 solum

55 512 214 565 antem,
253 512 319 553 set
356 511 398 553 et
435 509 535 565 quia
570 507 793 566 probitatis
833 507 1074 562 sagacitatis
1105 506 1273 551 virtutis
1312 509 1354 550 et
1383 505 1615 548 industriae

53 590 150 632 tuae
186 587 384 645 preconia
413 590 502 630 tam
532 586 577 630 in
606 586 779 641 litteriS,
823 586 847 628 a
877 585 1076 629 fratribus
1108 585 1265 628 nostris
1298 583 1616 627 Stabulensibus

54 665 108 710 ad
142 666 372 710 eminentes
403 664 449 708 in
479 664 680 708 aecclesia
711 666 752 707 et
782 663 827 706 in
857 677 985 719 regno
1016 677 1093 720 pro
1125 666 1167 706 te
1197 675 1400 720 personas
1432 661 1616 716 directis,

53 743 349 788 nichilominus
381 742 432 786 ab
457 742 664 800 episcopis
687 741 906 786 abbatibus
929 741 1320 796 congregationibus
1343 739 1616 784 conventibus

53 821 341 866 testimonium
386 821 431 864 in
472 820 517 864 id
553 821 693 878 ipsum
734 819 1072 877 perhibentibuS,
1121 822 1162 862 et
1198 819 1385 862 vicissim
1424 817 1475 861 ab
1513 817 1618 874 ipsis

54 899 251 944 maximis
280 899 471 957 personis
501 899 580 943 tibi
609 898 859 953 faventibus,
895 911 973 955 pro
1004 900 1046 940 te
1078 897 1370 952 scribentibus,
1403 899 1445 940 te
1474 896 1619 951 foven-

55 978 166 1022 tibus
183 1002 239 1008 —
258 977 368 1034 quia,
400 978 586 1033 inquam,
617 976 662 1019 in
690 976 878 1034 epistolis
899 975 1003 1019 talia
1021 975 1128 1031 lego,
1162 978 1365 1031 quantum
1387 987 1458 1018 cor
1478 987 1620 1017 meum

54 1055 308 1114 tripudiare,
341 1058 543 1112 quantum
575 1055 743 1099 sibimet
773 1053 1028 1111 applaudere
1060 1067 1185 1110 super
1215 1053 1314 1108 hoc,
1348 1053 1447 1109 quia
1478 1051 1620 1108 quale-

56 1146 232 1191 cumque
267 1133 586 1178 fundamentum
623 1132 797 1176 videbar
831 1133 877 1175 in
906 1131 1075 1175 homine
1105 1131 1182 1174 tali
1211 1131 1422 1189 posuisse,
1461 1131 1507 1173 in
1539 1143 1619 1186 quo

55 1215 175 1257 tanta
213 1211 414 1256 celsitudo
452 1211 686 1255 laudandae
723 1211 947 1268 probitatis
987 1210 1241 1254 surrexisset
1279 1212 1321 1253 et
1352 1208 1618 1263 excrevisset,

56 1290 212 1348 scripto
242 1290 310 1335 vel
340 1290 450 1334 dicto
481 1289 718 1333 nullatenus
750 1289 986 1346 exprimere
1017 1288 1148 1332 valeo.
1199 1288 1331 1331 Taceo
1354 1287 1405 1331 de
1426 1286 1621 1330 Tulliana

57 1368 312 1425 eloquentia,
350 1371 439 1412 tam
475 1371 549 1411 tua
587 1381 713 1424 quam
750 1367 893 1410 fratris
924 1366 1132 1420 R(oberti)
1166 1365 1427 1410 Stabulensis
1459 1364 1618 1418 decani,

57 1447 130 1504 qui
164 1460 241 1491 nos
281 1446 504 1503 aliquando
533 1445 829 1489 nichilominus
862 1444 1167 1502 aliquantisper
1199 1444 1378 1499 audivit,
1419 1457 1545 1499 quam
1574 1443 1620 1486 in

58 1525 216 1569 eisdem
255 1538 348 1568 sum
383 1524 536 1568 litteris
575 1523 842 1578 ammiratus;
891 1523 959 1566 cui
997 1526 1109 1566 certe
1150 1522 1246 1566 stilo
1284 1534 1514 1579 paucorum
1553 1519 1621 1564 vel

59 1603 348 1660 antiquorum,
386 1616 471 1646 non
510 1602 601 1646 dico
631 1602 951 1657 modernorum,
992 1601 1113 1644 stilus
1144 1614 1237 1644 meo
1268 1600 1421 1643 iudicio
1453 1599 1621 1642 videtur

59 1695 149 1725 esse
179 1680 379 1739 prelatus·
426 1679 561 1736 Haec,
592 1680 778 1736 inquam,
810 1680 952 1723 omnia
983 1682 1025 1723 et
1055 1682 1194 1722 cetera
1224 1678 1370 1734 multa,
1394 1703 1449 1708 —
1474 1691 1620 1734 super-

59 1759 182 1802 sedeo
212 1758 336 1816 plura
366 1758 561 1814 scribere,
592 1772 645 1802 ne
673 1758 765 1814 quis
786 1758 894 1802 forte
917 1757 1011 1815 plus
1032 1757 1293 1800 inmoderato
1314 1756 1462 1811 favori,
1496 1769 1620 1812 quem

58 1837 103 1891 in
124 1836 441 1880 dilectissimum
463 1836 644 1879 amicum
664 1835 853 1891 habeam,
879 1849 1005 1892 quam
1025 1835 1195 1879 veritati
1215 1834 1317 1878 velit
1338 1834 1545 1878 ascribere
1563 1858 1618 1863 —

58 1915 218 1959 faciunt
255 1928 322 1958 me
353 1913 562 1969 colletari,
599 1914 759 1957 faciunt
789 1914 1021 1957 anxietates
1052 1916 1345 1971 paupertatem
1374 1912 1621 1968 laboresque

58 2006 173 2037 meos
209 1992 342 2036 levius
381 1992 581 2047 tolerare,
623 1992 723 2047 dum
761 1995 803 2036 et
840 1991 960 2035 illum
999 1991 1214 2035 considero
1254 1991 1305 2035 de
1336 1991 1466 2034 tantis
1497 1990 1620 2034 malis

59 2071 260 2114 divinitus
299 2070 549 2114 mirabiliter
590 2070 701 2127 apud
739 2083 835 2114 suos
874 2073 1039 2114 erutum
1075 2073 1136 2125 et,
1176 2070 1283 2112 sicut
1314 2070 1527 2127 auspicor,
1568 2068 1622 2112 ad

58 2163 199 2193 meum
237 2148 417 2206 speciale
456 2148 657 2191 solacium
693 2148 858 2192 divinae
889 2148 1154 2205 providentia
1183 2148 1354 2205 pietatis
1385 2148 1430 2190 in
1462 2146 1620 2190 divitiis

61 2230 103 2272 et
133 2226 389 2270 sublimitate
420 2226 636 2281 dignitatis
656 2226 777 2269 iuxta
796 2240 863 2270 me
876 2223 886 2243 ¹
909 2227 1194 2270 constitutum.
1243 2225 1316 2269 Set
1335 2225 1381 2268 in
1400 2225 1466 2268 his
1488 2224 1621 2268 omni-

60 2305 138 2349 bus
168 2307 228 2360 tu,
258 2304 366 2348 bone
397 2303 504 2359 Iesu,
537 2303 720 2347 salvator
748 2307 789 2347 et
811 2307 973 2347 amator
994 2304 1225 2359 hominum,
1258 2303 1475 2346 dexteram
1497 2316 1622 2359 super

0 2411 4 2416 -
60 2396 136 2426 nos
166 2386 264 2426 tuae
293 2382 605 2439 propitiationis
637 2381 813 2425 extende
845 2385 1071 2438 contraque
1091 2381 1370 2424 multiformes
1392 2380 1622 2424 adversarii

60 2474 137 2505 nos
171 2460 346 2504 insidias
377 2463 451 2503 tua
480 2459 712 2502 munitione
744 2459 930 2502 defende.
978 2459 1073 2502 Non
1103 2473 1307 2516 prospera
1335 2472 1412 2501 nos
1445 2458 1621 2513 elevent,

61 2552 146 2599 non
175 2538 352 2582 adversa
380 2540 663 2595 prosternant,
693 2550 777 2580 non
807 2550 906 2593 pars
927 2536 1117 2580 Marthae
1138 2540 1302 2593 partem
1323 2535 1480 2579 Mariae
1500 2536 1621 2579 nobis

63 2617 237 2672 auferat,
270 2620 311 2660 et
340 2619 388 2659 ut
417 2615 661 2672 compendio
695 2614 1003 2670 concludamus,
1035 2615 1096 2658 sic
1125 2618 1388 2658 transeamus
1417 2627 1494 2670 per
1513 2613 1623 2657 bona

61 2693 310 2752 temporalia
318 2701 344 2750 ⁰,
376 2697 424 2737 ut
453 2707 538 2737 non
569 2693 809 2736 amittamus
841 2695 1022 2735 aeterna.

160 2810 186 2832 a.
215 2802 246 2832 et
268 2801 389 2832 addidi.
471 2800 500 2831 b.
522 2801 684 2840 propterea.
705 2799 855 2830 excidisse
875 2799 1000 2829 videtur.
1086 2807 1111 2828 c.
1132 2799 1174 2828 ῒό.
1196 2799 1230 2829 ut
1251 2798 1280 2828 fi.
1303 2807 1330 2829 a.
1353 2807 1383 2842 ς.
1406 2798 1473 2829 cod.

158 2871 192 2909 1.
223 2871 248 2907 i.
265 2881 298 2908 e.
323 2870 510 2909 Corbeiae.
