1924 3288
195 309 286 346 1147

182 368 207 389 c.
226 359 289 390 Deo
274 369 299 389 o.

328 200 411 244 148
791 212 990 243 wmALm
1019 211 1268 243 EP1s⁷r0LAE
1297 212 1347 242 72.
1369 211 1420 242 73.

1848 250 1919 269 Ὑί)

325 304 403 351 Η.ι
433 306 514 351 Dei
564 308 702 363 gratia
746 306 917 350 humilis
962 306 1156 351 minister
1201 307 1400 351 ecclesiae
1446 306 1593 352 beatae
1635 305 1797 352 Mariae
1835 306 1887 352 in

323 382 598 442 Flechthorp²
629 386 801 429 devotas
833 385 1043 428 orationes
1076 388 1119 428 et
1148 384 1334 429 debitam
1365 384 1657 429 obedientiam.

442 462 740 518 Cognovimus,
797 462 1035 506 venerande
1085 465 1226 520 pater,
1280 462 1447 507 venisse
1498 462 1553 506 ad
1596 461 1887 507 excellentiam

322 544 506 585 vestram
545 540 867 584 dilectissimum
903 543 1071 597 patrem
1106 543 1299 584 nostrum
1338 543 1380 584 et
1410 539 1627 584 dominum
1646 538 1887 585 wibaldum

322 618 520 662 ecclesiae
557 618 823 661 Corbeiensis
862 618 1078 674 abbatem,
1117 618 1256 661 virum
1294 631 1420 674 quem
1454 617 1637 662 multum
1671 616 1887 674 diligimus

322 699 364 739 et
399 696 445 738 in
476 709 557 751 quo
588 695 820 752 plurimum
851 696 942 753 spei
971 696 1017 739 in
1046 699 1161 740 terra
1189 699 1336 740 nostra
1365 696 1411 740 in
1442 696 1625 740 adventu
1652 695 1786 754 ipsius
1816 707 1887 743 acr-

321 774 529 830 cepimus3
569 787 694 830 quem
731 777 774 818 et
804 777 970 818 vestrae
998 773 1247 831 paternitati
1276 773 1615 818 commendatum
1643 787 1736 818 esse
1762 786 1886 830 roga-

319 864 426 894 mus.
469 850 699 895 Laboravit
729 851 842 895 enim
871 851 917 894 in
947 852 1117 907 regione
1146 855 1294 895 nostra
1321 852 1429 896 sicut
1446 852 1513 895 vir
1531 850 1735 909 preliator
1753 851 1885 896 susci-

318 932 413 972 tans
453 929 591 973 zelum
625 943 703 986 pro
733 929 972 987 reparanda
1001 930 1145 973 divina
1172 929 1376 985 religione
1414 933 1508 974 tum
1542 929 1589 973 in
1625 942 1701 973 suo
1738 942 1884 974 mona-

320 1007 448 1050 sterio
485 1010 577 1050 tum
613 1007 660 1050 in
696 1007 985 1063 monasteriis,
1024 1021 1130 1063 quae
1169 1021 1221 1051 ex
1253 1007 1361 1051 dono
1393 1007 1536 1051 domni
1564 1007 1678 1063 regis
1709 1007 1883 1065 accepit,

318 1084 555 1128 Kaminada
585 1085 746 1129 scilicet
776 1098 825 1129 ac
845 1085 1066 1139 Visbicke3
1105 1085 1178 1129 ubi
1215 1099 1301 1129 non
1332 1085 1475 1129 divina
1511 1085 1685 1129 servitia
1718 1087 1784 1129 set
1818 1083 1884 1128 lu-

318 1163 542 1219 panarium
578 1162 761 1207 ludibria
797 1163 915 1220 prius
956 1162 1259 1207 exercebantur
1296 1163 1342 1207 in
1379 1166 1564 1219 tantum,
1602 1165 1652 1206 ut
1684 1161 1883 1207 Kamina-

318 1241 450 1284 tensis
497 1240 731 1296 abbatissa,
777 1240 936 1284 femina
981 1244 1023 1285 et
1065 1241 1381 1285 conversatione
1419 1244 1461 1285 et
1500 1243 1611 1286 etate
1648 1234 1882 1298 iuuencula,

319 1318 577 1362 amatoribus
625 1319 712 1362 suis
757 1322 855 1376 post
901 1319 967 1362 sui
1013 1319 1318 1376 depositionem
1357 1319 1408 1363 de
1443 1318 1648 1363 reditibus
1685 1307 1883 1363 ecclesiae

316 1395 431 1440 illius
476 1395 571 1453 plus
619 1410 746 1453 quam
792 1397 847 1440 ad
884 1399 1053 1440 centum
1089 1410 1258 1440 mansos
1297 1397 1343 1440 in
1378 1395 1579 1441 beneficio
1617 1396 1882 1461 concesserit,

318 1486 414 1516 cum
451 1477 549 1517 ante
588 1474 894 1531 depositionem
932 1488 1053 1518 suam
1089 1475 1275 1532 pessima
1314 1474 1630 1519 conversatione
1667 1476 1710 1520 et
1745 1460 1883 1519 irreli-

318 1552 438 1607 giosa
465 1552 742 1609 promotione,
775 1566 858 1608 qua
889 1552 942 1595 ad
973 1552 1161 1596 diversas
1193 1552 1382 1596 abbatias
1412 1555 1608 1609 promota
1637 1555 1680 1597 et
1695 1566 1775 1610 pro
1795 1551 1882 1597 suis

317 1629 453 1686 culpis
486 1632 625 1672 amota
654 1630 804 1685 fuerat,
837 1643 980 1674 omnes
1012 1629 1230 1686 religiosos
1259 1631 1372 1674 viros
1391 1633 1560 1674 nostrae
1579 1633 1718 1675 terrae
1737 1633 1883 1675 contra

317 1720 363 1750 se
395 1707 652 1750 excitaverit.
701 1707 821 1751 Unde
849 1708 1116 1751 obsecramus
1136 1708 1436 1766 paternitatem
1455 1710 1654 1764 vestram,
1685 1707 1881 1765 quatinus

317 1784 528 1841 prefatum
567 1785 782 1841 abbatem,
824 1785 897 1842 qui
934 1785 1174 1829 huiusmodi
1210 1785 1492 1843 turpitudines
1533 1785 1780 1830 submovere
1815 1786 1881 1830 in-

317 1863 452 1919 cepit,
498 1863 734 1906 venientem
774 1863 828 1906 ad
867 1877 942 1907 vos
982 1863 1160 1920 benigne
1199 1863 1433 1907 exaudiatis
1479 1867 1522 1907 et
1563 1867 1652 1908 tam
1697 1862 1881 1921 regalem

316 1927 648 1983 munificentiam
686 1954 812 1997 quam
848 1940 1012 1984 labores
1052 1956 1170 1998 suos,
1209 1955 1312 1998 quos
1349 1941 1396 1984 in
1433 1941 1709 1986 restauranda
1737 1940 1880 1986 divina

317 2017 518 2073 religione
554 2018 766 2075 inpendit,
805 2021 946 2062 vestra
986 2020 1235 2063 auctoritate
1270 2017 1523 2063 confirmetis
1554 2022 1597 2063 et
1626 2018 1810 2064 studium
1839 2017 1880 2063 ei

316 2095 430 2139 circa
459 2095 618 2139 cultum
650 2095 847 2140 ecclesiae
878 2100 1021 2141 vestra
1051 2096 1334 2141 benivolentia
1364 2097 1620 2154 adaugeatis.

321 2253 402 2300 73.
435 2257 711 2300 Warmundus
750 2259 876 2301 abbas
909 2257 953 2301 S.
982 2259 1115 2301 Blasii
1142 2259 1467 2303 Northeimemis
1494 2259 1687 2317 Euqem‘o
1706 2258 1780 2304 IH
1791 2274 1876 2318 pa·

434 2349 518 2391 pae
547 2334 780 2378 Wibaldum
811 2337 1078 2378 commendat.
1692 2334 1765 2391 (M.
1787 2334 1876 2391 61.)

434 2421 787 2466 Reverentissimo
824 2423 937 2479 patri
975 2436 1024 2467 ac
1062 2424 1230 2468 domino
1266 2424 1455 2481 Eugenio
1491 2438 1654 2468 summo
1697 2427 1741 2470 et
1782 2425 1876 2469 uni·

317 2499 471 2544 versali
500 2498 690 2557 pontifici
718 2498 1034 2555 W(armundus)
1066 2501 1147 2545 Dei
1176 2502 1313 2558 gratia
1340 2502 1386 2546 id
1416 2502 1527 2559 quod
1556 2505 1640 2558 est,
1677 2501 1876 2548 ecclesiae

316 2577 430 2621 beati
459 2574 612 2621 Blasii⁸
643 2576 815 2620 humilis
850 2577 1062 2634 minister,
1102 2580 1299 2636 quicquid
1328 2579 1441 2624 valet
1469 2579 1611 2624 debita
1639 2579 1875 2624 obedientia

317 2658 360 2698 et
390 2655 686 2699 devotissimae
717 2654 915 2698 orationis
947 2655 1162 2699 instantia.

435 2732 554 2784 Quod
598 2732 795 2776 dilectum
832 2736 996 2789 patrem
1035 2736 1227 2777 nostrum
1258 2732 1498 2778 Wibaldum
1538 2733 1736 2779 ecclesiae
1771 2733 1873 2779 Gor-

410 2838 443 2873 1.
476 2839 541 2873 aut
572 2837 778 2874 Hartwicus
807 2840 871 2873 aut
902 2836 1144 2874 Hermannus.
1190 2838 1237 2875 V.
1267 2838 1429 2885 Mooyeri
1459 2838 1666 2886 catalogum
1697 2839 1871 2877 abbatum

315 2895 655 2933 Fleehdorfensium
679 2897 717 2932 in
734 2895 875 2932 Erhard
892 2896 968 2932 und
983 2897 1219 2934 Rosenkranz
1235 2897 1447 2935 Zeitschrift
1461 2897 1562 2935 VIII.
1579 2899 1638 2936 50.
1708 2898 1744 2936 2.
1766 2908 1869 2937 coen.

314 2954 351 2991 d.
368 2955 690 2993 Paderbornensis.
785 2956 820 2993 3.
844 2954 1146 2994 Northeimensis.
