1924 3288
578 157 777 188 wmALm
805 155 1026 188 EPISTOLA
1056 155 1127 186 400.
1547 143 1635 187 533

71 252 320 313 emptoriae‚
367 256 432 299 set
463 252 603 311 potius
650 253 702 298 de
738 252 900 297 fundis:
948 251 1145 297 videlicet
1183 250 1234 295 de
1271 248 1544 306 molendinis,
1583 250 1635 294 de
1668 255 1760 290 1152

70 331 314 391 paludibus,
346 331 398 378 de
428 332 708 390 compascuis,
741 332 792 376 de
822 330 1124 375 hereditatibus
1156 331 1198 373 et
1227 328 1516 387 patrimoniis3
1557 342 1634 386 pro
1660 304 1713 335 ω’
1732 304 1771 337 ²5

71 410 221 468 quibus
252 410 476 455 adversum
507 424 551 456 se
581 410 805 466 litigabant
834 408 964 453 villici
1002 407 1189 466 episcopi
1227 410 1269 452 et
1303 406 1436 451 villici
1465 407 1635 451 canoni-

70 501 214 535 corum
245 491 287 533 et
317 488 488 546 quidam
518 487 658 533 clerici
690 492 835 534 contra
855 487 1058 545 quosdam
1086 485 1228 530 laicos.
1274 485 1381 530 Erat
1399 485 1503 530 haec
1522 498 1635 529 com-

70 567 200 612 motio
229 566 356 625 paulo
386 566 570 611 inflatior
600 567 800 611 adversus
833 566 1099 624 episcopum,
1134 578 1211 622 pro
1242 577 1290 608 eo
1322 563 1434 621 quod
1462 564 1508 608 in
1537 577 1636 607 con-

68 644 164 690 cilio
205 644 444 690 Coloniensi
485 645 793 689 accusationem
832 658 928 689 cum
968 643 1088 699 gravi
1123 641 1295 701 repulsa
1342 642 1599 686 sustinuerat
1610 639 1634 699 ¹,

67 722 183 770 nullo
213 726 370 780 tamen,
403 726 605 780 quantum
635 723 893 782 perscrutari
922 722 1160 780 potuimus,
1192 721 1237 764 in
1267 723 1433 764 tantum
1463 734 1634 778 progre-

67 801 221 858 diente,
251 804 300 846 ut
328 801 442 846 illius
473 800 627 846 cecati²
659 802 786 846 verbo
819 805 861 845 et
891 800 1160 856 accusationi,
1192 798 1259 843 vel
1291 799 1419 843 etiam
1441 798 1635 856 querelae

66 877 266 936 Walderi,
296 879 382 924 ullo
413 881 638 938 patrocinii
667 880 735 924 vel
765 878 998 924 testimonii
1027 878 1152 923 modo
1183 877 1311 922 vellet
1342 878 1550 922 assistere.

186 957 402 1016 Siquidem
447 959 492 1003 in
539 959 685 1004 eadem
730 957 1053 1016 sollempnitatis
1100 955 1381 1000 celebratione
1420 955 1635 1013 predictus

67 1037 287 1095 episcopus
317 1036 484 1094 publice
514 1037 559 1081 in
588 1037 752 1095 pulpito
793 1036 1018 1081 aecclesiae
1049 1035 1319 1079 denunciavit
1349 1034 1635 1078 excommuni-

66 1118 182 1160 catos
214 1128 325 1171 esse,
366 1118 409 1159 et
439 1115 717 1160 anathematis
750 1115 1001 1160 sententiam
1032 1113 1210 1171 protulit
1239 1113 1285 1157 in
1316 1126 1408 1169 cos,
1449 1113 1521 1169 qui
1552 1111 1634 1157 cle-

65 1193 201 1238 ricum
240 1197 486 1238 cecaverant
518 1193 589 1240 ‚vel
627 1207 799 1252 operam
839 1193 1003 1238 consilii
1040 1192 1108 1237 vel
1140 1191 1289 1236 auxilii
1319 1191 1365 1235 in
1394 1190 1474 1235 hoc
1503 1190 1634 1235 male-

65 1270 154 1316 fitio
186 1271 474 1316 adhibuerant.

186 1350 388 1395 Omnibus
419 1351 561 1407 itaque
592 1363 645 1394 ex
674 1350 815 1394 divino
837 1347 1038 1394 beneficio
1058 1348 1104 1392 in
1125 1347 1389 1392 concordiam
1411 1347 1634 1404 revocatis,

64 1428 362 1487 temptavimus
401 1429 528 1472 etiam
555 1427 751 1473 Waldero
791 1428 855 1472 illi
892 1427 1167 1486 pertinatiam
1206 1440 1326 1471 suam
1362 1426 1408 1470 in
1447 1425 1634 1484 episcopi

64 1506 286 1552 vexatione
325 1506 589 1562 dissuadere;
636 1510 700 1551 set
736 1510 779 1551 et
814 1507 907 1564 ipse
945 1506 1090 1550 multis
1131 1505 1398 1550 audientibus
1438 1505 1632 1561 asseruit,

65 1585 176 1643 quod
205 1584 287 1630 fide
318 1585 417 1629 data
447 1588 558 1629 esset
587 1585 613 1629 a
642 1585 760 1629 vobis
791 1584 1041 1642 prohibitus,
1072 1598 1126 1628 ne
1145 1597 1293 1642 pacem
1315 1597 1412 1628 cum
1441 1583 1534 1641 ipso
1565 1597 1632 1628 re-

63 1663 277 1708 formaret.
340 1662 458 1715 Quod
487 1677 587 1719 nos,
624 1663 697 1719 qui
725 1662 989 1706 nobilitatem
1020 1665 1205 1707 vestram
1237 1665 1280 1707 et
1308 1662 1463 1706 mentis
1496 1661 1632 1707 excel-

63 1741 238 1786 lentiam
266 1740 353 1784 iam
384 1741 542 1785 dudum
571 1741 786 1796 novimus,
817 1754 1084 1798 nequaquam
1115 1740 1284 1785 credere
1314 1740 1552 1798 potuimus,
1583 1743 1632 1785 ut

64 1818 326 1875 suffraganeo
356 1822 517 1876 vestro,
557 1819 629 1876 qui
665 1818 890 1876 metropoli
931 1819 1106 1863 devotus
1146 1832 1314 1877 semper
1351 1818 1552 1863 militavit
1589 1822 1631 1864 et

62 1910 285 1956 personam
318 1899 502 1941 vestram
530 1911 606 1955 pre
627 1897 819 1941 omnibus
841 1896 990 1941 dilexit
1011 1900 1053 1941 et
1072 1896 1308 1952 honoravit,
1338 1896 1447 1940 hanc
1466 1897 1629 1941 velletis

63 1976 220 2020 inferre
250 1974 567 2031 contumeliam,
599 1977 646 2018 ut
676 1988 845 2019 causam
874 1975 1030 2033 ipsius,
1063 1988 1189 2032 quam
1220 1987 1272 2018 ex
1301 1974 1456 2019 iudicio
1485 1976 1630 2019 termi-

62 2069 166 2100 nare
195 2056 369 2113 propter
398 2053 684 2111 importunam
713 2056 1002 2097 accusatorum
1022 2052 1292 2097 insolentiam
1312 2066 1397 2096 non
1417 2053 1627 2110 potuistis,

63 2148 140 2193 per
159 2132 425 2177 concordiam
445 2130 558 2175 finiri
576 2145 661 2175 non
681 2132 944 2189 pateremini.
992 2131 1120 2175 Novit
1142 2131 1252 2175 enim
1274 2131 1452 2175 eruditio
1473 2135 1627 2189 vestra,

64 2225 241 2270 quorum
272 2210 445 2255 consilio
477 2224 611 2267 quave
641 2210 864 2267 disciplina
892 2210 1005 2254 idem
1036 2209 1267 2253 adversarii
1304 2210 1491 2267 episcopi
1519 2210 1628 2254 iudi-

63 2291 170 2335 tium
199 2292 407 2344 vestrum,
449 2288 559 2345 quod
590 2286 947 2344 suffraganeorum
986 2291 1028 2332 et
1058 2287 1284 2332 aecclesiae
1315 2291 1479 2332 vestrae
1509 2289 1627 2332 testi-

64 2368 204 2413 monio
236 2371 278 2412 et
308 2380 482 2411 assensu
513 2369 603 2410 crat
633 2366 879 2423 subnixum,
918 2379 1113 2411 recusare
1143 2370 1512 2424 presumpserunt,
1545 2381 1625 2424 quo

64 2447 209 2491 ordine
248 2445 450 2503 quibusve
486 2443 666 2488 induciis
706 2444 815 2488 datis
854 2444 1189 2502 appellaverunt;
1237 2444 1346 2488 sicut
1390 2458 1442 2488 ex
1488 2448 1625 2488 trans-

64 2525 231 2583 scriptis
263 2537 407 2569 eorum
429 2521 582 2566 libellis
605 2522 869 2567 considerare
887 2526 1028 2581 potest
1048 2526 1188 2568 vestra
1209 2523 1419 2579 discretio,
1450 2523 1624 2567 retentis

62 2603 176 2662 apud
204 2616 281 2647 nos
313 2615 455 2647 eorum
488 2600 810 2658 exemplaribus.

179 2680 238 2725 Et
266 2680 378 2737 licet,
410 2683 458 2723 ut
487 2679 723 2737 predictum
745 2682 822 2735 est,
852 2678 977 2737 plane
998 2679 1192 2736 sciamus,
1226 2678 1356 2723 animi
1376 2678 1507 2723 vestri
1528 2678 1622 2722 alti-

62 2759 250 2804 tudinem
280 2758 325 2802 in
356 2761 445 2803 tam
475 2757 579 2801 viles
611 2760 653 2801 et
684 2757 866 2802 abiectas
895 2757 1189 2819 meditationes
1216 2771 1481 2814 nequaquam
1512 2757 1622 2801 deci-

63 2837 162 2882 dere
190 2837 398 2894 potuisse,
435 2839 483 2879 ut
521 2849 615 2879 cum
652 2835 737 2879 iam
775 2835 885 2879 dicto
915 2835 1111 2880 Waldero
1141 2840 1229 2880 tam
1260 2849 1450 2885 enormes
1480 2835 1621 2884 condi-

159 2925 192 2964 1.
216 2924 261 2962 V.
280 2935 338 2973 ep.
355 2925 424 2962 386
449 2934 560 2970 supra
582 2934 617 2970 p.
636 2923 716 2961 518.
814 2925 848 2962 2.
873 2924 1040 2963 Fortlivi.
