1924 3288
520 207 719 239 wmALm
739 198 995 238 *prs'romn
1025 205 1096 236 404.
1120 204 1191 235 405.
1549 190 1637 236 543

193 300 400 348 Comitem
429 302 655 347 Rodulfum
686 302 737 346 de
759 301 1038 346 Ramesberch
1071 303 1113 344 et
1143 299 1338 343 comitem
1369 298 1637 343 Oudelricum
1663 301 1756 338 1152

74 378 127 426 de
155 380 453 426 Lencenburch
484 385 526 425 et
556 380 660 424 alios
690 380 875 436 idoneos,
913 379 1072 423 scilicet
1101 377 1392 422 Eberhardum
1423 377 1474 421 de
1503 377 1639 421 Bode-

73 472 183 515 men,
215 459 301 516 qui,
333 460 560 517 assumptis
591 458 740 516 peritis
770 449 911 514 legum
942 458 1013 514 qui
1041 457 1092 501 de
1112 457 1203 500 iure
1226 456 1395 514 imperii
1416 455 1564 510 sciant,
1597 458 1639 498 et

75 537 256 582 audeant
281 540 477 593 tractare,
504 537 682 581 Romam
702 536 947 593 quantocius
967 535 1161 592 poteritis
1182 535 1351 578 mittere
1370 547 1456 578 non
1476 532 1638 576 dubite-

72 615 141 660 tis.
192 615 250 660 Et
278 629 333 660 110
363 615 522 672 aliquid
551 615 649 658 novi
678 615 738 658 ibi
769 618 914 658 contra
943 627 1017 658 vos
1046 616 1204 669 surgat,
1235 612 1456 670 prevenire
1476 614 1633 656 curate.

74 769 194 817 405.
219 772 430 816 Wibaldus
454 772 706 815 Herimanno
738 772 934 814 canonico
960 770 1171 812 Bonnensi
1201 769 1366 827 eiusque
1395 768 1510 824 nepti
1531 767 1638 809 villi-

222 851 423 894 cationem
456 850 797 893 castiniacensem
828 849 980 891 tribuit.
1423 843 1495 898 (M.
1519 844 1638 898 376.)

190 938 437 995 W(ibaldus)
468 939 549 983 Dei
586 937 723 994 gratia
752 936 1016 981 Corbeiensis
1055 935 1280 980 aecclesiae
1320 934 1448 979 abbas
1486 934 1638 978 dilecto
1683 944 1775 979 1152

72 1016 195 1061 fratri
243 1021 285 1063 et
323 1018 455 1062 amico
494 1030 568 1061 suo
606 1015 863 1059 Herimanno
901 1014 1138 1058 Bunnensis
1177 1013 1401 1058 aecclesiae
1438 1013 1638 1057 canonico

71 1095 404 1140 benedictionem
436 1098 477 1139 01
505 1095 638 1138 vitam
666 1107 798 1151 usque
828 1094 874 1137 in
904 1092 1103 1137 seculum.

191 1173 500 1218 Villicationem
536 1175 723 1216 nostram
764 1172 814 1215 de
846 1170 1083 1215 Castiniaco
1123 1183 1219 1214 cum
1256 1169 1448 1213 omnibus
1479 1182 1638 1226 appen-

73 1252 194 1296 diciis
224 1252 311 1296 suis
341 1251 439 1295 fidei
469 1255 566 1295 tuae
596 1250 911 1305 committimus,
943 1249 1053 1293 sicut
1073 1262 1167 1292 eam
1186 1248 1324 1292 tenuit
1343 1246 1637 1291 Luothowicus

72 1344 203 1388 nepos
233 1333 344 1386 tuus,
374 1330 454 1373 hoc
484 1332 548 1373 est
572 1328 799 1372 secundum
819 1330 945 1385 pacta
966 1330 1008 1371 et
1028 1326 1300 1382 conditiones,
1333 1339 1439 1382 quae
1461 1339 1486 1368 a
1503 1325 1638 1369 felicis

73 1409 300 1453 memoriae
344 1407 638 1465 predecessore
677 1409 820 1450 nostro
861 1406 1013 1449 domno
1055 1405 1205 1448 abbate
1242 1400 1553 1448 Erchenberto¹
1588 1403 1639 1447 de

75 1487 220 1531 eodem
257 1486 403 1544 predio
442 1489 484 1529 et
513 1484 769 1528 villicatione
809 1487 907 1527 sunt
945 1483 1161 1527 ordinatae
1196 1486 1238 1526 et
1269 1483 1542 1537 constitutae3
1579 1481 1641 1525 ita

73 1564 288 1621 videlicet,
328 1567 376 1608 ut
405 1568 452 1608 tu
482 1564 696 1607 destructa
724 1562 938 1606 reedifices
971 1565 1012 1605 et
1042 1562 1207 1618 dilapsa
1235 1564 1447 1604 restaures
1477 1564 1566 1603 tam
1595 1561 1642 1603 111

75 1643 197 1687 (101110
227 1643 529 1686 111ᾶο11111110010
560 1655 686 1697 quam
715 1641 760 1684 111
791 1640 958 1684 00110110
991 1643 1034 1684 01
1062 1639 1262 1683 torculari
1294 1643 1335 1683 et
1369 1635 1566 1683 bovaria²
1599 1641 1640 1682 et

76 1721 169 1765 aliis
206 1724 295 1764 tam
334 1719 507 1765 edificiis
547 1732 672 1775 quam
711 1718 928 1762 clausuris.
990 1717 1092 1761 Post
1130 1717 1290 1761 obitum
1326 1731 1490 1774 quoque
1518 1720 1639 1760 tuum

75 1799 340 1844 concedimus
381 1798 556 1842 eandem
585 1797 886 1840 villicationem
916 1796 1061 1851 modo,
1102 1809 1182 1852 quo
1214 1809 1343 1852 supra
1373 1795 1531 1838 dictum
1562 1798 1638 1850 est,

74 1877 193 1935 nepti
221 1880 332 1932 tuae,
363 1876 517 1933 prefati
537 1874 778 1918 Loudowici
808 1874 932 1930 filiae,
965 1874 1041 1917 sub
1072 1873 1150 1917 hoc
1173 1873 1369 1917 videlicet
1390 1873 1638 1916 conditionis

74 1958 238 2000 tenore:
279 1954 390 2011 quod
429 1954 574 1997 eadem
611 1952 752 2010 puella
790 1952 1015 1996 aecclesiae
1047 1951 1289 1995 Corbeiensi
1318 1952 1363 1994 in
1393 1951 1484 1995 iure
1514 1951 1639 1994 mini-

76 2033 308 2077 sterialium
340 2046 366 2075 a
396 2031 575 2075 dominis
607 2031 707 2086 suis,
739 2030 889 2087 quibus
919 2029 1043 2073 modo
1078 2029 1280 2086 pertinet,
1313 2029 1567 2072 attribuatur
1597 2032 1639 2073 et

75 2113 357 2155 transactetur
388 2109 544 2166 absque
573 2112 716 2152 nostro
747 2108 890 2152 labore
922 2111 964 2151 et
995 2121 1179 2164 expensa
1209 2121 1234 2150 a
1263 2108 1450 2164 presenti
1477 2107 1638 2150 festivi-

76 2193 164 2233 tate
202 2188 336 2232 sancti
366 2187 609 2231 Michahelis
649 2186 907 2242 archangeli,
948 2199 1053 2242 quae
1093 2189 1156 2229 est
1190 2186 1235 2228 in
1266 2198 1374 2228 anno
1405 2185 1637 2229 dominicae

76 2266 377 2311 incarnationis
403 2267 515 2309 1152
537 2265 763 2308 indictione
789 2264 939 2321 prima,
962 2263 1073 2307 infra
1094 2263 1194 2306 anni
1214 2263 1403 2320 spacium
1411 2259 1439 2319 ⁸,
1464 2266 1506 2307 et
1527 2263 1638 2320 quod

77 2345 267 2404 predicta
302 2343 465 2402 puella,
508 2343 671 2400 quando
705 2342 758 2386 ad
787 2341 951 2385 nubiles
982 2354 1112 2384 annos
1142 2341 1402 2398 pervenerit,
1441 2355 1526 2384 non
1555 2341 1638 2384 nisi

77 2426 223 2468 nostra
242 2422 310 2466 vel
339 2422 442 2477 eius,
475 2421 547 2477 qui
576 2420 696 2464 nobis
726 2420 772 2463 111
803 2419 971 2463 abbatia
998 2418 1240 2463 Corbeiensi
1268 2419 1517 2474 regulariter
1547 2432 1638 2463 suc-

78 2501 264 2557 cesserit,
295 2499 570 2558 permissione
599 2498 742 2542 nubat.
786 2497 943 2549 Quodsi
974 2497 1025 2540 de
1055 2497 1300 2554 prescriptis
1331 2497 1637 2541 conditionibus

80 2578 238 2636 aliquid
279 2592 304 2622 a
339 2581 383 2621 te
420 2576 487 2621 vel
525 2576 576 2619 ab
617 2576 761 2619 eadem
798 2574 940 2632 puella
976 2575 1294 2632 pretermissum
1331 2578 1404 2618 aut
1437 2575 1638 2618 violatum

78 2657 218 2711 fuerit,
249 2655 439 2714 predicta
460 2654 712 2697 villicatione
742 2666 838 2696 cum
869 2653 982 2696 omni
1012 2652 1210 2697 beneficio
1242 2667 1316 2696 suo
1347 2653 1437 2696 sine
1468 2667 1542 2710 spe
1572 2666 1637 2697 re-

80 2734 360 2791 cuperationis
392 2733 443 2776 de
474 2735 611 2776 cetero
642 2730 850 2775 carebitis·
899 2730 944 2773 Si
975 2734 1114 2774 autem
1144 2731 1190 2774 111
1220 2730 1425 2774 solutione
1455 2731 1544 2774 vini
1570 2730 1638 2775 vel

81 2825 270 2856 annonae
307 2811 375 2855 vel
419 2823 685 2854 nummorum
723 2822 797 2852 seu
836 2822 1031 2852 vasorum
1069 2808 1135 2852 vel
1174 2808 1351 2852 aliarum
1388 2809 1637 2866 pensionum

175 2906 209 2941 1.
234 2905 366 2941 abbate
392 2903 619 2948 Corbeiensi,
645 2902 904 2938 noe—1128.
999 2903 1031 2938 2.
1058 2901 1186 2939 bubili.
1281 2903 1316 2938 3.
1342 2901 1365 2938 i.
1385 2912 1416 2938 e.
1443 2902 1635 2940 intervallo

81 2963 222 3002 dierum
246 2965 292 3001 29
317 2963 417 3010 Sept.
444 2964 535 3000 1152
560 2966 597 2999 et
621 2963 666 2998 29
691 2961 791 3007 Sept.
818 2961 920 2997 1153.

1663 992 1749 1032 Sept«
1761 994 1800 1024 29
