<?xml version="1.0" encoding="UTF-8"?>
<!DOCTYPE html PUBLIC "-//W3C//DTD XHTML 1.0 Transitional//EN"
    "http://www.w3.org/TR/xhtml1/DTD/xhtml1-transitional.dtd">
<html xmlns="http://www.w3.org/1999/xhtml" xml:lang="en" lang="en">
 <head>
  <title>
</title>
<meta http-equiv="Content-Type" content="text/html;charset=utf-8" />
  <meta name='ocr-system' content='tesseract 3.04.00' />
  <meta name='ocr-capabilities' content='ocr_page ocr_carea ocr_par ocr_line ocrx_word'/>
</head>
<body>
  <div class='ocr_page' id='page_1' title='image "bibliothecarerum01wattuoft_0549.png"; bbox 0 0 1924 3288; ppageno 0'>
   <div class='ocr_carea' id='block_1_1' title="bbox 506 210 1619 256">
    <p class='ocr_par' dir='ltr' id='par_1_1' title="bbox 506 210 1619 256">
     <span class='ocr_line' id='line_1_1' title="bbox 506 210 1619 256; baseline 0 -1"><span class='ocrx_word' id='word_1_1' title='bbox 506 222 705 255; x_wconf 72' lang='lat' dir='ltr'>wmALm</span> <span class='ocrx_word' id='word_1_2' title='bbox 733 223 983 256; x_wconf 63' lang='lat' dir='ltr'>Ems&#39;ronffl</span> <span class='ocrx_word' id='word_1_3' title='bbox 1012 222 1083 254; x_wconf 76' lang='lat'>398.</span> <span class='ocrx_word' id='word_1_4' title='bbox 1104 221 1175 254; x_wconf 82' lang='lat'>399.</span> <span class='ocrx_word' id='word_1_5' title='bbox 1534 210 1619 255; x_wconf 84' lang='lat'>531</span> 
     </span>
    </p>
   </div>
   <div class='ocr_carea' id='block_1_2' title="bbox 53 316 1623 1156">
    <p class='ocr_par' dir='ltr' id='par_1_2' title="bbox 53 316 1623 1156">
     <span class='ocr_line' id='line_1_2' title="bbox 55 316 1623 376; baseline 0 -14"><span class='ocrx_word' id='word_1_6' title='bbox 55 319 154 376; x_wconf 87' lang='lat' dir='ltr'>post</span> <span class='ocrx_word' id='word_1_7' title='bbox 180 316 336 362; x_wconf 85' lang='lat' dir='ltr'>multas</span> <span class='ocrx_word' id='word_1_8' title='bbox 367 319 687 363; x_wconf 81' lang='lat' dir='ltr'><strong>ammonitiones</strong></span> <span class='ocrx_word' id='word_1_9' title='bbox 719 322 762 364; x_wconf 89' lang='lat' dir='ltr'>et</span> <span class='ocrx_word' id='word_1_10' title='bbox 790 333 935 376; x_wconf 78' lang='lat' dir='ltr'>preces</span> <span class='ocrx_word' id='word_1_11' title='bbox 966 322 1146 374; x_wconf 89' lang='lat' dir='ltr'>nostras,</span> <span class='ocrx_word' id='word_1_12' title='bbox 1179 317 1339 362; x_wconf 86' lang='lat' dir='ltr'>scilicet</span> <span class='ocrx_word' id='word_1_13' title='bbox 1366 331 1421 362; x_wconf 91' lang='lat' dir='ltr'>ne</span> <span class='ocrx_word' id='word_1_14' title='bbox 1451 331 1623 374; x_wconf 84' lang='lat' dir='ltr'>gregem</span> 
     </span>
     <span class='ocr_line' id='line_1_3' title="bbox 56 394 1622 453; baseline 0 -13"><span class='ocrx_word' id='word_1_15' title='bbox 56 394 139 440; x_wconf 89' lang='lat' dir='ltr'>sibi</span> <span class='ocrx_word' id='word_1_16' title='bbox 167 396 437 440; x_wconf 88' lang='lat' dir='ltr'>commissum</span> <span class='ocrx_word' id='word_1_17' title='bbox 468 397 702 453; x_wconf 86' lang='lat' dir='ltr'>desereret,</span> <span class='ocrx_word' id='word_1_18' title='bbox 741 397 1010 441; x_wconf 88' lang='lat' dir='ltr'>heremiticae</span> <span class='ocrx_word' id='word_1_19' title='bbox 1039 399 1182 440; x_wconf 89' lang='lat' dir='ltr'>tamen</span> <span class='ocrx_word' id='word_1_20' title='bbox 1212 396 1324 440; x_wconf 88' lang='lat' dir='ltr'>vitae</span> <span class='ocrx_word' id='word_1_21' title='bbox 1352 396 1518 440; x_wconf 88' lang='lat' dir='ltr'>labores</span> <span class='ocrx_word' id='word_1_22' title='bbox 1550 410 1622 452; x_wconf 87' lang='lat' dir='ltr'>ag-</span> 
     </span>
     <span class='ocr_line' id='line_1_4' title="bbox 55 474 1622 532; baseline -0.001 -13"><span class='ocrx_word' id='word_1_23' title='bbox 55 486 223 530; x_wconf 66' lang='lat' dir='ltr'>gresm,</span> <span class='ocrx_word' id='word_1_24' title='bbox 260 477 309 518; x_wconf 89' lang='lat' dir='ltr'>ut</span> <span class='ocrx_word' id='word_1_25' title='bbox 343 475 437 532; x_wconf 90' lang='lat' dir='ltr'>ipse</span> <span class='ocrx_word' id='word_1_26' title='bbox 466 478 567 519; x_wconf 90' lang='lat' dir='ltr'>tunc</span> <span class='ocrx_word' id='word_1_27' title='bbox 605 475 819 519; x_wconf 83' lang='lat' dir='ltr'>asserebat</span> <span class='ocrx_word' id='word_1_28' title='bbox 854 489 898 519; x_wconf 90' lang='lat' dir='ltr'>se</span> <span class='ocrx_word' id='word_1_29' title='bbox 928 474 1082 519; x_wconf 88' lang='lat' dir='ltr'>habere</span> <span class='ocrx_word' id='word_1_30' title='bbox 1112 475 1157 518; x_wconf 90' lang='lat' dir='ltr'>in</span> <span class='ocrx_word' id='word_1_31' title='bbox 1188 475 1328 519; x_wconf 91' lang='lat' dir='ltr'>animo</span> <span class='ocrx_word' id='word_1_32' title='bbox 1360 498 1415 504; x_wconf 90' lang='lat'><strong>—</strong></span> <span class='ocrx_word' id='word_1_33' title='bbox 1447 488 1622 518; x_wconf 86' lang='lat' dir='ltr'>venera-</span> 
     </span>
     <span class='ocr_line' id='line_1_5' title="bbox 54 550 1621 610; baseline 0 -15"><span class='ocrx_word' id='word_1_34' title='bbox 54 550 184 596; x_wconf 84' lang='lat' dir='ltr'>bilem</span> <span class='ocrx_word' id='word_1_35' title='bbox 210 551 387 597; x_wconf 82' lang='lat' dir='ltr'>fratrem</span> <span class='ocrx_word' id='word_1_36' title='bbox 416 553 617 597; x_wconf 90' lang='lat' dir='ltr'>domnum</span> <span class='ocrx_word' id='word_1_37' title='bbox 646 552 946 609; x_wconf 92' lang='lat' dir='ltr'>H(einricum),</span> <span class='ocrx_word' id='word_1_38' title='bbox 986 553 1232 597; x_wconf 91' lang='lat' dir='ltr'>monasterii</span> <span class='ocrx_word' id='word_1_39' title='bbox 1260 553 1391 597; x_wconf 85' lang='lat' dir='ltr'>vestri</span> <span class='ocrx_word' id='word_1_40' title='bbox 1421 552 1621 610; x_wconf 90' lang='lat' dir='ltr'>priorem,</span> 
     </span>
     <span class='ocr_line' id='line_1_6' title="bbox 56 628 1623 688; baseline 0 -14"><span class='ocrx_word' id='word_1_41' title='bbox 56 628 251 675; x_wconf 79' lang='lat' dir='ltr'>abbatem</span> <span class='ocrx_word' id='word_1_42' title='bbox 280 630 362 675; x_wconf 89' lang='lat' dir='ltr'>sibi</span> <span class='ocrx_word' id='word_1_43' title='bbox 391 631 646 675; x_wconf 84' lang='lat' dir='ltr'>unanimiter</span> <span class='ocrx_word' id='word_1_44' title='bbox 670 630 898 687; x_wconf 88' lang='lat' dir='ltr'>elegerunt.</span> <span class='ocrx_word' id='word_1_45' title='bbox 945 631 1141 675; x_wconf 83' lang='lat' dir='ltr'>Vestram</span> <span class='ocrx_word' id='word_1_46' title='bbox 1161 631 1304 687; x_wconf 90' lang='lat' dir='ltr'>itaque</span> <span class='ocrx_word' id='word_1_47' title='bbox 1324 631 1623 688; x_wconf 82' lang='lat' dir='ltr'>paternitatem</span> 
     </span>
     <span class='ocr_line' id='line_1_7' title="bbox 53 706 1622 766; baseline 0.001 -15"><span class='ocrx_word' id='word_1_48' title='bbox 53 706 203 753; x_wconf 88' lang='lat' dir='ltr'>intime</span> <span class='ocrx_word' id='word_1_49' title='bbox 233 721 401 753; x_wconf 88' lang='lat' dir='ltr'>oramus</span> <span class='ocrx_word' id='word_1_50' title='bbox 433 712 475 754; x_wconf 91' lang='lat' dir='ltr'>et</span> <span class='ocrx_word' id='word_1_51' title='bbox 505 713 722 754; x_wconf 85' lang='lat' dir='ltr'>exoratam</span> <span class='ocrx_word' id='word_1_52' title='bbox 760 723 852 754; x_wconf 87' lang='lat' dir='ltr'>esse</span> <span class='ocrx_word' id='word_1_53' title='bbox 889 712 979 752; x_wconf 90' lang='lat' dir='ltr'>toto</span> <span class='ocrx_word' id='word_1_54' title='bbox 1016 709 1147 752; x_wconf 90' lang='lat' dir='ltr'>animi</span> <span class='ocrx_word' id='word_1_55' title='bbox 1177 709 1384 753; x_wconf 89' lang='lat' dir='ltr'>desiderio</span> <span class='ocrx_word' id='word_1_56' title='bbox 1416 709 1622 766; x_wconf 91' lang='lat' dir='ltr'>cupimus,</span> 
     </span>
     <span class='ocr_line' id='line_1_8' title="bbox 55 786 1623 844; baseline 0 -14"><span class='ocrx_word' id='word_1_57' title='bbox 55 786 251 843; x_wconf 81' lang='lat' dir='ltr'>quatinus</span> <span class='ocrx_word' id='word_1_58' title='bbox 288 787 430 844; x_wconf 91' lang='lat' dir='ltr'>ipsum</span> <span class='ocrx_word' id='word_1_59' title='bbox 459 787 527 831; x_wconf 83' lang='lat' dir='ltr'>eis</span> <span class='ocrx_word' id='word_1_60' title='bbox 565 786 791 831; x_wconf 91' lang='lat' dir='ltr'>clementer</span> <span class='ocrx_word' id='word_1_61' title='bbox 835 787 1095 843; x_wconf 78' lang='lat' dir='ltr'>concedatis,</span> <span class='ocrx_word' id='word_1_62' title='bbox 1141 787 1304 831; x_wconf 88' lang='lat' dir='ltr'>novelle</span> <span class='ocrx_word' id='word_1_63' title='bbox 1348 786 1623 844; x_wconf 83' lang='lat' dir='ltr'>plantationis</span> 
     </span>
     <span class='ocr_line' id='line_1_9' title="bbox 54 864 1620 920; baseline 0 -12"><span class='ocrx_word' id='word_1_64' title='bbox 54 867 197 909; x_wconf 87' lang='lat' dir='ltr'>nostre</span> <span class='ocrx_word' id='word_1_65' title='bbox 225 867 371 908; x_wconf 89' lang='lat' dir='ltr'>notam</span> <span class='ocrx_word' id='word_1_66' title='bbox 391 864 510 909; x_wconf 86' lang='lat' dir='ltr'>vobis</span> <span class='ocrx_word' id='word_1_67' title='bbox 532 865 827 909; x_wconf 87' lang='lat' dir='ltr'>necessitatem</span> <span class='ocrx_word' id='word_1_68' title='bbox 850 865 1031 920; x_wconf 84' lang='lat' dir='ltr'>benigna</span> <span class='ocrx_word' id='word_1_69' title='bbox 1051 865 1322 909; x_wconf 89' lang='lat' dir='ltr'>miseratione</span> <span class='ocrx_word' id='word_1_70' title='bbox 1343 865 1620 909; x_wconf 86' lang='lat' dir='ltr'>attendentes.</span> 
     </span>
     <span class='ocr_line' id='line_1_10' title="bbox 54 941 1622 1001; baseline 0 -15"><span class='ocrx_word' id='word_1_71' title='bbox 54 941 136 994; x_wconf 87' lang='lat' dir='ltr'>Qui</span> <span class='ocrx_word' id='word_1_72' title='bbox 164 942 202 986; x_wconf 90' lang='lat' dir='ltr'>si</span> <span class='ocrx_word' id='word_1_73' title='bbox 231 945 373 987; x_wconf 86' lang='lat' dir='ltr'>vestra</span> <span class='ocrx_word' id='word_1_74' title='bbox 411 943 688 1000; x_wconf 84' lang='lat' dir='ltr'>permissione</span> <span class='ocrx_word' id='word_1_75' title='bbox 725 944 980 1001; x_wconf 90' lang='lat' dir='ltr'>propriaque</span> <span class='ocrx_word' id='word_1_76' title='bbox 1018 943 1278 999; x_wconf 86' lang='lat' dir='ltr'>benignitate</span> <span class='ocrx_word' id='word_1_77' title='bbox 1317 942 1448 987; x_wconf 89' lang='lat' dir='ltr'>oblati</span> <span class='ocrx_word' id='word_1_78' title='bbox 1484 943 1622 986; x_wconf 88' lang='lat' dir='ltr'>oneris</span> 
     </span>
     <span class='ocr_line' id='line_1_11' title="bbox 55 1020 1623 1078; baseline 0 -14"><span class='ocrx_word' id='word_1_79' title='bbox 55 1031 154 1064; x_wconf 90' lang='lat' dir='ltr'>cure</span> <span class='ocrx_word' id='word_1_80' title='bbox 193 1034 239 1065; x_wconf 90' lang='lat' dir='ltr'>se</span> <span class='ocrx_word' id='word_1_81' title='bbox 276 1021 540 1065; x_wconf 85' lang='lat' dir='ltr'>summittere</span> <span class='ocrx_word' id='word_1_82' title='bbox 577 1021 779 1078; x_wconf 87' lang='lat' dir='ltr'>voluerit,</span> <span class='ocrx_word' id='word_1_83' title='bbox 817 1022 863 1065; x_wconf 92' lang='lat' dir='ltr'>in</span> <span class='ocrx_word' id='word_1_84' title='bbox 901 1021 1095 1065; x_wconf 91' lang='lat' dir='ltr'>omnibus</span> <span class='ocrx_word' id='word_1_85' title='bbox 1136 1035 1232 1066; x_wconf 92' lang='lat' dir='ltr'>eum</span> <span class='ocrx_word' id='word_1_86' title='bbox 1262 1020 1472 1066; x_wconf 88' lang='lat' dir='ltr'>consolari</span> <span class='ocrx_word' id='word_1_87' title='bbox 1503 1021 1623 1078; x_wconf 89' lang='lat' dir='ltr'>eique</span> 
     </span>
     <span class='ocr_line' id='line_1_12' title="bbox 56 1098 1064 1156; baseline 0 -13"><span class='ocrx_word' id='word_1_88' title='bbox 56 1098 253 1143; x_wconf 80' lang='lat' dir='ltr'>assistere</span> <span class='ocrx_word' id='word_1_89' title='bbox 284 1102 326 1143; x_wconf 89' lang='lat' dir='ltr'>et</span> <span class='ocrx_word' id='word_1_90' title='bbox 354 1098 534 1144; x_wconf 90' lang='lat' dir='ltr'>fideliter</span> <span class='ocrx_word' id='word_1_91' title='bbox 563 1099 763 1156; x_wconf 88' lang='lat' dir='ltr'>opitulari</span> <span class='ocrx_word' id='word_1_92' title='bbox 793 1099 1064 1144; x_wconf 90' lang='lat' dir='ltr'>studebimus.</span> 
     </span>
    </p>
   </div>
   <div class='ocr_carea' id='block_1_3' title="bbox 699 1197 980 1202">
    <p class='ocr_par' dir='ltr' id='par_1_3' title="bbox 699 1197 980 1202">
     <span class='ocr_line' id='line_1_13' title="bbox 699 1197 980 1202; baseline 0 0"><span class='ocrx_word' id='word_1_93' title='bbox 699 1197 980 1202; x_wconf 95' lang='lat' dir='ltr'> </span> 
     </span>
    </p>
   </div>
   <div class='ocr_carea' id='block_1_4' title="bbox 59 1251 1624 1313">
    <p class='ocr_par' dir='ltr' id='par_1_4' title="bbox 59 1251 1624 1313">
     <span class='ocr_line' id='line_1_14' title="bbox 59 1251 1624 1313; baseline -0.001 -13"><span class='ocrx_word' id='word_1_94' title='bbox 59 1251 176 1300; x_wconf 85' lang='lat'>399.</span> <span class='ocrx_word' id='word_1_95' title='bbox 201 1254 412 1299; x_wconf 72' lang='lat' dir='ltr'>Wibaldus</span> <span class='ocrx_word' id='word_1_96' title='bbox 432 1254 682 1299; x_wconf 73' lang='lat' dir='ltr'>Bernhardo</span> <span class='ocrx_word' id='word_1_97' title='bbox 705 1257 895 1313; x_wconf 75' lang='lat' dir='ltr'>episcopo</span> <span class='ocrx_word' id='word_1_98' title='bbox 916 1256 1252 1299; x_wconf 76' lang='lat' dir='ltr'>Paderbornensi</span> <span class='ocrx_word' id='word_1_99' title='bbox 1271 1256 1468 1308; x_wconf 79' lang='lat' dir='ltr'>rescribit,</span> <span class='ocrx_word' id='word_1_100' title='bbox 1494 1270 1624 1313; x_wconf 80' lang='lat' dir='ltr'>quare</span> 
     </span>
    </p>
   </div>
   <div class='ocr_carea' id='block_1_5' title="bbox 203 1331 1623 1390">
    <p class='ocr_par' dir='ltr' id='par_1_5' title="bbox 203 1331 1623 1390">
     <span class='ocr_line' id='line_1_15' title="bbox 203 1331 1623 1390; baseline -0.001 -15"><span class='ocrx_word' id='word_1_101' title='bbox 203 1331 423 1375; x_wconf 77' lang='lat' dir='ltr'>Heinricus</span> <span class='ocrx_word' id='word_1_102' title='bbox 445 1334 570 1390; x_wconf 81' lang='lat' dir='ltr'>prior</span> <span class='ocrx_word' id='word_1_103' title='bbox 597 1333 847 1376; x_wconf 78' lang='lat' dir='ltr'>Corbeiensis</span> <span class='ocrx_word' id='word_1_104' title='bbox 874 1335 1121 1376; x_wconf 76' lang='lat' dir='ltr'>monasterio</span> <span class='ocrx_word' id='word_1_105' title='bbox 1146 1333 1191 1376; x_wconf 83' lang='lat' dir='ltr'>S.</span> <span class='ocrx_word' id='word_1_106' title='bbox 1213 1334 1381 1376; x_wconf 84' lang='lat' dir='ltr'>Mariae</span> <span class='ocrx_word' id='word_1_107' title='bbox 1403 1334 1530 1375; x_wconf 78' lang='lat' dir='ltr'>abbas</span> <span class='ocrx_word' id='word_1_108' title='bbox 1549 1334 1623 1375; x_wconf 80' lang='lat' dir='ltr'>tri-</span> 
     </span>
    </p>
   </div>
   <div class='ocr_carea' id='block_1_6' title="bbox 204 1408 1624 1464">
    <p class='ocr_par' dir='ltr' id='par_1_6' title="bbox 204 1408 1624 1464">
     <span class='ocr_line' id='line_1_16' title="bbox 204 1408 1624 1464; baseline -0.001 -10"><span class='ocrx_word' id='word_1_109' title='bbox 204 1411 388 1455; x_wconf 80' lang='lat' dir='ltr'>buendus</span> <span class='ocrx_word' id='word_1_110' title='bbox 416 1426 500 1453; x_wconf 79' lang='lat' dir='ltr'>non</span> <span class='ocrx_word' id='word_1_111' title='bbox 529 1412 592 1453; x_wconf 77' lang='lat' dir='ltr'>sit.</span> <span class='ocrx_word' id='word_1_112' title='bbox 1409 1408 1481 1464; x_wconf 90' lang='lat' dir='ltr'>(M.</span> <span class='ocrx_word' id='word_1_113' title='bbox 1505 1409 1624 1463; x_wconf 84' lang='lat'>380.)</span> 
     </span>
    </p>
   </div>
   <div class='ocr_carea' id='block_1_7' title="bbox 54 1498 1631 2960">
    <p class='ocr_par' dir='ltr' id='par_1_7' title="bbox 54 1498 1627 1779">
     <span class='ocr_line' id='line_1_17' title="bbox 172 1498 1625 1557; baseline -0.001 -13"><span class='ocrx_word' id='word_1_114' title='bbox 172 1499 414 1545; x_wconf 88' lang='lat' dir='ltr'>Reverendo</span> <span class='ocrx_word' id='word_1_115' title='bbox 444 1499 491 1543; x_wconf 92' lang='lat' dir='ltr'>in</span> <span class='ocrx_word' id='word_1_116' title='bbox 521 1498 687 1543; x_wconf 90' lang='lat' dir='ltr'>Christo</span> <span class='ocrx_word' id='word_1_117' title='bbox 719 1499 833 1557; x_wconf 89' lang='lat' dir='ltr'>patri</span> <span class='ocrx_word' id='word_1_118' title='bbox 874 1503 916 1544; x_wconf 92' lang='lat' dir='ltr'>et</span> <span class='ocrx_word' id='word_1_119' title='bbox 945 1500 1113 1544; x_wconf 88' lang='lat' dir='ltr'>domino</span> <span class='ocrx_word' id='word_1_120' title='bbox 1145 1499 1423 1554; x_wconf 90' lang='lat' dir='ltr'>B(ernhardo)</span> <span class='ocrx_word' id='word_1_121' title='bbox 1456 1502 1625 1543; x_wconf 88' lang='lat' dir='ltr'>sanctae</span> 
     </span>
     <span class='ocr_line' id='line_1_18' title="bbox 54 1576 1625 1635; baseline -0.002 -12"><span class='ocrx_word' id='word_1_122' title='bbox 54 1577 430 1623; x_wconf 90' lang='lat' dir='ltr'>Patherburnensis</span> <span class='ocrx_word' id='word_1_123' title='bbox 462 1577 687 1621; x_wconf 86' lang='lat' dir='ltr'>aecclesiae</span> <span class='ocrx_word' id='word_1_124' title='bbox 717 1577 949 1622; x_wconf 85' lang='lat' dir='ltr'>venerabili</span> <span class='ocrx_word' id='word_1_125' title='bbox 984 1578 1179 1635; x_wconf 89' lang='lat' dir='ltr'>episcopo</span> <span class='ocrx_word' id='word_1_126' title='bbox 1210 1578 1342 1621; x_wconf 80' lang='lat' dir='ltr'>frater</span> <span class='ocrx_word' id='word_1_127' title='bbox 1371 1576 1625 1631; x_wconf 88' lang='lat' dir='ltr'>W(ibaldus)</span> 
     </span>
     <span class='ocr_line' id='line_1_19' title="bbox 55 1655 1627 1713; baseline -0.002 -12"><span class='ocrx_word' id='word_1_128' title='bbox 55 1656 137 1701; x_wconf 91' lang='lat' dir='ltr'>Dei</span> <span class='ocrx_word' id='word_1_129' title='bbox 173 1656 310 1713; x_wconf 89' lang='lat' dir='ltr'>gratia</span> <span class='ocrx_word' id='word_1_130' title='bbox 345 1655 609 1700; x_wconf 90' lang='lat' dir='ltr'>Corbeiensis</span> <span class='ocrx_word' id='word_1_131' title='bbox 647 1656 873 1700; x_wconf 85' lang='lat' dir='ltr'>aecclesiae</span> <span class='ocrx_word' id='word_1_132' title='bbox 912 1655 1040 1700; x_wconf 92' lang='lat' dir='ltr'>abbas</span> <span class='ocrx_word' id='word_1_133' title='bbox 1078 1656 1316 1700; x_wconf 91' lang='lat' dir='ltr'>orationum</span> <span class='ocrx_word' id='word_1_134' title='bbox 1356 1658 1398 1700; x_wconf 89' lang='lat' dir='ltr'>et</span> <span class='ocrx_word' id='word_1_135' title='bbox 1437 1655 1627 1712; x_wconf 88' lang='lat' dir='ltr'>obsequii</span> 
     </span>
     <span class='ocr_line' id='line_1_20' title="bbox 54 1734 555 1779; baseline -0.004 0"><span class='ocrx_word' id='word_1_136' title='bbox 54 1735 250 1779; x_wconf 90' lang='lat' dir='ltr'>intimam</span> <span class='ocrx_word' id='word_1_137' title='bbox 280 1734 555 1778; x_wconf 91' lang='lat' dir='ltr'>devotionem.</span> 
     </span>
    </p>

    <p class='ocr_par' dir='ltr' id='par_1_8' title="bbox 55 1810 1631 2882">
     <span class='ocr_line' id='line_1_21' title="bbox 174 1810 1627 1869; baseline -0.001 -13"><span class='ocrx_word' id='word_1_138' title='bbox 174 1812 343 1857; x_wconf 89' lang='lat' dir='ltr'>Fratres</span> <span class='ocrx_word' id='word_1_139' title='bbox 375 1813 547 1869; x_wconf 90' lang='lat' dir='ltr'>quidam</span> <span class='ocrx_word' id='word_1_140' title='bbox 578 1812 630 1856; x_wconf 91' lang='lat' dir='ltr'>de</span> <span class='ocrx_word' id='word_1_141' title='bbox 659 1811 914 1855; x_wconf 86' lang='lat' dir='ltr'>monasterio</span> <span class='ocrx_word' id='word_1_142' title='bbox 946 1814 1115 1855; x_wconf 89' lang='lat' dir='ltr'>sanctae</span> <span class='ocrx_word' id='word_1_143' title='bbox 1144 1810 1303 1855; x_wconf 90' lang='lat' dir='ltr'>Mariae</span> <span class='ocrx_word' id='word_1_144' title='bbox 1339 1811 1394 1854; x_wconf 92' lang='lat' dir='ltr'>ad</span> <span class='ocrx_word' id='word_1_145' title='bbox 1422 1824 1499 1854; x_wconf 90' lang='lat' dir='ltr'>nos</span> <span class='ocrx_word' id='word_1_146' title='bbox 1530 1824 1627 1854; x_wconf 88' lang='lat' dir='ltr'>cum</span> 
     </span>
     <span class='ocr_line' id='line_1_22' title="bbox 55 1887 1626 1946; baseline -0.002 -11"><span class='ocrx_word' id='word_1_147' title='bbox 55 1890 208 1935; x_wconf 90' lang='lat' dir='ltr'>litteris</span> <span class='ocrx_word' id='word_1_148' title='bbox 237 1893 403 1934; x_wconf 85' lang='lat' dir='ltr'>vestrae</span> <span class='ocrx_word' id='word_1_149' title='bbox 434 1887 692 1934; x_wconf 90' lang='lat' dir='ltr'>sanctitatis¹</span> <span class='ocrx_word' id='word_1_150' title='bbox 721 1892 948 1945; x_wconf 88' lang='lat' dir='ltr'>venerunt,</span> <span class='ocrx_word' id='word_1_151' title='bbox 987 1903 1094 1945; x_wconf 89' lang='lat' dir='ltr'>quae</span> <span class='ocrx_word' id='word_1_152' title='bbox 1130 1889 1209 1933; x_wconf 92' lang='lat' dir='ltr'>hoc</span> <span class='ocrx_word' id='word_1_153' title='bbox 1247 1889 1400 1933; x_wconf 87' lang='lat' dir='ltr'>obnixe</span> <span class='ocrx_word' id='word_1_154' title='bbox 1438 1888 1626 1946; x_wconf 87' lang='lat' dir='ltr'>postula-</span> 
     </span>
     <span class='ocr_line' id='line_1_23' title="bbox 55 1966 1625 2025; baseline -0.002 -12"><span class='ocrx_word' id='word_1_155' title='bbox 55 1969 170 2025; x_wconf 89' lang='lat' dir='ltr'>bant,</span> <span class='ocrx_word' id='word_1_156' title='bbox 200 1971 249 2012; x_wconf 91' lang='lat' dir='ltr'>ut</span> <span class='ocrx_word' id='word_1_157' title='bbox 278 1968 550 2012; x_wconf 88' lang='lat' dir='ltr'>karissimum</span> <span class='ocrx_word' id='word_1_158' title='bbox 580 1969 755 2012; x_wconf 88' lang='lat' dir='ltr'>fratrem</span> <span class='ocrx_word' id='word_1_159' title='bbox 784 1970 977 2010; x_wconf 91' lang='lat' dir='ltr'>nostrum</span> <span class='ocrx_word' id='word_1_160' title='bbox 998 1967 1258 2022; x_wconf 88' lang='lat' dir='ltr'>Heinricum,</span> <span class='ocrx_word' id='word_1_161' title='bbox 1291 1966 1518 2011; x_wconf 83' lang='lat' dir='ltr'>aecclesiae</span> <span class='ocrx_word' id='word_1_162' title='bbox 1549 1980 1625 2010; x_wconf 91' lang='lat' dir='ltr'>no-</span> 
     </span>
     <span class='ocr_line' id='line_1_24' title="bbox 56 2045 1625 2104; baseline -0.002 -13"><span class='ocrx_word' id='word_1_163' title='bbox 56 2050 169 2091; x_wconf 90' lang='lat' dir='ltr'>strae</span> <span class='ocrx_word' id='word_1_164' title='bbox 200 2047 397 2104; x_wconf 88' lang='lat' dir='ltr'>priorem,</span> <span class='ocrx_word' id='word_1_165' title='bbox 431 2060 555 2103; x_wconf 91' lang='lat' dir='ltr'>quem</span> <span class='ocrx_word' id='word_1_166' title='bbox 575 2046 689 2090; x_wconf 90' lang='lat' dir='ltr'>idem</span> <span class='ocrx_word' id='word_1_167' title='bbox 708 2046 861 2089; x_wconf 80' lang='lat' dir='ltr'>fratres</span> <span class='ocrx_word' id='word_1_168' title='bbox 883 2045 1111 2101; x_wconf 86' lang='lat' dir='ltr'>elegerunt,</span> <span class='ocrx_word' id='word_1_169' title='bbox 1145 2046 1204 2089; x_wconf 91' lang='lat' dir='ltr'>eis</span> <span class='ocrx_word' id='word_1_170' title='bbox 1225 2046 1270 2088; x_wconf 92' lang='lat' dir='ltr'>in</span> <span class='ocrx_word' id='word_1_171' title='bbox 1302 2045 1497 2089; x_wconf 90' lang='lat' dir='ltr'>abbatem</span> <span class='ocrx_word' id='word_1_172' title='bbox 1528 2058 1625 2088; x_wconf 93' lang='lat' dir='ltr'>con-</span> 
     </span>
     <span class='ocr_line' id='line_1_25' title="bbox 57 2122 1627 2181; baseline -0.002 -12"><span class='ocrx_word' id='word_1_173' title='bbox 57 2125 311 2169; x_wconf 87' lang='lat' dir='ltr'>cederemus.</span> <span class='ocrx_word' id='word_1_174' title='bbox 372 2124 442 2167; x_wconf 91' lang='lat' dir='ltr'>Ad</span> <span class='ocrx_word' id='word_1_175' title='bbox 487 2138 614 2181; x_wconf 92' lang='lat' dir='ltr'>quam</span> <span class='ocrx_word' id='word_1_176' title='bbox 659 2123 913 2181; x_wconf 89' lang='lat' dir='ltr'>peticionem</span> <span class='ocrx_word' id='word_1_177' title='bbox 959 2137 1012 2166; x_wconf 84' lang='lat' dir='ltr'>ex</span> <span class='ocrx_word' id='word_1_178' title='bbox 1056 2123 1230 2167; x_wconf 91' lang='lat' dir='ltr'>consilio</span> <span class='ocrx_word' id='word_1_179' title='bbox 1271 2123 1446 2180; x_wconf 90' lang='lat' dir='ltr'>capituli</span> <span class='ocrx_word' id='word_1_180' title='bbox 1491 2122 1627 2166; x_wconf 87' lang='lat' dir='ltr'>nostri</span> 
     </span>
     <span class='ocr_line' id='line_1_26' title="bbox 57 2201 1627 2258; baseline -0.001 -12"><span class='ocrx_word' id='word_1_181' title='bbox 57 2206 222 2247; x_wconf 87' lang='lat' dir='ltr'>vestrae</span> <span class='ocrx_word' id='word_1_182' title='bbox 243 2202 485 2246; x_wconf 88' lang='lat' dir='ltr'>discretioni</span> <span class='ocrx_word' id='word_1_183' title='bbox 505 2201 806 2258; x_wconf 89' lang='lat' dir='ltr'>respondemus</span> <span class='ocrx_word' id='word_1_184' title='bbox 826 2201 1025 2258; x_wconf 91' lang='lat' dir='ltr'>primum,</span> <span class='ocrx_word' id='word_1_185' title='bbox 1060 2201 1160 2257; x_wconf 89' lang='lat' dir='ltr'>quia</span> <span class='ocrx_word' id='word_1_186' title='bbox 1178 2201 1350 2245; x_wconf 88' lang='lat' dir='ltr'>idoneas</span> <span class='ocrx_word' id='word_1_187' title='bbox 1372 2214 1520 2244; x_wconf 89' lang='lat' dir='ltr'>causas</span> <span class='ocrx_word' id='word_1_188' title='bbox 1541 2214 1627 2244; x_wconf 93' lang='lat' dir='ltr'>non</span> 
     </span>
     <span class='ocr_line' id='line_1_27' title="bbox 56 2278 1626 2336; baseline -0.002 -11"><span class='ocrx_word' id='word_1_189' title='bbox 56 2281 261 2336; x_wconf 83' lang='lat' dir='ltr'>videmus,</span> <span class='ocrx_word' id='word_1_190' title='bbox 293 2293 367 2323; x_wconf 93' lang='lat' dir='ltr'>cur</span> <span class='ocrx_word' id='word_1_191' title='bbox 397 2279 572 2323; x_wconf 89' lang='lat' dir='ltr'>dilectus</span> <span class='ocrx_word' id='word_1_192' title='bbox 603 2280 734 2323; x_wconf 84' lang='lat' dir='ltr'>frater</span> <span class='ocrx_word' id='word_1_193' title='bbox 763 2283 906 2323; x_wconf 90' lang='lat' dir='ltr'>noster</span> <span class='ocrx_word' id='word_1_194' title='bbox 927 2278 1187 2335; x_wconf 90' lang='lat' dir='ltr'>Counradus,</span> <span class='ocrx_word' id='word_1_195' title='bbox 1220 2280 1292 2336; x_wconf 92' lang='lat' dir='ltr'>qui</span> <span class='ocrx_word' id='word_1_196' title='bbox 1324 2279 1460 2323; x_wconf 90' lang='lat' dir='ltr'>eidem</span> <span class='ocrx_word' id='word_1_197' title='bbox 1481 2292 1626 2322; x_wconf 90' lang='lat' dir='ltr'>mona-</span> 
     </span>
     <span class='ocr_line' id='line_1_28' title="bbox 58 2357 1628 2415; baseline -0.002 -12"><span class='ocrx_word' id='word_1_198' title='bbox 58 2359 186 2403; x_wconf 89' lang='lat' dir='ltr'>sterio</span> <span class='ocrx_word' id='word_1_199' title='bbox 206 2357 376 2415; x_wconf 81' lang='lat' dir='ltr'>prefuit,</span> <span class='ocrx_word' id='word_1_200' title='bbox 409 2357 622 2401; x_wconf 90' lang='lat' dir='ltr'>commissi</span> <span class='ocrx_word' id='word_1_201' title='bbox 642 2357 724 2401; x_wconf 92' lang='lat' dir='ltr'>sibi</span> <span class='ocrx_word' id='word_1_202' title='bbox 743 2357 881 2413; x_wconf 88' lang='lat' dir='ltr'>gregis</span> <span class='ocrx_word' id='word_1_203' title='bbox 910 2371 1056 2401; x_wconf 92' lang='lat' dir='ltr'>curam</span> <span class='ocrx_word' id='word_1_204' title='bbox 1076 2357 1327 2411; x_wconf 83' lang='lat' dir='ltr'>deseruerit3</span> <span class='ocrx_word' id='word_1_205' title='bbox 1362 2358 1433 2414; x_wconf 93' lang='lat' dir='ltr'>qui</span> <span class='ocrx_word' id='word_1_206' title='bbox 1453 2360 1628 2414; x_wconf 89' lang='lat' dir='ltr'>propter</span> 
     </span>
     <span class='ocr_line' id='line_1_29' title="bbox 58 2435 1626 2492; baseline -0.003 -11"><span class='ocrx_word' id='word_1_207' title='bbox 58 2436 345 2481; x_wconf 89' lang='lat' dir='ltr'>heremiticam</span> <span class='ocrx_word' id='word_1_208' title='bbox 382 2435 513 2478; x_wconf 85' lang='lat' dir='ltr'>vitam</span> <span class='ocrx_word' id='word_1_209' title='bbox 550 2435 702 2478; x_wconf 83' lang='lat' dir='ltr'>fratres</span> <span class='ocrx_word' id='word_1_210' title='bbox 741 2448 858 2490; x_wconf 89' lang='lat' dir='ltr'>suos,</span> <span class='ocrx_word' id='word_1_211' title='bbox 898 2449 1001 2492; x_wconf 90' lang='lat' dir='ltr'>quos</span> <span class='ocrx_word' id='word_1_212' title='bbox 1039 2435 1333 2479; x_wconf 89' lang='lat' dir='ltr'>custodiendos</span> <span class='ocrx_word' id='word_1_213' title='bbox 1372 2437 1626 2491; x_wconf 88' lang='lat' dir='ltr'>susceperat,</span> 
     </span>
     <span class='ocr_line' id='line_1_30' title="bbox 59 2512 1627 2569; baseline -0.002 -11"><span class='ocrx_word' id='word_1_214' title='bbox 59 2514 272 2558; x_wconf 74' lang='lat' dir='ltr'>deserere*</span> <span class='ocrx_word' id='word_1_215' title='bbox 302 2526 387 2557; x_wconf 93' lang='lat' dir='ltr'>non</span> <span class='ocrx_word' id='word_1_216' title='bbox 419 2512 584 2567; x_wconf 89' lang='lat' dir='ltr'>debuit,</span> <span class='ocrx_word' id='word_1_217' title='bbox 624 2512 735 2555; x_wconf 88' lang='lat' dir='ltr'>inter</span> <span class='ocrx_word' id='word_1_218' title='bbox 766 2526 868 2568; x_wconf 91' lang='lat' dir='ltr'>quos</span> <span class='ocrx_word' id='word_1_219' title='bbox 901 2512 1031 2568; x_wconf 90' lang='lat' dir='ltr'>aliqui</span> <span class='ocrx_word' id='word_1_220' title='bbox 1062 2516 1202 2568; x_wconf 90' lang='lat' dir='ltr'>erant,</span> <span class='ocrx_word' id='word_1_221' title='bbox 1243 2513 1393 2569; x_wconf 86' lang='lat' dir='ltr'>quibus</span> <span class='ocrx_word' id='word_1_222' title='bbox 1427 2512 1627 2569; x_wconf 89' lang='lat' dir='ltr'>prodesse</span> 
     </span>
     <span class='ocr_line' id='line_1_31' title="bbox 58 2588 1627 2650; baseline -0.003 -14"><span class='ocrx_word' id='word_1_223' title='bbox 58 2592 216 2650; x_wconf 90' lang='lat' dir='ltr'>potuit;</span> <span class='ocrx_word' id='word_1_224' title='bbox 256 2591 366 2648; x_wconf 90' lang='lat' dir='ltr'>quod</span> <span class='ocrx_word' id='word_1_225' title='bbox 403 2590 624 2634; x_wconf 88' lang='lat' dir='ltr'>manifeste</span> <span class='ocrx_word' id='word_1_226' title='bbox 662 2590 809 2633; x_wconf 90' lang='lat' dir='ltr'>beatus</span> <span class='ocrx_word' id='word_1_227' title='bbox 847 2603 959 2647; x_wconf 91' lang='lat' dir='ltr'>papa</span> <span class='ocrx_word' id='word_1_228' title='bbox 989 2588 1216 2645; x_wconf 87' lang='lat' dir='ltr'>Gregorius</span> <span class='ocrx_word' id='word_1_229' title='bbox 1255 2590 1300 2632; x_wconf 91' lang='lat' dir='ltr'>in</span> <span class='ocrx_word' id='word_1_230' title='bbox 1336 2590 1456 2633; x_wconf 91' lang='lat' dir='ltr'>libris</span> <span class='ocrx_word' id='word_1_231' title='bbox 1495 2589 1627 2632; x_wconf 90' lang='lat' dir='ltr'>dialo-</span> 
     </span>
     <span class='ocr_line' id='line_1_32' title="bbox 59 2667 1631 2725; baseline -0.003 -12"><span class='ocrx_word' id='word_1_232' title='bbox 59 2683 207 2725; x_wconf 85' lang='lat' dir='ltr'>gorum</span> <span class='ocrx_word' id='word_1_233' title='bbox 237 2669 439 2713; x_wconf 82' lang='lat' dir='ltr'>ostendit:</span> <span class='ocrx_word' id='word_1_234' title='bbox 473 2669 545 2711; x_wconf 81' lang='lat' dir='ltr'>Ibi</span> <span class='ocrx_word' id='word_1_235' title='bbox 571 2667 764 2723; x_wconf 88' lang='lat' dir='ltr'>inquiens</span> <span class='ocrx_word' id='word_1_236' title='bbox 793 2669 972 2711; x_wconf 75' lang='lat' dir='ltr'>adunati</span> <span class='ocrx_word' id='word_1_237' title='bbox 999 2670 1273 2724; x_wconf 76' lang='lat' dir='ltr'>equanimiter</span> <span class='ocrx_word' id='word_1_238' title='bbox 1295 2669 1505 2725; x_wconf 75' lang='lat' dir='ltr'>portandi</span> <span class='ocrx_word' id='word_1_239' title='bbox 1533 2675 1631 2709; x_wconf 70' lang='lat' dir='ltr'>eunt</span> 
     </span>
     <span class='ocr_line' id='line_1_33' title="bbox 59 2744 1629 2802; baseline -0.003 -11"><span class='ocrx_word' id='word_1_240' title='bbox 59 2748 176 2801; x_wconf 80' lang='lat' dir='ltr'>mali,</span> <span class='ocrx_word' id='word_1_241' title='bbox 209 2748 284 2791; x_wconf 72' lang='lat' dir='ltr'>ubi</span> <span class='ocrx_word' id='word_1_242' title='bbox 312 2749 581 2790; x_wconf 74' lang='lat' dir='ltr'>inveniuntur</span> <span class='ocrx_word' id='word_1_243' title='bbox 602 2746 752 2802; x_wconf 83' lang='lat' dir='ltr'>aliqui,</span> <span class='ocrx_word' id='word_1_244' title='bbox 787 2747 863 2802; x_wconf 79' lang='lat' dir='ltr'>qui</span> <span class='ocrx_word' id='word_1_245' title='bbox 881 2747 1131 2788; x_wconf 76' lang='lat' dir='ltr'>adiuventur</span> <span class='ocrx_word' id='word_1_246' title='bbox 1151 2746 1261 2788; x_wconf 80' lang='lat' dir='ltr'>boni.</span> <span class='ocrx_word' id='word_1_247' title='bbox 1383 2744 1482 2787; x_wconf 91' lang='lat' dir='ltr'>Alia</span> <span class='ocrx_word' id='word_1_248' title='bbox 1503 2757 1629 2787; x_wconf 86' lang='lat' dir='ltr'>causa</span> 
     </span>
     <span class='ocr_line' id='line_1_34' title="bbox 61 2822 1629 2882; baseline -0.003 -13"><span class='ocrx_word' id='word_1_249' title='bbox 61 2827 149 2881; x_wconf 89' lang='lat' dir='ltr'>est,</span> <span class='ocrx_word' id='word_1_250' title='bbox 181 2838 310 2881; x_wconf 91' lang='lat' dir='ltr'>quare</span> <span class='ocrx_word' id='word_1_251' title='bbox 341 2824 627 2882; x_wconf 82' lang='lat' dir='ltr'>predictorum</span> <span class='ocrx_word' id='word_1_252' title='bbox 656 2823 837 2866; x_wconf 83' lang='lat' dir='ltr'>fratrum</span> <span class='ocrx_word' id='word_1_253' title='bbox 867 2822 1060 2866; x_wconf 89' lang='lat' dir='ltr'>electioni</span> <span class='ocrx_word' id='word_1_254' title='bbox 1092 2836 1310 2866; x_wconf 90' lang='lat' dir='ltr'>assensum</span> <span class='ocrx_word' id='word_1_255' title='bbox 1338 2822 1514 2879; x_wconf 88' lang='lat' dir='ltr'>prebere</span> <span class='ocrx_word' id='word_1_256' title='bbox 1544 2835 1629 2866; x_wconf 92' lang='lat' dir='ltr'>non</span> 
     </span>
    </p>

    <p class='ocr_par' dir='ltr' id='par_1_9' title="bbox 157 2918 1132 2960">
     <span class='ocr_line' id='line_1_35' title="bbox 157 2918 1132 2960; baseline -0.002 -10"><span class='ocrx_word' id='word_1_257' title='bbox 157 2929 184 2950; x_wconf 68' lang='lat' dir='ltr'>a.</span> <span class='ocrx_word' id='word_1_258' title='bbox 214 2921 359 2959; x_wconf 57' lang='grc' dir='ltr'>ιρι-ποια</span> <span class='ocrx_word' id='word_1_259' title='bbox 381 2920 466 2950; x_wconf 65' lang='lat' dir='ltr'>husus</span> <span class='ocrx_word' id='word_1_260' title='bbox 488 2921 601 2950; x_wconf 59' lang='lat' dir='ltr'><em>initium</em></span> <span class='ocrx_word' id='word_1_261' title='bbox 624 2919 679 2948; x_wconf 69' lang='lat' dir='ltr'>tm</span> <span class='ocrx_word' id='word_1_262' title='bbox 701 2930 794 2959; x_wconf 63' lang='lat' dir='ltr'>usque</span> <span class='ocrx_word' id='word_1_263' title='bbox 815 2919 859 2949; x_wconf 63' lang='grc' dir='ltr'>ω,</span> <span class='ocrx_word' id='word_1_264' title='bbox 882 2919 991 2960; x_wconf 64' lang='lat' dir='ltr'>tegitur</span> <span class='ocrx_word' id='word_1_265' title='bbox 1011 2919 1042 2948; x_wconf 67' lang='lat' dir='ltr'>in</span> <span class='ocrx_word' id='word_1_266' title='bbox 1063 2918 1132 2948; x_wconf 79' lang='lat' dir='ltr'>cod.</span> 
     </span>
    </p>
   </div>
   <div class='ocr_carea' id='block_1_8' title="bbox 156 2977 1346 3077">
    <p class='ocr_par' dir='ltr' id='par_1_10' title="bbox 156 2977 1346 3077">
     <span class='ocr_line' id='line_1_36' title="bbox 156 2977 507 3023; baseline -0.003 -10"><span class='ocrx_word' id='word_1_267' title='bbox 156 2978 190 3014; x_wconf 92' lang='lat'>1.</span> <span class='ocrx_word' id='word_1_268' title='bbox 215 2987 271 3023; x_wconf 91' lang='lat' dir='ltr'>ep.</span> <span class='ocrx_word' id='word_1_269' title='bbox 290 2977 360 3013; x_wconf 81' lang='lat'>398</span> <span class='ocrx_word' id='word_1_270' title='bbox 384 2987 507 3023; x_wconf 86' lang='lat' dir='ltr'>supra.</span> 
     </span>
     <span class='ocr_line' id='line_1_37' title="bbox 1268 3039 1346 3077; baseline 0 0"><span class='ocrx_word' id='word_1_271' title='bbox 1268 3039 1346 3077; x_wconf 61' lang='lat'>34*</span> 
     </span>
    </p>
   </div>
   <div class='ocr_carea' id='block_1_9' title="bbox 1647 320 1740 357">
    <p class='ocr_par' dir='ltr' id='par_1_11' title="bbox 1647 320 1740 357">
     <span class='ocr_line' id='line_1_38' title="bbox 1647 320 1740 357; baseline 0 -1"><span class='ocrx_word' id='word_1_272' title='bbox 1647 320 1740 357; x_wconf 85' lang='lat'>1152</span> 
     </span>
    </p>
   </div>
   <div class='ocr_carea' id='block_1_10' title="bbox 1651 1502 1743 1538">
    <p class='ocr_par' dir='ltr' id='par_1_12' title="bbox 1651 1502 1743 1538">
     <span class='ocr_line' id='line_1_39' title="bbox 1651 1502 1743 1538; baseline 0 0"><span class='ocrx_word' id='word_1_273' title='bbox 1651 1502 1743 1538; x_wconf 83' lang='lat'>1152</span> 
     </span>
    </p>
   </div>
  </div>
 </body>
</html>
