1924 3288
322 180 409 229 382
765 195 963 227 wmALm
990 196 1237 229 musi-omn
1265 197 1336 229 256.
1361 199 1430 230 257.

204 289 297 326 1150
320 290 454 344 pater,
483 288 608 332 modo
638 302 801 346 quoque
830 290 1013 347 obsecro,
1043 294 1092 336 ut
1120 292 1373 337 benedicatis
1403 295 1530 339 etiam
1557 298 1872 354 nmetapn-

319 361 531 422 pinquiori
570 370 745 422 cognato
783 381 876 412 meo
912 369 1093 413 novenni
1129 362 1384 427 prebendam
1417 376 1460 417 et
1485 372 1626 418 locum
1648 373 1874 432 *spadano-

319 443 567 486 concedatis.
613 443 722 488 Nam
753 445 833 489 etsi
861 459 946 490 non
975 460 1160 504 possum,
1190 448 1272 492 Dei
1302 449 1383 493 erit
1411 450 1668 508 retribuere,
1683 452 1723 496 si
1742 451 1875 497 eixvin

320 523 362 563 et
389 520 515 563 ianua
543 520 707 565 fueritis
727 523 920 567 veniendi
951 524 1005 568 ad
1031 525 1123 581 hoc,
1154 530 1202 570 ut
1220 527 1483 583 passionibus
1504 527 1662 573 Christi
1679 529 1726 574 in
1753 542 1872 575 mon-

320 598 471 641 asterio
503 598 580 642 sub
610 598 756 643 habitu
785 599 1026 646 monachico
1055 616 1132 660 per
1161 604 1414 661 pacientiam
1442 606 1679 665 participet.
1723 605 1873 667 Frater

318 678 456 719 vester
491 675 542 720 de
571 689 698 721 causa
726 677 804 722 hac
831 678 1039 735 legatione
1067 680 1256 736 fungitur
1285 695 1362 740 pro
1383 696 1471 738 me;
1501 686 1689 729 vestrum
1717 687 1796 741 est,
1813 667 1873 728 'ut

317 753 551 811 respiciatis
591 759 830 812 sperantem
865 756 910 800 in
946 757 1064 802 vobis
1102 762 1144 802 et
1172 773 1344 804 manum
1374 759 1618 806 clementiae
1645 761 1870 820 porrigatis

317 843 412 874 cum
441 830 594 876 fiducia
623 833 888 891 supplicanti.
948 834 1106 880 Valete.

320 977 437 1024 257.
467 981 726 1025 stabulenses
754 982 985 1026 Wibaldum
1017 985 1075 1027 ad
1101 1001 1144 1027 se
1172 986 1310 1028 venire
1339 993 1491 1043 optant.
1551 987 1727 1042 Petmm
1754 982 1805 1032 u‘e'
1817 986 1872 1032 ’ὲὲ

466 1055 582 1111 apud
619 1069 755 1111 regem
793 1055 957 1098 adiuvet
992 1063 1134 1099 contra
1174 1056 1407 1100 Gozuinum
1445 1065 1483 1100 et
1519 1058 1781 1107 Evam-dvm
1819 1061 1871 1103 de

464 1124 722 1182 Henqebach.
1656 1126 1729 1185 (Μ,
1751 1128 1870 1184 287.)

199 1212 292 1248 1150
433 1199 675 1245 Reverendo
704 1201 750 1245 in
770 1201 936 1246 Christo
965 1203 1078 1260 patri
1108 1217 1182 1247 suo
1213 1207 1255 1248 et
1284 1203 1452 1248 domino
1473 1203 1698 1260 W(ibaldo)
1719 1205 1870 1252 Stabu-

314 1277 422 1321 lensi
440 1278 669 1322 venerabili
699 1278 842 1323 abbati
870 1279 1040 1324 humilis
1064 1281 1141 1325 sub
1163 1295 1210 1325 eo
1231 1282 1407 1326 eodem‘
1395 1295 1440 1325 111
1459 1281 1550 1326 1000
1579 1296 1683 1338 grex
1702 1283 1870 1377 Christo

314 1354 500 1399 militans
531 1356 696 1400 debitae
726 1357 992 1401 subiectionis
1024 1361 1066 1401 et
1096 1357 1329 1402 dilectionis
1358 1360 1648 1404 reverentiam.

431 1431 563 1489 Licet,
593 1437 727 1490 pater,
752 1433 831 1477 hoc
848 1438 1036 1492 tempore
1055 1435 1177 1479 solito
1197 1436 1334 1480 rarius
1353 1437 1470 1481 vobis
1491 1441 1637 1482 nostra
1654 1437 1871 1496 scripserit

314 1510 585 1566 universitas,
622 1514 764 1554 tamen
799 1524 884 1554 non
921 1525 969 1555 eo
1005 1513 1159 1556 minori
1196 1513 1391 1558 karitatis
1421 1515 1568 1559 ardore
1598 1515 1710 1560 circa
1737 1516 1868 1560 vestri

315 1601 499 1632 amorem
529 1588 806 1644 accendimur,
837 1602 932 1632 cum
961 1590 1119 1634 tociens
1139 1604 1213 1634 vos
1243 1591 1363 1635 nobis
1395 1605 1485 1636 esse
1511 1596 1750 1650 presentem
1768 1594 1869 1641 esti-

313 1679 497 1721 memus,
528 1666 718 1722 quotiens
747 1666 917 1723 pietatis
947 1670 1111 1711 vestrae
1141 1668 1281 1711 studia
1309 1669 1422 1712 circa
1449 1682 1525 1712 nos
1557 1673 1599 1714 et
1626 1669 1764 1715 locum
1789 1683 1867 1715 no*-

313 1747 447 1786 strum
475 1743 798 1787 consideramus.
858 1743 960 1787 Inde
990 1748 1066 1800 est,
1103 1745 1213 1801 quod
1242 1745 1388 1790 salutis
1418 1750 1583 1791 vestrae
1610 1747 1867 1806 prosperita-

311 1824 399 1864 tem
428 1834 592 1878 semper
622 1825 831 1879 optamus,
869 1821 1050 1879 optando
1081 1823 1385 1879 desideramus,
1416 1824 1688 1869 desiderando
1718 1837 1866 1870 exort-

312 1912 417 1942 mus.
445 1897 682 1942 Salutantes
698 1898 838 1954 itaque
854 1899 1149 1955 paternitatem
1164 1904 1359 1957 vestram,
1376 1901 1642 1947 devotissime
1655 1914 1864 1960 rogamus,

311 1978 379 2031 ut,
417 1975 455 2019 si
490 1976 607 2020 salva
636 1976 772 2032 gratia
802 1976 959 2020 domini
996 1978 1130 2021 nostri
1158 1978 1269 2034 regis
1300 1979 1480 2036 optmeri
1508 1983 1665 2037 potest,
1703 1979 1759 2024 ad
1786 1993 1864 2025 nos

311 2053 447 2097 redire
467 2066 549 2097 non
572 2053 779 2108 abnuatiS,
811 2054 909 2110 quia
935 2058 1023 2097 tam
1052 2055 1097 2098 in
1126 2055 1373 2099 interiorum
1402 2069 1503 2100 cura
1532 2059 1574 2101 et
1603 2055 1865 2102 ordinatione

312 2144 437 2187 quam
466 2131 512 2174 in
541 2131 794 2175 exteriorum
816 2132 1080 2188 providentia
1101 2133 1324 2177 aecclesiae
1343 2137 1509 2178 vestrae
1529 2147 1578 2178 ac
1594 2132 1694 2179 filiis
1711 2134 1865 2180 vestris

310 2208 546 2252 necessaria
575 2211 619 2252 et
646 2207 762 2252 utilis
782 2212 923 2252 vestra
952 2213 1062 2253 esset
1090 2211 1314 2267 presentia.
1411 2211 1582 2255 Interim
1604 2214 1744 2272 autem
1763 2225 1863 2271 sup·

310 2284 535 2342 plicamus,
566 2290 615 2329 ut
644 2286 946 2342 querimoniam
975 2290 1184 2342 nostram,
1217 2301 1341 2344 quam
1371 2288 1522 2332 domno
1552 2289 1643 2346 regi
1670 2303 1748 2348 pro
1776 2289 1861 2334 illis

310 2363 363 2407 de
392 2362 644 2419 Hengebach
657 2359 668 2380 ¹
697 2363 1005 2408 transmisimus
1013 2361 1041 2420 ²,
1076 2378 1322 2422 promovere
1351 2366 1598 2421 dignemini3
1637 2367 1748 2424 quia,
1777 2367 1861 2412 nisi

311 2440 499 2485 districte
529 2453 654 2498 super
683 2453 746 2495 ea,
778 2454 884 2496 quae
913 2441 998 2485 iam
1022 2441 1200 2486 secundo
1221 2442 1443 2487 adversum
1462 2457 1536 2487 vos
1557 2448 1599 2488 et
1617 2444 1866 2490 aecclesiam·

310 2520 493 2562 vestram
513 2520 872 2575 perpetraverunt,
902 2518 1210 2575 coherceantur,
1235 2520 1369 2564 adhuc
1389 2521 1582 2576 graviora
1600 2522 1860 2567 committere

309 2608 395 2638 non
423 2594 641 2639 timebunt.
741 2593 961 2639 Caeterum
991 2610 1044 2640 ne
1075 2598 1259 2641 animum
1288 2601 1487 2654 vestrum,
1517 2598 1744 2643 maioribus
1772 2599 1860 2643 for·

310 2672 422 2716 sitan
456 2671 639 2728 negociis
675 2671 903 2728 intentum,
943 2674 1112 2718 scedula
1140 2674 1304 2730 longior
1334 2679 1406 2719 aut
1441 2675 1645 2732 prolixior
1680 2675 1860 2734 epistola

309 2748 549 2806 honeraret,
580 2749 702 2794 fiatri
731 2753 889 2805 vestro,
921 2752 1083 2795 custodi
1113 2752 1272 2796 scilicet
1299 2752 1542 2808 aecclesiae,
1573 2753 1734 2810 reliqua
1760 2766 1858 2798 nar·

309 2827 442 2871 randa
480 2827 763 2871 commisimus
772 2833 800 2883 ⁸,
839 2841 865 2871 0
902 2841 982 2884 quo
1020 2829 1071 2873 de
1108 2833 1220 2873 statu
1255 2843 1395 2873 rerum
1432 2834 1669 2874 nostrarum
1699 2834 1742 2875 01
1768 2834 1857 2875 tam

403 2913 431 2934 Ι..
459 2913 538 2934 Gom!
560 2917 587 2935 c.

403 2957 434 2994 1.
461 2955 627 2994 Gozuino
650 2959 689 2993 et
713 2955 910 2993 Everardo.
1007 2957 1042 2992 2.
1067 2957 1111 2994 V.
1130 2967 1189 3003 ep.
1206 2958 1287 2994 258.
