1924 3288
565 202 765 234 wreALm
793 202 1015 234 nrrs'rom
1044 201 1116 233 48⁶.
1533 190 1618 234 571

58 296 179 345 436.
204 299 416 343 meldas
455 299 786 357 archiepiscopus
816 299 1086 356 Moyuntinus
1115 298 1348 342 Wibaldwm
1378 299 1429 342 de
1458 299 1623 342 iniuriis

205 377 286 421 sibi
324 377 376 421 ab
407 375 648 420 Hermanno
687 378 832 419 comite
864 377 1054 434 palatino
1093 377 1219 420 illatis
1255 378 1467 420 certiorem
1497 376 1621 435 facit.

205 453 359 512 Roqat,
392 461 503 512 aqut,
528 461 575 497 ut
594 453 832 498 Fridericus
851 454 882 498 I
901 470 978 498 rex
998 455 1154 499 auxilio
1173 455 1253 498 sibi
1269 455 1332 497 sit.
1408 453 1481 508 (M.
1503 453 1622 508 438.)

176 541 426 598 A(rnoldus)
462 542 544 587 Dei
591 542 729 599 gratia
757 542 1029 599 Maguntinae
1065 543 1176 588 sedis
1213 542 1385 587 humilis
1430 543 1624 587 minister
1650 552 1742 588 1155

57 619 287 675 Wfflealdo)
316 621 544 665 reverendo
566 620 830 666 Gorbeiensis
857 621 1083 666 aecclesiae
1104 621 1247 665 abbati
1277 621 1458 666 salutem
1487 624 1530 666 et
1558 621 1623 665 in-

59 695 219 744 timam
239 697 518 744 dilectionem.

177 775 411 821 Nonnullae
443 777 674 833 gratiarum
706 776 890 820 actiones
917 778 1082 820 vestrae
1110 777 1331 821 referimus
1362 777 1625 833 benignitati,

62 854 174 912 quod
210 857 300 898 tam
336 855 546 911 fraterne,
585 857 674 899 tam
714 853 936 898 affectuose
972 854 1126 899 litteris
1157 855 1308 899 vestris
1345 869 1422 899 nos
1451 855 1626 899 visitare

61 933 241 979 curastis
279 934 341 989 et,
381 932 433 977 de
471 935 584 976 statu
622 932 766 976 domni
804 932 915 988 regis
955 935 997 976 et
1034 936 1175 977 vestro
1212 947 1291 991 per
1327 933 1510 989 gratiam
1545 932 1628 976 Dei

61 1024 265 1070 prospero
295 1024 372 1055 nos
403 1009 690 1066 certificando,
727 1009 878 1054 vulnus
917 1010 1210 1055 sollicitudinis
1246 1011 1298 1055 de
1329 1011 1454 1055 corde
1483 1014 1627 1054 nostro

63 1091 296 1147 amputare.
358 1088 518 1132 Bonam
549 1088 679 1144 igitur
709 1087 756 1131 in
786 1088 904 1132 vobis
939 1092 1155 1146 tamquam
1184 1089 1230 1132 in
1258 1089 1390 1134 fratre
1421 1092 1463 1133 et
1493 1089 1627 1133 amico

61 1166 260 1212 fiduciam
293 1166 518 1222 habentes,
559 1166 848 1222 conquerendo
885 1165 1150 1210 notificamus
1180 1166 1320 1212 vobis:
1361 1167 1473 1223 quod
1511 1167 1628 1224 pala·

62 1245 177 1291 tinus
208 1258 347 1290 comes
381 1244 432 1288 de
461 1243 577 1288 Reno
590 1240 613 1299 ¹,
645 1246 751 1287 teste
781 1243 872 1288 Deo
902 1244 1062 1288 nullam
1092 1244 1138 1288 in
1165 1258 1241 1288 nos
1265 1258 1436 1289 causam
1454 1245 1627 1301 habens,

56 1326 212 1369 'contra
238 1321 365 1367 fidem
395 1325 437 1366 et
466 1324 796 1378 sacramentum,
835 1335 917 1378 quo
947 1322 1068 1367 nobis
1101 1326 1191 1367 erat
1223 1323 1442 1379 astrictus,
1483 1337 1535 1367 ex
1563 1323 1629 1366 in-

65 1404 247 1460 sperato,
279 1415 333 1446 ex
361 1400 591 1458 improviso
622 1399 847 1444 aecclesiae
875 1399 1148 1456 Maguntinae
1179 1404 1222 1445 et
1245 1401 1368 1445 nobis
1399 1414 1495 1445 cum
1524 1414 1630 1444 non-

63 1479 191 1525 nullis
210 1478 447 1536 iniquitatis
468 1491 569 1522 suae
589 1477 861 1536 complicibus
881 1478 1105 1523 violentiae
1129 1492 1281 1525 manus
1299 1479 1459 1535 iniecit,
1491 1481 1631 1523 castra

63 1562 210 1603 nostra
239 1557 460 1613 destruxit,
490 1557 680 1601 homines
707 1560 873 1601 nostros
905 1557 1149 1614 captivavit,
1180 1560 1318 1602 curtes
1347 1560 1515 1602 nostras
1545 1570 1630 1601 non

65 1635 203 1681 solum
245 1635 406 1694 rapinis
453 1635 690 1679 devastavit
732 1642 900 1679 verum⁸
938 1635 1065 1679 etiam
1111 1649 1211 1680 suae
1251 1635 1402 1679 ditioni
1440 1636 1631 1692 subiecit,

66 1727 189 1758 sacra
218 1713 427 1758 cimiteria
457 1715 499 1757 et
529 1712 751 1757 aecclesias
781 1713 992 1770 spoliavit,
1023 1713 1119 1770 ipsa
1140 1713 1290 1758 altaria
1310 1717 1353 1758 et
1372 1714 1632 1758 venerabiles

67 1792 267 1849 reliquias
299 1791 556 1835 ornamentis
587 1790 675 1834 suis
706 1790 948 1847 denudavit,
978 1791 1024 1834 in
1050 1791 1351 1835 monachorum
1370 1792 1535 1836 irruens
1567 1805 1633 1836 ee-

67 1870 195 1915 nobia
226 1883 451 1926 eorumque
480 1869 744 1926 perfringens
775 1869 925 1925 eraria,
956 1868 1204 1924 sacrilegam
1225 1882 1419 1914 exercere
1438 1870 1634 1928 rapinam

68 1961 155 1993 non
190 1947 446 1992 formidavit.
494 1946 629 1991 Huius
667 1960 831 2003 quoque
868 1946 1104 2003 iniquitatis
1143 1949 1347 1991 auctores·
1365 1951 1560 1992 asserunt
1591 1954 1634 1992 et

69 2027 224 2084 ubique
255 2025 485 2081 divulgant,
517 2039 563 2070 se
594 2039 646 2069 ex
676 2025 875 2069 mandato
906 2024 1051 2069 domni
1080 2024 1192 2080 regis
1225 2025 1450 2070 aecclesiae
1479 2025 1562 2070 Dei
1592 2030 1634 2070 et

69 2105 191 2149 nobis
221 2104 330 2147 hanc
359 2102 558 2146 iniuriam
588 2103 796 2159 irrogare3
838 2104 949 2160 quod
979 2103 1124 2160 utique
1156 2116 1247 2158 eOS,
1278 2106 1496 2160 tamquam
1524 2102 1632 2148 filios

70 2182 300 2237 mendacii,
332 2181 486 2225 scimus
515 2180 622 2225 falso
653 2181 920 2225 coniectasse.
1041 2180 1367 2225 Fraternitatem
1403 2181 1534 2237 igitur
1562 2195 1633 2227 ve-

71 2263 217 2316 stram,
242 2273 408 2316 semper
427 2259 472 2302 in
491 2259 612 2303 bonis
634 2259 756 2303 nobis
777 2263 1007 2316 expertam,
1033 2273 1159 2317 quam
1178 2259 1326 2303 intime
1347 2259 1631 2316 deposcimus:

70 2341 140 2394 ut,
177 2338 244 2382 his
282 2336 494 2395 pressuris
532 2337 697 2380 nostris
724 2340 766 2380 et
794 2336 1134 2381 tribulationibus
1165 2337 1443 2394 condolendo,
1481 2338 1632 2382 domno

72 2416 163 2473 regi
193 2415 440 2471 suggeratis,
471 2418 519 2458 ut
549 2414 773 2459 aecclesiae
804 2428 904 2459 suae
935 2418 977 2458 et
1007 2415 1127 2460 nobis
1153 2414 1291 2460 debito
1314 2415 1470 2460 auxilio
1491 2416 1634 2471 digne-

73 2497 143 2538 tur
174 2493 417 2547 subvenire3
459 2495 500 2536 et
528 2491 681 2536 litteris
714 2493 800 2536 suis
832 2492 886 2536 ad
914 2497 1057 2550 partes
1088 2496 1253 2538 nostras
1285 2490 1478 2538 directis’
1507 2493 1634 2538 falsos

73 2571 168 2616 illos
198 2571 405 2616 delatores
437 2583 562 2628 super
591 2570 863 2628 inprudentia
891 2570 1121 2627 mendacii,
1160 2585 1241 2628 quo
1271 2571 1505 2615 maiestatis
1535 2585 1635 2616 suae

73 2649 199 2695 fidem
229 2648 557 2694 sincerissimam
587 2647 831 2692 insimulare
863 2651 906 2692 et
927 2650 1160 2694 incrustare
1190 2649 1503 2707 presumebant,
1534 2648 1636 2693 velit

76 2741 251 2784 arguere
282 2731 324 2772 et
353 2727 581 2771 confutare.

173 2832 199 2853 8.
226 2833 267 2854 uu
290 2835 315 2853 c·

172 2881 206 2916 1.
230 2880 474 2917 Hermannus.
569 2879 604 2915 2.
629 2888 675 2915 ex
699 2877 816 2915 Italia.
