1924 3288
287 216 375 260 214
732 225 931 256 wmALm
958 219 1208 256 ansi-oms
1235 223 1307 254 136.
1331 223 1401 254 137.

167 325 263 363 1148
286 323 410 378 ginae
445 324 631 366 vestram
668 320 945 364 eruditionem
981 318 1204 362 manifeste
1243 318 1484 362 docuerunt.
1530 314 1609 363 His
1643 314 1846 363 nimirum

174 1963 267 1999 1148

287 403 330 444 et
367 399 460 444 aliis
496 412 638 443 rerum
669 396 984 441 difficultatibus
1014 396 1249 454 perterriti,
1290 396 1392 453 quid
1420 398 1586 440 vestrae
1615 395 1849 454 sapientiae

283 478 538 535 respondere
569 476 793 519 debeamus
825 477 899 518 aut
925 475 972 518 in
1003 488 1084 531 quo
1115 473 1340 518 aecclesiae
1370 473 1491 517 nobis
1521 473 1769 518 commissae
1796 483 1850 518 ω’

285 558 454 598 nostrae
485 554 616 610 quieti
646 552 932 607 consulamus,
971 566 1023 596 ex
1061 550 1351 595 imbecillitate
1378 551 1533 595 mentis
1561 553 1733 595 nostrae
1760 562 1851 595 non

284 633 407 676 facile
445 631 677 687 disquirere
707 630 933 687 potuimus.
982 629 1056 673 Set
1086 628 1368 672 considerabit
1398 631 1441 672 et
1471 629 1778 673 animadvertet
1805 629 1850 673 et

286 710 412 766 eliget
448 709 645 753 discretio
682 711 844 763 vestra,
883 706 984 763 quid
1022 709 1169 750 sancta
1197 709 1334 750 mater
1362 709 1509 750 nostra
1536 705 1727 750 Romana
1755 718 1848 751 aee—

285 788 414 831 clesia
442 788 489 830 in
517 787 597 830 hac
627 799 754 829 causa
783 785 886 829 velit
916 784 1158 839 admittere,
1198 784 1300 841 quid
1330 783 1593 828 Corbeiensis
1623 783 1850 829 aecclesiae

284 866 381 922 paci
411 865 653 919 conveniat,
690 863 791 920 quid
819 865 989 906 nostrae
1019 861 1150 918 quieti
1179 860 1392 919 proficiat,
1425 861 1526 918 quid
1555 861 1727 906 tandem
1756 872 1850 907 aee-

285 943 414 987 clesia
451 942 502 986 de
532 938 779 985 Aldesleve¹
809 943 852 984 et
891 939 1050 983 amicus
1087 942 1233 983 noster
1269 939 1456 983 marchio
1493 940 1540 983 in
1574 939 1654 983 hoc
1681 939 1849 996 negotio

284 1023 375 1064 tute
410 1020 599 1077 recipere
636 1018 788 1062 valeat.
841 1017 952 1061 Nam
989 1017 1165 1061 verbum
1202 1017 1254 1061 de
1291 1016 1534 1073 Aldesleve,
1579 1017 1691 1074 quod
1727 1016 1850 1062 nobis

284 1112 362 1155 per
397 1098 593 1141 nuntium
629 1099 838 1151 vestrm,
876 1109 962 1138 non
997 1095 1043 1138 in
1076 1094 1252 1150 litteris,
1291 1097 1494 1151 tanquam
1523 1107 1616 1138 rem
1645 1097 1850 1140 secretam

284 1175 539 1230 mandastis,
576 1174 663 1217 iam
705 1173 816 1231 apud
852 1186 929 1216 nos
967 1172 1186 1227 vulgatum
1222 1174 1325 1215 erat.
1374 1171 1592 1228 Siquidem
1628 1171 1717 1216 1110·
1735 1172 1850 1216 idem

285 1254 419 1297 bonus
450 1253 517 1296 vir
547 1251 672 1295 solita
700 1250 872 1294 levitate
901 1263 987 1293 non
1018 1249 1163 1293 amicis
1195 1252 1260 1293 set
1290 1249 1597 1306 depositoribus
1628 1249 1729 1305 suis,
1764 1262 1851 1294 11011

286 1330 565 1374 familiaribus
588 1332 653 1373 set
671 1331 769 1386 post
788 1328 1093 1385 depositionem
1114 1340 1234 1370 suam
1262 1327 1390 1371 etiam
1410 1327 1710 1371 infamantibus
1732 1333 1851 1371 eum·

286 1409 363 1452 hec
384 1408 530 1452 eadem
549 1406 866 1464 propalaverat3
899 1408 941 1449 et
970 1405 1151 1460 eosdem,
1182 1408 1231 1447 ut
1250 1404 1304 1447 ad
1325 1405 1449 1460 diem,
1483 1419 1564 1461 quo
1590 1417 1668 1449 1108
1689 1407 1731 1449 et
1756 1404 1853 1462 ipse

287 1485 533 1531 conventuri
563 1497 744 1539 eramus,
775 1483 979 1538 venirent,
1011 1484 1246 1537 rogaverat,
1279 1494 1374 1525 cum
1395 1495 1472 1526 nos
1493 1482 1545 1526 de
1563 1482 1644 1527 hac
1672 1491 1852 1527 conven-

287 1565 401 1608 tione
421 1576 594 1620 prorsus
614 1562 918 1617 ignoraremus,
951 1562 1077 1616 atque
1103 1559 1198 1603 ideo
1225 1559 1578 1604 reconciliationis
1599 1559 1853 1617 colloquium

287 1642 405 1699 prius
435 1641 518 1684 fuit
546 1639 667 1683 nobis
699 1641 940 1696 suspectum
970 1650 1097 1694 quam
1126 1637 1352 1692 cognitum.

294 1783 409 1830 137.
436 1784 675 1828 Reinardus
693 1783 819 1826 abbas
833 1781 1148 1825 Reinelmsensis
1172 1781 1406 1824 Wibaldwm
1425 1788 1558 1838 roqat,
1575 1780 1818 1824 Heinn‘aom
1831 1779 1862 1824 I

439 1863 638 1906 deiectum
659 1861 846 1904 abbatem
868 1860 1148 1903 corbeiensem
1168 1859 1425 1915 indulyenter
1443 1858 1602 1902 habeat.
1638 1855 1710 1911 (Μ.
1736 1856 1852 1912 119.)

409 1950 575 1994 1)0111110
590 1947 817 2002 W(ibaldo)
838 1947 1069 1991 venerabili
1089 1946 1332 1991 Corbeiensi
1353 1946 1494 1991 abbati
1513 1946 1645 1990 frater
1662 1945 1855 2001 Meinas-

292 2029 386 2083 dus)
413 2029 460 2072 in
489 2027 686 2072 abbatum
706 2039 882 2069 numero
906 2025 1120 2080 minimus,
1152 2024 1350 2081 quicquid
1367 2023 1636 2068 fidelissimus
1661 2037 1711 2068 ac
1729 2023 1855 2069 devo-

293 2107 481 2152 tissimus
513 2104 691 2148 animus.

412 2182 660 2228 Dilectionis
680 2183 844 2225 vestrae
872 2179 1123 2237 presentiae,
1153 2179 1339 2222 virorum
1359 2178 1595 2233 karissime,
1625 2191 1855 2236 proposue—

294 2275 386 2307 ram
415 2274 484 2305 me
514 2258 788 2316 corporaliter
819 2257 1035 2312 exhibere,
1075 2260 1140 2300 set
1166 2270 1222 2300 ne
1250 2256 1296 2299 id
1324 2254 1462 2311 fieret,
1495 2255 1752 2312 equitaturo*
1782 2255 1855 2301 de-

295 2341 428 2385 fectus
447 2337 677 2396 prohibuit,
699 2349 823 2393 quem
842 2335 949 2378 mihi
969 2334 1185 2378 cuiusdam
1199 2334 1298 2378 vani
1313 2336 1356 2377 et
1369 2331 1521 2390 perfidi
1538 2332 1720 2377 hominis
1738 2333 1855 2378 fraus

298 2422 341 2462 et
361 2416 551 2474 deceptio
571 2415 683 2459 fecit.
730 2413 862 2469 Igitur
881 2412 1004 2456 venio
1025 2425 1101 2469 per
1120 2411 1283 2455 litteras
1308 2413 1351 2454 et
1370 2410 1579 2467 spiritum,
1601 2424 1649 2454 00
1668 2414 1855 2456 νοείτω

298 2495 565 2540 dilectionem
603 2492 790 2536 salutans
829 2489 1001 2545 affectu,
1040 2502 1163 2546 quem
1193 2501 1268 2532 vos
1299 2500 1352 2531 ex
1380 2486 1504 2542 longo
1534 2487 1736 2544 probasse
1769 2501 1855 2532 11011

300 2573 455 2617 dubito.
503 2571 684 2615 Causam
720 2581 841 2623 vero,
882 2581 961 2624 que
991 2580 1058 2610 me
1094 2566 1174 2610 hoc
1210 2569 1399 2622 tempore
1432 2567 1574 2621 preter
1603 2564 1856 2609 visitationis

299 2654 464 2696 vestrae
494 2647 747 2693 desiderium
777 2645 921 2689 venire
951 2644 1153 2700 voluerat,
1183 2641 1503 2701 probatissimae
1530 2641 1772 2687 discretioni
1798 2643 1856 2687 si-

300 2728 471 2784 mulque
500 2724 650 2784 pietati
678 2727 843 2767 vestrae
873 2722 1103 2777 committo,
1135 2720 1330 2778 quatinus
1351 2718 1462 2776 apud
1490 2732 1583 2762 eam
1602 2732 1688 2763 non
1716 2719 1856 2764 minus

301 2819 379 2863 pro
403 2818 453 2849 ea
480 2816 576 2847 mea
605 2802 764 2859 scripta
783 2814 910 2858 quam
929 2800 1049 2843 vivae
1068 2798 1183 2842 vocis
1202 2797 1330 2842 verba
1348 2795 1529 2852 valeant,
1547 2796 1665 2853 ethi,
1697 2796 1769 2854 qui
1787 2810 1857 2841 me

401 2914 427 2935 a.
456 2903 670 2935 infamantibus
691 2911 759 2933 eum
780 2903 889 2941 acripn·
905 2912 962 2940 pro
982 2899 1094 2931 infame
1114 2899 1182 2929 cod.
1263 2897 1294 2928 b.
1315 2896 1449 2936 equitare
1471 2908 1496 2926 c.

403 2968 436 3002 1.
461 2965 682 3011 Oldisleben,
707 2974 812 3001 coen.
828 2963 863 3000 d.
882 2963 1129 3010 Mognntinaa
1153 2961 1200 2998 ab
1223 2959 1394 2997 Erfordis
1416 2959 1464 2996 ad
1486 2959 1780 3006 septemtriones.
