1924 3288
291 183 381 232 310
737 198 936 230 wmmr
964 196 1214 229 EPISTOLAE
1240 194 1311 228 189.
1334 196 1405 228 190.

175 297 268 335 1149
291 295 331 339 ei
370 294 594 338 viciniores
625 295 765 349 erant,
804 305 949 336 curam
979 295 1154 348 gereret.
1200 291 1237 336 E
1268 292 1478 336 contrario
1506 291 1572 337 illi
1600 291 1654 336 de
1680 285 1854 337 Barcha

291 372 555 427 asserebant,
596 370 708 427 quod
737 370 914 414 eandem
945 369 1265 414 decimationem
1293 370 1546 415 inconcusse*
1566 369 1667 414 81110
1687 371 1853 414 contro-

290 449 431 494 versia
457 449 569 493 bona
597 447 680 492 fide
710 447 1009 505 possedissent,
1039 461 1124 491 non
1153 448 1246 491 iure
1274 447 1411 491 mutui
1431 460 1568 505 neque
1586 447 1853 504 commodati,

292 530 358 571 set
390 525 671 584 proprietario
703 528 747 569 01
774 525 1063 582 perseveranti
1091 524 1216 580 longe
1245 524 1359 568 ultra
1388 525 1578 582 spacium
1605 524 1784 582 triginta
1803 528 1855 570 ’01

292 604 414 648 11111118
438 616 662 657 annorum3
695 603 806 659 quod
824 602 986 647 idoneis
1006 601 1184 646 testibus
1205 615 1251 646 80
1270 602 1520 659 probaturos
1538 602 1852 660 promittebant:

291 681 440 725 Relata
477 683 542 724 081
570 680 855 724 controversia
885 680 939 724 ad
969 680 1196 738 synodum,
1238 682 1281 723 et
1310 679 1468 737 absque
1495 679 1622 724 ullius
1650 692 1856 739 personae

292 758 590 803 reclamatione
610 758 805 802 concordi
826 759 1034 802 sententia
1053 758 1285 802 iudicatum
1305 760 1388 801 est:
1415 757 1539 814 quod,
1560 758 1599 802 si
1616 757 1856 816 prepositus

294 835 492 880 ecclesiae
523 836 658 880 sancti
676 835 974 892 Bartholomei‚
1007 836 1079 893 qui
1108 849 1326 894 possessor
1356 835 1409 879 ab
1438 838 1616 893 utraque
1642 838 1765 894 parte
1784 848 1856 881 co·-

293 913 584 970 gnoscebatur,
614 913 715 957 licet
745 913 797 957 ab
829 913 962 957 altera
990 913 1101 957 male
1129 912 1228 958 fidei
1257 926 1475 970 possessor
1501 913 1723 970 diceretur,
1751 909 1856 970 legi-

293 991 408 1035 timis
437 991 630 1047 testibus,
663 991 735 1048 qui
764 1004 842 1048 per
869 993 1053 1035 'aetatem
1078 994 1121 1035 et
1139 990 1460 1046 intelligentiam
1480 990 1533 1035 de
1551 991 1856 1050 prescriptione

294 1070 497 1126 temporis
529 1072 690 1113 certum
718 1069 877 1113 ferrent
906 1069 1127 1125 iudicium,
1163 1068 1343 1126 probare
1370 1072 1533 1126 posset,
1569 1082 1615 1113 80
1644 1069 1785 1126 quiete
1813 1072 1858 1114 et

294 1147 492 1191 canonice
522 1147 773 1205 possedisse,
803 1146 939 1202 magis
970 1147 1010 1191 01
1038 1146 1230 1204 probatio
1250 1146 1522 1203 incumberet,
1553 1159 1681 1204 quam
1700 1147 1753 1204 ei,
1782 1147 1857 1204 qui

294 1227 484 1268 recenter
512 1225 559 1268 in
589 1224 764 1269 eandem
794 1225 1103 1282 possessionem
1131 1224 1306 1268 irruisse
1335 1238 1421 1269 non
1440 1224 1721 1269 dubitabatur.
1766 1223 1858 1278 Quo

296 1302 505 1346 sententia
533 1302 629 1360 plus
658 1302 744 1346 illis
774 1302 826 1346 de
845 1302 1038 1346 Nameka
1067 1315 1194 1358 quam
1223 1302 1308 1346 illis
1329 1302 1380 1346 de
1399 1301 1573 1347 Marcha
1590 1300 1854 1360 complacuit.¹

294 1379 409 1424 Haec
447 1382 564 1436 sunt,
605 1393 711 1436 quae
747 1394 873 1438 super
901 1379 982 1423 hac
1010 1393 1138 1423 causa
1167 1383 1210 1424 01
1236 1379 1418 1424 vidimus
1449 1383 1492 1425 et
1521 1379 1776 1436 audivimu83
1813 1382 1858 1425 et

295 1457 389 1501 ideo
419 1470 506 1501 non
533 1470 756 1515 possumus
787 1471 838 1502 ea
866 1471 953 1501 non
980 1456 1108 1513 loqui.

302 1674 416 1722 190.
447 1676 586 1721 Guido
616 1677 814 1719 diaconus
845 1677 1069 1720 cardinalis
1102 1676 1146 1720 S.
1167 1677 1335 1720 Mariae
1363 1679 1409 1720 in
1427 1679 1595 1735 porticu
1616 1677 1858 1723 Heius-im

445 1755 680 1811 episcopum
716 1754 975 1797 Mndemem
1015 1755 1067 1797 de
1111 1755 1321 1812 expianda
1367 1755 1535 1798 ecclesia
1570 1755 1858 1800 Kamina‘eeom·

445 1831 644 1874 hortatur.
1639 1830 1712 1886 (M.
1738 1832 1857 1887 173.)

182 1923 274 1959 1149
417 1918 588 1974 G(uido)
610 1922 779 1963 sanctae
798 1919 1011 1964 Romanae
1033 1918 1258 1964 aecclesiae
1277 1919 1501 1965 cardinalis
1519 1920 1717 1966 diaconus
1729 1918 1742 1940 ¹
1755 1934 1861 1980 apo*

298 1997 470 2043 stolicae
508 1996 620 2041 sedis
657 1996 819 2052 legatus
857 1997 1089 2053 H(einrico)
1120 1997 1330 2042 Mindensi
1366 1998 1561 2056 episcopo
1597 1998 1777 2044 salutem
1812 2002 1858 2044 et

298 2076 575 2121 dilectionem.

415 2151 678 2197 Venerabilis
709 2164 758 2196 ac
785 2151 961 2195 dilectus
980 2151 1113 2195 frater
1131 2154 1275 2197 noster
1295 2151 1557 2197 Corbeiensis
1578 2152 1707 2198 abbas
1725 2151 1856 2210 signi·

297 2231 439 2276 ficavit
474 2229 616 2285 nobis,
660 2228 905 2273 aecclesiam
935 2229 1275 2274 Kaminatensem
1312 2242 1390 2287 pro
1428 2243 1499 2286 eo,
1537 2230 1650 2287 quod
1685 2229 1855 2287 quidam

298 2322 404 2367 puer
433 2306 660 2351 monachus
691 2306 742 2350 de
772 2309 883 2350 tecto
911 2307 957 2350 in
976 2307 1265 2364 pavimentum
1284 2320 1482 2351 corruens
1511 2307 1734 2365 expiravit,
1762 2307 1855 2366 pol-

297 2387 431 2431 lutam
462 2398 566 2440 esse,
597 2397 755 2441 vosque
782 2384 871 2428 eius
891 2385 1286 2441 reconciliationem,
1315 2385 1414 2428 licet
1442 2385 1583 2442 sepius
1613 2385 1856 2444 interpella·

299 2464 421 2520 verit,
451 2476 584 2519 usque
612 2461 737 2505 modo
767 2462 993 2506 distulisse.
1055 2462 1163 2514 Quia
1193 2475 1291 2518 ergo
1322 2462 1457 2507 eidem
1485 2462 1607 2506 fratri
1635 2466 1780 2507 nostro
1809 2463 1855 2508 in

299 2540 577 2599 peticionibus
609 2538 709 2595 suis,
739 2542 912 2594 cogente
942 2553 1018 2583 nos
1048 2540 1258 2605 probitate
1288 2553 1377 2596 sua,
1407 2542 1608 2596 tanquam
1636 2539 1757 2584 nobis
1786 2553 1854 2584 as-

301 2620 450 2663 sistere
479 2617 691 2673 debemus,
720 2616 975 2660 fraternitati
994 2621 1160 2661 vestrae
1190 2620 1348 2662 attente
1376 2617 1561 2673 rogando
1591 2617 1854 2674 mandamus,

301 2697 498 2754 quatinus
535 2694 827 2753 purgationem
865 2707 939 2737 seu
977 2695 1357 2739 reconciliationem
1386 2694 1599 2752 predictae
1630 2694 1855 2740 aecclesiae

300 2774 476 2818 ulterius
506 2772 743 2816 nullatenus
774 2769 990 2814 differatis.

397 2862 431 2898 1.
455 2860 493 2898 S.
508 2859 646 2897 Mariae
667 2859 707 2896 in
729 2857 886 2906 porticu.
918 2857 1003 2894 vid.
1020 2868 1103 2904 epp.
1124 2859 1191 2896 121
1208 2862 1247 2896 01
1263 2859 1332 2896 184
1355 2869 1467 2905 supra
1489 2868 1528 2905 p.
1545 2858 1614 2895 195
1629 2861 1669 2896 et
1683 2859 1763 2896 303.
