1924 3288
315 189 404 232 474
819 203 1018 234 wmsnm
1045 203 1266 236 nprsrom
1295 204 1366 235 841.

199 299 290 336 1151
315 297 582 354 pretenderet
611 296 914 353 humilitatem,
945 297 1140 342 celestem
1168 302 1217 342 ut
1245 298 1454 343 credimus
1484 298 1718 346 offendebat
1742 301 1875 348 maie·

315 377 480 419 statem,
522 375 679 419 Verum
710 388 785 419 cur
812 375 996 420 diximus
1018 377 1177 431 electus,
1210 390 1304 421 cum
1325 377 1616 423 universorum
1633 391 1720 424 non
1736 378 1875 427 solum

313 452 498 497 lacrimis
544 456 587 496 et
625 453 819 511 precibus
860 453 961 510 quin
998 454 1125 498 etiam
1161 454 1356 499 violentis
1391 455 1595 500 manibus
1623 456 1681 501 sit
1713 459 1874 503 hactus

186 538 291 578 Ain-3
313 533 357 574 et
386 530 580 575 coactus?
626 531 799 575 Etenim
827 534 925 588 post
953 531 1114 576 obitum
1142 533 1276 590 patris
1305 533 1442 577 nostri
1458 533 1638 579 Arnoldi
1666 534 1873 594 archiepi-

312 609 448 665 scopi,
482 608 742 653 Coloniensis
773 608 1008 664 aecclesia,
1027 608 1205 654 salutem
1234 614 1278 654 et
1306 611 1611 668 protectionem
1637 625 1760 657 suam
1779 612 1873 660 iam

312 699 338 729 a
366 685 503 742 longis
532 689 646 730 retro
676 687 936 744 temporibus
967 687 1168 743 esuriens,
1197 688 1440 732 triduanum
1463 688 1782 735 ieiuniumcum
1799 690 1873 736 de-

311 763 465 807 siderio
496 767 741 808 cunctorum
770 764 925 808 indixit
954 768 1009 820 et,
1041 766 1312 823 comportatis
1342 779 1419 823 per
1449 779 1594 811 omnes
1611 768 1727 813 vicos
1755 767 1872 814 urbis

310 844 551 885 sanctorum
581 842 1140 900 confessorum⁴corporibus
1169 842 1372 899 Severini,
1403 842 1621 888 Guniberti
1650 848 1694 890 et
1712 845 1871 904 ailulfi,

310 919 383 975 qui
421 919 713 964 Coloniensem
751 920 995 965 aecclesiam
1031 921 1219 964 viventes
1255 920 1301 963 in
1338 933 1464 966 carne
1498 921 1798 980 plantaverant
1828 927 1872 970 et

307 997 354 1040 in
384 997 560 1042 caritate
590 998 735 1042 divina
763 998 1056 1054 dilataverant,
1085 997 1168 1042 Dei
1193 999 1490 1055 omnipotentis
1510 999 1871 1047 clementiamvlm-

306 1074 400 1118 mili
429 1088 554 1132 prece
579 1079 622 1120 et
646 1077 810 1120 sincera
829 1076 1049 1120 devotione
1068 1075 1414 1133 interpellabant:
1444 1080 1494 1122 ut
1510 1081 1658 1136 pastor
1675 1082 1870 1125 aeternus

306 1152 435 1197 talem
473 1153 561 1197 suis
599 1154 746 1198 ovibus
780 1157 994 1212 pastorem
1022 1167 1101 1211 per
1129 1154 1282 1198 merita
1312 1157 1354 1198 et
1381 1155 1700 1202 intercessiones
1726 1157 1870 1215 predi·

306 1233 470 1275 ctorum
499 1234 719 1289 pastorum
749 1232 968 1276 ostendere
1000 1235 1043 1275 et
1073 1231 1267 1276 ordinare
1297 1232 1561 1290 dignaretur,
1599 1235 1694 1292 qui,
1724 1242 1869 1280 eorum

304 1308 510 1352 imitando
540 1309 740 1366 vestigia,
779 1309 934 1367 populo
964 1309 1047 1354 Dei
1075 1313 1219 1367 posset
1248 1313 1291 1354 et
1319 1310 1481 1355 utiliter
1509 1325 1681 1369 preesse
1708 1316 1752 1358 et
1780 1312 1868 1359 effi-

305 1387 460 1431 caciter
490 1387 702 1444 prodesse.
763 1387 845 1432 Die
875 1401 988 1443 vero,
1025 1401 1109 1443 qua
1136 1387 1268 1431 futuri
1297 1388 1499 1433 antistitis
1529 1393 1622 1434 erat
1648 1390 1870 1437 formanda

304 1464 465 1520 electio,
494 1465 691 1509 invocata
720 1465 910 1509 devotius
933 1468 975 1509 et
995 1466 1195 1509 attentius
1216 1466 1352 1510 sancti
1373 1465 1556 1524 Spiritus
1576 1468 1728 1525 gratia,
1756 1469 1868 1514 votis

302 1543 576 1587 concordibus
617 1546 659 1587 et
694 1543 789 1601 pari
825 1547 1072 1588 cunctorum
1107 1544 1301 1588 ordinum
1332 1543 1631 1590 acclamatione
1657 1546 1867 1592 tra-timu

302 1621 356 1664 ad
385 1620 757 1665 inthronizandum
776 1621 916 1665 virum
935 1621 1232 1678 venerabilem,
1262 1624 1429 1666 vestrae
1459 1623 1694 1669 sanctitatis
1715 1622 1865 1682 filium,

300 1698 549 1755 Arnoldum‚
581 1700 754 1743 maioris
786 1699 1012 1743 aecclesiae
1032 1699 1315 1758 prepositum;
1347 1700 1419 1756 qui
1447 1700 1510 1744 ita
1536 1700 1865 1759 ministraverat,

299 1779 348 1820 ut
376 1777 486 1821 bono
517 1777 651 1832 gradu
682 1780 815 1821 esset·
846 1777 1024 1833 dignior,
1057 1781 1100 1822 et
1128 1777 1174 1821 in
1203 1777 1367 1822 modico
1399 1781 1524 1823 antea
1545 1777 1682 1824 fidelis
1693 1776 1719 1836 ¹,
1746 1782 1864 1839 post-

299 1854 472 1898 modum
503 1869 634 1912 supra
662 1854 798 1899 multa
826 1855 1092 1911 constitutus,
1124 1855 1293 1899 demum
1322 1856 1368 1900 in
1398 1856 1465 1900 sui
1486 1856 1647 1901 domini
1664 1857 1864 1915 gaudium

298 1933 506 1977 introiret.
559 1932 759 1977 Renitens
789 1947 889 1977 vero
921 1936 964 1977 et
990 1933 1224 1978 reclamans
1255 1934 1483 1978 excusabat
1509 1948 1557 1979 se
1583 1935 1738 1992 ipsum,
1765 1949 1864 1994 pre-

297 2011 473 2055 tendens
503 2010 704 2054 humilius
735 2025 861 2067 quam
891 2011 1031 2055 verius
1061 2011 1217 2055 virium
1252 2025 1424 2056 suarum
1452 2012 1790 2070 inbecillitatem,
1820 2017 1864 2059 et

298 2089 353 2132 ad
390 2089 639 2132 memoriam
668 2089 872 2133 reducens
900 2089 1155 2147 multiplices
1186 2089 1384 2134 ecclesiae
1412 2093 1582 2135 nostrae
1610 2103 1862 2149 conquassa-
1888 2121 1897 2128 κ

297 2166 433 2210 tiones
455 2169 498 2210 et
516 2167 676 2222 ruinas,
698 2169 741 2210 et
762 2180 832 2210 eos
851 2167 1051 2224 precipue
1072 2167 1257 2212 defectus
1271 2181 1452 2224 merens,
1473 2168 1585 2226 quod
1599 2168 1861 2215 Coloniensis

297 2243 499 2288 aecclesia
529 2244 643 2287 omni
672 2244 760 2288 fere
790 2245 994 2300 dignitate
1024 2258 1072 2290 ac
1100 2248 1322 2303 potestate,
1354 2260 1480 2302 quam
1510 2246 1536 2291 a
1564 2247 1663 2292 sede
1693 2250 1861 2305 aposte-

295 2321 378 2366 lica
405 2322 558 2379 priscis
588 2323 847 2380 temporibus
871 2323 1052 2379 gloriose
1073 2326 1303 2381 acceperat,
1332 2324 1492 2368 nudata
1508 2337 1681 2382 prorsus
1700 2327 1744 2370 et
1762 2339 1859 2384 spo-

294 2399 398 2444 liata
425 2399 652 2444 videretur.
693 2399 752 2444 Et
772 2400 872 2445 licet
890 2404 1059 2445 nostrae
1078 2401 1354 2446 fraternitatis
1374 2402 1626 2447 universitas
1644 2402 1692 2447 in
1710 2403 1858 2457 eodem

293 2491 458 2522 merore
486 2478 574 2522 iam
595 2478 668 2521 diu
698 2478 973 2535 contabuerit,
1004 2482 1160 2536 tamen,
1192 2479 1245 2524 de
1272 2483 1415 2524 vestra
1443 2479 1730 2525 misericordia
1758 2493 1858 2526 eon-

292 2554 374 2611 fisi,
406 2569 482 2613 spe
510 2555 622 2600 bona
651 2555 969 2600 consolabamur
993 2571 1110 2612 eum3
1141 2557 1329 2602 futurum
1357 2571 1442 2602 non
1461 2556 1714 2614 dubitantes,
1745 2559 1857 2615 quod

292 2636 435 2678 vestra
464 2633 687 2678 clementia
714 2633 848 2691 ipsius
880 2634 1132 2679 desiderium
1160 2638 1202 2680 et
1219 2638 1408 2679 nostram
1426 2635 1678 2693 peticionem
1696 2648 1856 2694 nequa-

293 2725 420 2768 quam
451 2712 673 2756 desereret.
735 2710 943 2756 Mittimus
974 2713 1116 2770 itaque
1147 2713 1200 2758 ad
1230 2716 1396 2758 vestrae
1426 2712 1696 2757 sublimitatis
1724 2714 1856 2771 pedes

291 2803 424 2833 unum
454 2790 506 2834 de
536 2788 768 2833 senioribus
800 2789 943 2845 Israel,
979 2804 1104 2847 quem
1133 2805 1210 2835 nos
1240 2791 1446 2846 novimus,
1478 2791 1589 2847 quod
1621 2805 1749 2836 senex
1778 2804 1854 2849 po-

291 2866 381 2924 puli
419 2867 476 2910 sit
514 2880 562 2910 ac
598 2867 821 2923 magister,
859 2881 944 2911 non
982 2868 1117 2912 solum
1155 2872 1291 2914 aetate
1330 2868 1516 2926 corporis
1553 2868 1743 2925 legitima
1778 2869 1853 2914 sed

387 2953 414 2974 a.
445 2953 514 2975 esse
536 2944 605 2975 cod.

387 2996 421 3031 1.
446 2995 536 3031 Luc.
555 2995 611 3041 19,
630 2995 687 3031 17.
