1924 3288
293 170 380 214 332
734 182 932 214 wmALm
961 182 1210 215 nmsrom
1237 184 1308 215 213.
1331 184 1426 216 214.-

177 280 268 318 1149
292 277 407 322 benti
437 276 634 322 ecclesiae
664 276 802 320 minus
831 279 972 334 potest
1000 276 1211 335 sufficere,
1247 278 1375 324 saluti
1403 293 1503 327 suae
1530 281 1758 341 provideat
1787 286 1844 342 et,

185 330 248 362 ¹³⁰⁰
250 354 404 413 quod
432 359 606 411 urgente
635 354 883 399 necessitate
904 355 1089 399 facturus
1110 356 1307 414 creditur,
1338 362 1486 416 sponte
1503 359 1688 406 cedendo
1705 360 1844 407 facere

290 434 476 491 incipiat.
527 432 645 485 Quod
674 432 894 476 consilium
922 436 1011 477 tam
1038 434 1132 491 ipse
1162 448 1287 491 quam
1316 435 1383 479 sui
1410 450 1496 481 non
1515 437 1638 484 facile
1655 438 1844 497 recipere

290 515 503 569 putantur.
623 509 688 554 De
722 509 793 554 illo
825 514 965 555 autem
993 525 1161 556 rumore
1191 512 1342 570 altero,
1383 514 1455 570 qui
1482 519 1671 562 nostram
1698 530 1843 575 perso-

290 604 388 636 nam
417 588 601 646 respicit,
637 587 745 631 sicut
773 601 851 632 nec
878 589 1205 646 concupivimus,
1235 603 1314 635 nec
1342 604 1579 649 speramus-33
1609 597 1735 652 atque
1761 594 1843 639 im-

289 671 499 711 maturum
526 665 694 710 omnino
715 668 792 721 est,
821 679 899 710 nec
919 667 1140 724 quicquam
1160 668 1408 726 audivimus,
1437 683 1516 715 nec
1532 670 1664 716 fuisse
1680 675 1849 721 motum*

289 745 552 788 arbitramur.
601 743 714 787 Tuae
742 743 1045 789 benivolentiae
1075 758 1125 790 ac
1153 745 1416 791 discretionis
1446 747 1539 805 erit,
1567 751 1630 806 ut,
1659 749 1770 794 sicut
1795 750 1842 795 in

289 823 402 867 omni
417 835 608 866 sermone
622 822 869 866 memoriam
882 823 1016 866 nostri
1030 823 1206 868 iocunde
1222 827 1265 868 et
1277 824 1562 871 favorabiliter
1574 825 1731 872 habere
1742 840 1842 873 con-

288 900 474 956 suevisti,
511 900 571 944 sic
599 900 646 943 in
674 898 756 943 isto
786 912 933 943 caveas
964 913 1014 944 ea
1041 899 1169 957 loqui,
1205 915 1312 958 quae
1340 905 1509 948 nostrae
1536 903 1770 960 integritati
1798 909 1842 951 et

286 979 422 1023 famae
437 978 575 1035 aliquo
589 977 713 1021 modo
728 977 912 1034 possint·
929 977 1158 1022 detrahere.
1188 978 1311 1035 Vale3
1333 983 1375 1025 et
1389 994 1480 1038 nos,
1500 984 1549 1027 ut
1566 982 1683 1040 facis3
1698 982 1843 1040 dilige.

290 1151 407 1198 214.
436 1151 612 1195 Senatus
634 1151 896 1210 populusque
917 1151 1132 1194 Romanus
1156 1151 1391 1196 Conradum
1419 1169 1568 1212 reqem,
1598 1162 1645 1200 ut
1661 1156 1840 1202 Romam

432 1230 587 1283 veniat,
622 1228 848 1271 hortantur.
909 1229 1160 1272 Declamant
1187 1238 1328 1274 contra
1359 1232 1677 1278 dominationem
1697 1249 1841 1294 popa-

433 1308 522 1350 lem.
568 1307 638 1350 De
658 1305 834 1364 foedere
855 1316 1001 1364 'papae
1032 1313 1070 1350 et
1096 1307 1270 1365 Royerii
1297 1310 1406 1367 reyis
1437 1309 1616 1355 Siciliae.
1661 1310 1843 1370 Leyatoe

431 1399 526 1427 suos
556 1383 839 1427 commendant
850 1379 871 1425 ¹.
1622 1386 1696 1442 (Μ.
1717 1380 1837 1445 211.)

170 1483 262 1519 1149
403 1471 765 1517 Excellentissimo
797 1474 921 1528 atque
949 1471 1138 1529 preclaro
1158 1471 1282 1517 Urbis
1314 1477 1356 1518 et
1385 1475 1498 1520 orbis
1524 1477 1654 1522 totius
1673 1477 1841 1523 domino

288 1550 512 1605 Con(rado)
543 1549 624 1593 Dei
660 1549 797 1604 gratia
824 1548 1106 1593 Romanorum
1142 1551 1232 1606 regi
1269 1565 1434 1610 semper
1467 1558 1643 1610 augusto
1671 1559 1841 1601 senatus

284 1628 545 1687 populusque
574 1626 786 1670 Romanus
824 1626 1000 1671 salutem
1038 1631 1080 1671 et
1108 1627 1285 1673 Romani
1314 1630 1483 1688 imperii
1510 1631 1674 1678 felicem
1703 1637 1747 1679 et
1773 1634 1839 1688 ἰιι-Γ

283 1706 426 1751 clitam
456 1704 810 1761 gubernationem.

399 1782 545 1839 Regali
576 1781 843 1826 excellentiae
873 1795 948 1839 per
977 1781 1160 1839 plurima
1187 1783 1273 1828 iam
1304 1784 1462 1843 scripta
1490 1789 1635 1831 nostra
1661 1786 1774 1833 facta
1794 1792 1838 1834 et

283 1861 451 1918 negotia
473 1860 695 1916 diligenter
722 1859 1002 1916 exposuimuS,
1035 1861 1239 1917 quomodo
1268 1862 1314 1906 in
1342 1866 1483 1907 vestra
1510 1862 1712 1911 fidelitate
1738 1879 1835 1924 per-

282 1952 524 1984 maneamus
563 1951 612 1982 ac
648 1951 725 1996 pro
755 1940 897 1982 vestra
933 1938 1142 1995 imperiali
1179 1952 1332 1984 corona
1368 1940 1591 1985 exaltanda
1625 1944 1669 1986 et
1701 1943 1835 1988 omni-

282 2017 405 2062 modo
437 2016 627 2072 augenda
653 2016 805 2060 cotidie
826 2016 1096 2059 decertamus·
1115 2019 1120 2024 '
1138 2016 1211 2060 Ad
1227 2031 1306 2074 que
1327 2018 1426 2074 quia
1442 2018 1595 2074 regalis
1613 2018 1834 2078 industria,

281 2098 330 2139 ut
357 2093 674 2152 postulavimus,
703 2093 932 2138 rescribere
963 2093 1134 2149 dignata
1162 2107 1246 2138 non
1267 2094 1361 2151 fuit,
1391 2095 1516 2153 plane
1537 2086 1739 2154 tanquam
1756 2097 1835 2143 filii

283 2176 325 2217 et
353 2171 495 2216 fideles
526 2171 577 2215 de
607 2171 774 2214 domino
810 2174 852 2215 et
881 2174 1001 2228 patre
1031 2171 1133 2215 satis
1163 2171 1377 2217 miramur.
1437 2173 1524 2219 Nos
1554 2174 1687 2232 enim,
1718 2175 1834 2233 quic-

283 2249 383 2307 quid
403 2248 578 2305 agimus,
609 2261 686 2305 pro
706 2251 846 2292 vestra
867 2247 1068 2293 fidelitate
1099 2252 1141 2292 et
1169 2249 1326 2294 honore
1344 2250 1532 2295 facimus.
1572 2251 1631 2296 Et
1650 2252 1831 2311 quidem,

280 2340 458 2384 regnum
487 2329 529 2370 et
556 2326 780 2383 imperium
799 2324 1032 2369 Romanum
1052 2329 1190 2371 vestro
1222 2341 1248 2371 a
1265 2327 1355 2372 Deo
1377 2327 1571 2384 regimini
1589 2341 1832 2376 concessum

283 2404 468 2450 exaltare
505 2406 629 2460 atque
666 2402 920 2460 amplificare
954 2404 1189 2461 cupientes,
1229 2405 1275 2449 in
1304 2418 1396 2449 eum
1428 2408 1604 2463 statum,
1641 2419 1722 2464 quo
1750 2407 1832 2453 fuit

282 2487 470 2541 tempore
499 2480 761 2525 Constantini
792 2484 834 2524 et
862 2480 1082 2525 Iustiniani
1112 2482 1183 2538 qui
1212 2485 1347 2526 totum
1376 2482 1518 2528 orbem
1539 2483 1682 2540 vigore
1710 2497 1830 2530 sena-

281 2564 350 2605 tus
380 2562 423 2604 et
449 2558 596 2618 populi
622 2557 799 2602 Romani
829 2559 915 2602 suis
944 2562 1167 2604 tenuerunt
1194 2559 1408 2616 manibus,
1440 2560 1652 2618 reducere,
1682 2565 1830 2607 senatu

281 2651 359 2696 pro
388 2637 454 2682 his
484 2635 675 2681 omnibus
705 2634 785 2679 Dei
816 2637 952 2691 gratia
980 2638 1188 2694 restituto,
1219 2641 1262 2682 et
1290 2638 1363 2694 eis,
1394 2637 1466 2695 qui
1484 2641 1623 2683 vestro
1651 2638 1828 2697 imperio

282 2728 448 2774 semper
482 2713 657 2759 rebelles
688 2716 807 2759 erant
837 2714 988 2771 quique
1017 2718 1181 2759 tantum
1209 2714 1409 2760 honorem
1436 2714 1623 2761 Romano
1650 2716 1828 2775 imperio

375 2819 410 2904 ἶ.
429 2809 727 2914 lazet-epistola
754 2865 892 2913 legitur
922 2866 1032 2904 etiam
1060 2877 1119 2914 ap.
1134 2866 1303 2905 Ottonem
1326 2866 1486 2915 Frising.
1501 2866 1616 2906 Gesta
1637 2866 1825 2916 F'riderici,

280 2926 311 2963 1.
335 2937 368 2964 e.
384 2927 443 2964 28.
