1924 3288
292 184 380 230 418
737 197 936 229 wmALm
964 197 1214 230 sprs'roms:
1242 198 1313 230 290.
1337 198 1409 230 291.

129 297 222 334 1150
291 292 412 337 iuxta
441 291 553 349 quod
582 292 627 336 in
658 291 892 350 privilegiis
922 293 1226 350 imperatorum
1256 296 1299 338 et
1317 307 1465 350 regum
1485 294 1629 339 videre
1645 293 1855 353 ponda-‚⁶

67 346 182 385 ‘'mg'—
194 347 278 385 sept'
293 385 384 415 esse
415 374 457 415 et
476 383 725 427 permanere
744 370 936 415 iubeatiS.
983 371 1130 428 Neque
1157 373 1270 416 enim
1291 373 1528 417 sanctitatis
1548 375 1715 418 vestrae
1732 386 1866 418 am·

290 448 666 505 pseudomonachis
701 448 1042 493 Hasteriensibus
1079 451 1393 494 accommodare
1433 453 1620 508 oportet,
1659 451 1734 507 qui
1768 451 1858 495 otiu

290 530 485 570 vacantes
515 525 668 569 fabulis
699 526 882 582 student,
913 539 1024 570 vana
1053 530 1096 571 et
1125 528 1338 585 superflua
1367 528 1628 572 meditantur
1647 531 1693 572 et·
1707 532 1861 586 pacem

290 604 490 648 ecclesiae
520 603 784 647 conturbant.
833 603 1050 661 Siquidem
1071 605 1247 650 ecclesia
1265 605 1621 651 Walciodorensis
1651 605 1705 650 ab
1733 605 1863 652 inim

287 681 546 725 fundationis
578 695 679 725 suae
710 681 913 726 aecclesia
943 682 1207 728 Hasteriensi
1238 688 1280 728 et
1300 684 1402 729 villa
1422 687 1466 728 et
1485 683 1679 728 omnibus
1699 696 1858 741 appen-

288 760 404 804 ditiis
443 760 533 803 eius
571 773 648 817 per
693 760 916 817 privilegia
952 774 1101 816 regum
1147 765 1190 806 et
1226 762 1531 820 imperatorum
1579 765 1623 805 et
1657 761 1860 819 precipuo

287 837 454 882 decreto
483 837 702 881 Benedicti
731 852 867 896 papae
897 838 1067 895 septimi
1100 843 1225 883 aucta
1255 843 1334 896 est,
1371 843 1414 884 et
1442 839 1549 883 inibi
1577 838 1680 883 ordo
1709 850 1856 884 mona».-

286 916 415 960 sticus
447 915 500 960 ab
531 916 681 960 abbate
701 915 1032 961 Walciodorensi
1062 916 1295 962 institutus.
1356 917 1477 970 Quod
1512 930 1610 961 cum
1636 917 1700 961 ita
1726 916 1858 973 nitet

284 993 330 1037 in
359 994 566 1037 memoria
587 994 700 1052 apud
718 994 941 1051 plerosque
960 994 1181 1051 habeatur,
1214 995 1326 1052 quod
1346 995 1534 1040 defuncti
1554 994 1684 1040 etiam
1701 994 1856 1039 fian-es

285 1071 337 1116 de
366 1071 566 1116 Hasteria
594 1072 640 1115 in
670 1072 876 1117 cimiterio
896 1071 1229 1117 Walciodorensi
1268 1073 1500 1130 antiquitus
1532 1071 1856 1130 sepeliebantur,

284 1163 482 1206 rogamus
514 1150 781 1194 sanctitatem
811 1154 1010 1208 vestram,
1041 1156 1090 1196 ut
1109 1151 1392 1195 temeritatem
1414 1150 1718 1195 insanientium
1735 1163 1856 1195 mon-

285 1228 486 1272 achorum
521 1227 858 1272 Hasteriensium
903 1230 1166 1274 auctoritatis
1212 1232 1378 1273 vestrae
1420 1229 1542 1284 virga
1579 1227 1855 1286 compescatis

285 1309 350 1362 et,
381 1309 430 1350 ut
460 1306 514 1350 ad
543 1319 693 1363 pacem
724 1309 767 1350 et
796 1307 1063 1351 concordiam
1092 1308 1271 1351 fratrum
1303 1320 1476 1350 suorum
1505 1306 1702 1362 redeant,
1741 1318 1855 1351 com÷

283 1383 472 1441 pellatis;
505 1387 591 1440 aut,
623 1385 661 1427 si
691 1388 976 1440 contemnunt,
1008 1389 1211 1441 tanquam
1230 1384 1407 1428 rebelles
1436 1387 1479 1428 et
1509 1383 1753 1441 apostolicis
1780 1383 1855 1428 de-

284 1461 409 1506 cretis
426 1461 728 1518 inobedientes,
746 1462 798 1506 de
812 1464 1068 1506 monasterio
1085 1463 1164 1507 eici
1179 1462 1358 1506 faciatis.
1389 1461 1652 1519 Responsum
1666 1464 1856 1506 vestrum

282 1540 547 1596 tempestive,
578 1540 793 1584 humiliter
824 1543 867 1584 et
896 1540 1050 1584 obnixe
1072 1539 1314 1595 flagitando,
1347 1542 1632 1596 expectamus.
1679 1539 1789 1583 Nam
1806 1538 1854 1583 in

283 1617 477 1674 proximo
508 1631 586 1675 pro
617 1618 825 1673 legatione
857 1618 1016 1662 domini
1046 1618 1182 1662 nostri
1210 1618 1322 1673 regis
1355 1621 1397 1661 et
1415 1617 1537 1672 regni
1555 1616 1732 1661 Romam
1754 1630 1855 1674 pro—

283 1694 414 1738 ficisci
443 1695 715 1751 intendimus,
746 1696 819 1739 ubi
850 1696 977 1739 etiam
998 1695 1349 1740 Walciodorensis
1381 1695 1545 1739 abbatis
1565 1707 1736 1740 causam
1754 1707 1853 1752 pro-

283 1786 452 1817 movere
483 1773 734 1817 omnimodis
765 1777 1016 1830 satagemus.

286 1914 404 1962 291.
435 1917 669 1975 Stephanus
691 1919 905 1975 episcopus
924 1918 1119 1960 Metensis
1143 1918 1330 1961 Wibaldo
1353 1917 1524 1973 deleqat,
1549 1924 1595 1959 ut
1613 1915 1851 1959 Hastert'en-

432 2012 494 2038 ses
515 1997 574 2038 ad
593 1997 830 2053 obsequium
851 1995 1042 2038 ecclesiae
1059 1995 1400 2038 Walciodorensis
1419 1995 1600 2037 reducat.
1647 1991 1850 2046 (M272.)

118 2089 212 2124 1150
404 2082 643 2140 Stephanus
691 2083 773 2127 Dei
816 2084 955 2139 gratia
996 2083 1096 2127 licet
1138 2083 1335 2138 indignus
1375 2081 1574 2126 Metensis
1629 2082 1851 2140 episcopus

59 2137 270 2176 Aug—8⁶¹³*
283 2158 511 2215 W(ibaldo)
543 2160 774 2205 venerabili
806 2160 1046 2205 Stabulensi
1077 2160 1219 2205 abbati
1249 2160 1427 2204 salutem
1458 2163 1500 2204 et
1530 2158 1807 2203 dilectionem.

403 2238 523 2290 Quod
553 2239 605 2282 de
636 2238 859 2282 dilectione
890 2252 939 2282 ac
968 2238 1257 2282 familiaritate
1286 2251 1383 2282 mea
1404 2251 1479 2281 vos
1509 2235 1717 2282 confidere
1746 2236 1850 2280 dici-

283 2316 352 2372 tis,
384 2316 527 2359 sciatis
557 2329 634 2373 pro
666 2319 793 2370 certe,
826 2316 937 2372 quod
966 2316 1064 2360 inde
1096 2329 1222 2373 quam
1251 2315 1479 2373 plurimum
1505 2313 1712 2359 confidere
1729 2316 1849 2372 poto-

283 2394 373 2438 stis.
442 2393 507 2437 De
543 2393 759 2436 monachis
798 2407 896 2436 vero
935 2393 1275 2438 Hasteriensibus
1315 2392 1427 2449 quod
1463 2391 1691 2449 scripsistis
1728 2391 1849 2447 mihi,

284 2471 384 2528 quia
414 2471 534 2528 quasi
565 2470 744 2527 quadam
776 2471 969 2514 taurinae
1000 2471 1175 2515 cervicis
1204 2471 1372 2514 feritate
1395 2468 1595 2513 ecclesiae
1613 2467 1848 2514 Walciodo-

282 2549 397 2593 rensi
426 2548 596 2592 subesse
626 2547 905 2604 reluctantur,
938 2548 1159 2604 sagacitati
1188 2551 1352 2591 vestrae
1382 2547 1619 2602 committo,
1651 2546 1848 2603 quatinus

282 2626 327 2670 in
367 2626 514 2670 eodem
550 2629 695 2670 tenore
734 2629 776 2669 et
811 2625 956 2680 modo,
999 2639 1080 2682 quo
1117 2639 1187 2669 eos
1219 2624 1449 2680 antiquitus
1479 2623 1609 2668 fuisse
1639 2622 1847 2668 didicistis

283 2706 326 2748 et
362 2704 501 2759 scitis,
542 2703 671 2747 etiam
706 2715 817 2746 nunc
853 2706 1052 2760 precepto
1085 2716 1133 2746 ac
1164 2702 1376 2746 voluntate
1408 2715 1505 2745 mea
1532 2714 1704 2746 manere
1733 2713 1847 2745 com-

281 2781 463 2840 pellatis.
510 2780 558 2825 Si
589 2780 700 2825 enim
730 2780 775 2823 in
805 2787 1027 2837 compage·
1058 2780 1245 2837 corporis
1276 2779 1425 2837 capitis
1455 2778 1569 2823 illius
1589 2777 1844 2823 voluntma-

280 2873 394 2915 nere,
427 2859 538 2916 quod
560 2858 750 2902 Christus
782 2860 859 2913 est,
891 2861 1056 2914 oportet
1087 2871 1170 2914 eos,
1202 2858 1311 2901 sicut
1338 2855 1527 2900 membra
1557 2855 1744 2914 corporis
1774 2868 1844 2900 ca-

377 2963 404 2985 a.
431 2963 574 2994 cumpace
595 2966 622 2984 c.
