1924 3288
573 219 772 250 wmALm
799 217 1048 249 EPISTOLAE
1076 217 1126 248 96.
1148 217 1197 248 97.
1580 205 1661 248 171

107 317 152 359 et
185 314 233 361 in
266 313 484 359 meliorem
523 317 681 358 statum
718 314 859 358 omnia
897 316 1163 358 commutata.
1213 312 1322 356 Nam
1362 308 1404 356 et
1439 311 1551 356 filius
1588 326 1664 357 rex
1691 315 1783 352 1148

107 393 307 442 domnum
335 406 492 451 papam
523 396 565 437 et
595 393 683 437 eius
715 393 882 436 decreta
910 392 1103 448 vigilanti
1134 391 1324 436 sollercia
1351 390 1591 446 honoravit3
1625 394 1666 435 et

107 485 132 518 e
166 485 366 517 converso
384 498 388 503 -
403 472 579 516 domnus
609 485 723 529 papa
750 471 893 528 ipsum
923 474 966 514 et
994 484 1136 526 regem
1166 456 1449 514 Romanorum
1480 469 1665 527 appella-

105 550 170 595 vit
195 553 242 595 et
271 551 454 608 scripsit,
486 550 596 607 quod
626 563 722 593 raro
748 552 869 594 extra
889 549 1045 594 Urbem
1066 549 1230 605 accidit,
1262 551 1304 593 et
1322 548 1528 592 universis
1549 548 1666 605 prin-

107 629 270 687 cipibus
308 642 404 673 cum
442 628 556 672 omni
594 628 877 672 benivolentia
913 630 955 671 et
991 626 1208 672 affectione
1246 630 1425 685 paterna
1460 626 1666 670 monendo

108 707 292 766 scripsit,
324 707 518 764 quatinus
550 702 691 750 eidem
715 706 889 763 speciali
920 719 994 750 suo
1027 709 1068 750 et
1097 706 1211 750 beati
1230 705 1346 749 Petri
1374 703 1461 748 filio
1488 703 1666 749 fidelita-

109 789 197 831 tem
227 786 452 830 exhibeant
487 788 529 829 et
556 785 602 828 in
633 780 1011 828 amministratione
1040 784 1174 839 regni,
1206 783 1287 827 sibi
1317 797 1342 827 a
1371 783 1461 827 Deo
1493 797 1545 827 ex
1576 795 1668 827 suc-

107 864 294 910 cessione
329 867 508 921 patema
546 862 707 918 collati,
746 862 966 906 consilium
1008 865 1050 906 et
1081 861 1284 906 auxilium
1313 861 1462 905 ferant.
1558 861 1668 906 Sane

13 963 17 966 ⁴
106 943 154 987 in
183 942 414 987 amicorum
441 944 683 985 nostrorum
713 942 849 985 causis
873 943 1076 998 quantum
1100 940 1412 997 profecerimus,
1443 939 1667 995 malumus,

106 1024 156 1066 ut
185 1021 238 1066 ab
266 1020 372 1079 ipsis
403 1034 529 1077 quam
561 1033 586 1063 a
614 1020 735 1064 nobis
767 1022 1054 1075 cognoscatur.
1103 1019 1210 1062 Tum
1240 1031 1339 1062 vero
1362 1018 1408 1061 in
1429 1017 1668 1062 Stabulensi

91 1099 311 1158 ,aecclesia
338 1113 492 1155 magna
520 1099 705 1143 turbatio
737 1101 834 1142 ante
865 1098 1092 1142 adventum
1112 1100 1305 1140 nostrum
1325 1099 1435 1150 erat3
1469 1097 1522 1140 ad
1543 1110 1669 1153 quam

108 1177 335 1222 sedandam
365 1180 408 1222 et
436 1177 769 1234 componendam
797 1176 915 1220 nulla
943 1175 1065 1219 nobis
1096 1175 1185 1219 dies
1218 1177 1290 1218 aut
1318 1188 1404 1218 nox
1435 1188 1585 1232 expers
1606 1174 1668 1219 la-

107 1256 221 1301 boris
257 1256 358 1312 fuit,
399 1258 442 1299 et
476 1258 675 1312 operante
714 1255 882 1299 divinae
919 1254 1090 1312 pietatis
1121 1253 1259 1309 gratia
1296 1266 1415 1310 spem
1452 1253 1670 1297 meliorem

103 1334 323 1391 habemus,
356 1334 466 1391 quod
494 1334 540 1377 in
569 1334 688 1378 brevi
717 1336 906 1390 tempore
937 1333 991 1376 ad
1021 1332 1248 1376 salutarem
1270 1335 1312 1375 et
1332 1334 1524 1389 optatum
1542 1330 1670 1376 finem

108 1416 258 1458 cuncta
291 1413 581 1470 perducamus.
693 1411 809 1455 Heae
838 1411 968 1467 igitur
998 1414 1040 1455 et
1071 1410 1177 1455 aliae
1207 1409 1461 1468 multiplices
1492 1423 1668 1468 occupa-

107 1484 243 1536 tiones
272 1493 463 1535 nostram
483 1490 760 1534 intentionem
780 1491 977 1546 gravibus
1006 1490 1117 1534 curis
1145 1488 1381 1546 inplicitam
1402 1489 1671 1533 detinuerunt

109 1571 152 1614 et
188 1569 240 1614 ab
279 1568 415 1613 officio
453 1568 664 1613 salutandi
699 1583 776 1612 nos
813 1570 1014 1613 hactenus
1049 1567 1381 1612 retardaverunt.
1431 1566 1670 1611 Salutantes

108 1649 251 1705 itaque
278 1661 392 1691 nunc
411 1648 458 1691 in
477 1647 659 1691 Domino
683 1647 975 1692 excellentiam
997 1650 1127 1702 tuam,
1158 1659 1355 1702 rogamus
1377 1648 1419 1689 et
1438 1645 1669 1702 hortamur,

108 1729 158 1771 ut
192 1727 232 1771 si
269 1740 353 1784 qua
389 1726 434 1770 in
472 1726 640 1770 tuendis
681 1729 723 1770 et
751 1726 948 1770 curandis
984 1725 1109 1770 rebus
1139 1724 1283 1768 fratris
1314 1724 1450 1769 nostri
1486 1724 1671 1769 absentis

110 1803 333 1849 difficultas
364 1804 601 1861 emerserit,
636 1807 802 1860 nostro,
836 1804 910 1849 ubi
939 1806 1191 1862 oportunum
1220 1803 1366 1859 fuerit,
1403 1803 1671 1857 amminiculo

109 1883 242 1928 utaris
271 1886 314 1927 et
344 1883 396 1927 de
424 1883 546 1926 nobis
575 1885 778 1939 tanquam
808 1881 860 1926 de
887 1896 986 1926 vero
1019 1884 1061 1926 et
1083 1881 1293 1926 constanti
1317 1881 1450 1925 amico
1472 1880 1668 1925 confidas.

115 2115 195 2162 97.
226 2117 438 2160 Wibaldus
457 2116 648 2174 Euyem'o
670 2115 743 2159 III
758 2131 904 2173 papae
938 2116 988 2158 de
1018 2116 1087 2158 lite
1117 2115 1319 2173 Inyranm'
1339 2116 1496 2159 abbatis
1518 2115 1562 2159 S.
1579 2115 1671 2158 Me-

229 2195 356 2238 dardi
387 2194 689 2238 suessionensis
727 2202 765 2236 et
792 2193 1020 2236 Baldovini
1057 2194 1244 2236 canonici
1274 2193 1515 2237 Leodiensis
1544 2195 1671 2251 siqni-

221 2275 339 2334 μαι.
1458 2270 1530 2324 (M.
1556 2270 1671 2325 122.)

231 2362 474 2407 Reverendo
513 2361 625 2418 patri
662 2374 736 2404 suo
778 2363 820 2404 et
854 2360 1021 2403 domino
1051 2359 1239 2416 Eugenio
1268 2361 1342 2404 uni
1374 2363 1415 2405 et
1444 2360 1672 2404 universali

112 2439 301 2500 pontifici
337 2441 476 2484 frater
497 2439 715 2484 Wibaldus
754 2438 835 2482 Dei
872 2438 1008 2493 gratia
1045 2438 1110 2494 id,
1151 2439 1262 2495 quod
1299 2442 1363 2482 est
1390 2439 1437 2482 in
1467 2439 1672 2483 catholica

114 2519 327 2575 aecclesia,
359 2518 624 2562 dilectionem
653 2517 730 2560 filii
761 2519 803 2560 et
833 2516 1096 2560 devotionem
1126 2517 1247 2560 servi.

231 2596 491 2641 Venerabilis
521 2596 652 2649 frater
681 2598 824 2639 noster
853 2594 1120 2650 I(ngrannus)
1151 2595 1279 2639 abbas
1310 2594 1505 2638 ecclcsiae
1537 2595 1671 2639 sancti

113 2674 305 2719 Medardi
316 2672 340 2731 ¹,
372 2688 477 2731 quae
507 2678 671 2718 vestrae
703 2672 852 2716 ditioni
883 2675 925 2716 et
955 2672 1185 2716 defensioni
1215 2673 1452 2730 specialiter
1471 2673 1668 2730 pertinet,

116 2753 141 2797 0
169 2755 314 2796 nostra
343 2753 552 2810 parvitate
583 2752 779 2809 expetiit,
818 2754 866 2794 ut
896 2750 1107 2794 actionem
1132 2764 1273 2806 suam,
1314 2764 1438 2807 quam
1471 2751 1668 2796 adversus

114 2830 362 2886 magistrum
404 2829 681 2874 Baldovinum
729 2829 926 2873 ecclesiae
970 2827 1213 2872 Leodiensis
1258 2829 1503 2872 canonicum
1547 2830 1668 2874 nobis

210 2924 243 2960 1.
269 2923 551 2962 Suessionensis.
590 2924 794 2970 Ingrannus
818 2922 932 2959 abbas
955 2922 1064 2958 huius
1081 2923 1291 2959 monasterii
1308 2922 1428 2960 factus
1444 2927 1501 2960 est
1517 2934 1548 2959 a.
1564 2924 1667 2961 1148.

115 2983 162 3020 V.
187 2983 320 3021 Chron.
338 2983 375 3020 S.
391 2983 555 3020 Medardi
578 2994 637 3029 ap.
654 2983 848 3030 D'Achery
873 2982 996 3028 Spicil.
1015 2982 1063 3018 II.
1079 2983 1162 3018 489.

1698 2368 1790 2405 1148
