<?xml version="1.0" encoding="UTF-8"?>
<!DOCTYPE html PUBLIC "-//W3C//DTD XHTML 1.0 Transitional//EN"
    "http://www.w3.org/TR/xhtml1/DTD/xhtml1-transitional.dtd">
<html xmlns="http://www.w3.org/1999/xhtml" xml:lang="en" lang="en">
 <head>
  <title>
</title>
<meta http-equiv="Content-Type" content="text/html;charset=utf-8" />
  <meta name='ocr-system' content='tesseract 3.04.00' />
  <meta name='ocr-capabilities' content='ocr_page ocr_carea ocr_par ocr_line ocrx_word'/>
</head>
<body>
  <div class='ocr_page' id='page_1' title='image "bibliothecarerum01wattuoft_0178.png"; bbox 0 0 1924 3288; ppageno 0'>
   <div class='ocr_carea' id='block_1_1' title="bbox 192 293 303 382">
    <p class='ocr_par' dir='ltr' id='par_1_1' title="bbox 192 293 303 382">
     <span class='ocr_line' id='line_1_1' title="bbox 204 293 296 330; baseline 0.011 -1"><span class='ocrx_word' id='word_1_1' title='bbox 204 293 296 330; x_wconf 84' lang='lat'>1148</span> 
     </span>
     <span class='ocr_line' id='line_1_2' title="bbox 192 343 303 382; baseline 0.018 -10"><span class='ocrx_word' id='word_1_2' title='bbox 192 343 265 382; x_wconf 88' lang='lat' dir='ltr'>Apr.</span> <span class='ocrx_word' id='word_1_3' title='bbox 284 343 303 374; x_wconf 88' lang='lat'>8</span> 
     </span>
    </p>
   </div>
   <div class='ocr_carea' id='block_1_2' title="bbox 207 994 299 1030">
    <p class='ocr_par' dir='ltr' id='par_1_2' title="bbox 207 994 299 1030">
     <span class='ocr_line' id='line_1_3' title="bbox 207 994 299 1030; baseline 0 0"><span class='ocrx_word' id='word_1_4' title='bbox 207 995 224 1030; x_wconf 95' lang='lat'>1</span> <span class='ocrx_word' id='word_1_5' title='bbox 231 994 299 1030; x_wconf 84' lang='lat'>148</span> 
     </span>
    </p>
   </div>
   <div class='ocr_carea' id='block_1_3' title="bbox 331 184 1420 229">
    <p class='ocr_par' dir='ltr' id='par_1_3' title="bbox 331 184 1420 229">
     <span class='ocr_line' id='line_1_4' title="bbox 331 184 1420 229; baseline 0 -1"><span class='ocrx_word' id='word_1_6' title='bbox 331 184 416 228; x_wconf 82' lang='lat'>160</span> <span class='ocrx_word' id='word_1_7' title='bbox 795 197 993 228; x_wconf 68' lang='lat' dir='ltr'>wmALm</span> <span class='ocrx_word' id='word_1_8' title='bbox 1021 195 1270 228; x_wconf 68' lang='lat' dir='ltr'>npmronm</span> <span class='ocrx_word' id='word_1_9' title='bbox 1297 197 1348 229; x_wconf 79' lang='lat' dir='ltr'>se.</span> <span class='ocrx_word' id='word_1_10' title='bbox 1369 196 1420 228; x_wconf 79' lang='lat'>8⁷.</span> 
     </span>
    </p>
   </div>
   <div class='ocr_carea' id='block_1_4' title="bbox 327 290 1886 584">
    <p class='ocr_par' dir='ltr' id='par_1_4' title="bbox 327 290 1886 584">
     <span class='ocr_line' id='line_1_5' title="bbox 328 290 1883 348; baseline 0.002 -14"><span class='ocrx_word' id='word_1_11' title='bbox 328 290 382 334; x_wconf 89' lang='lat' dir='ltr'>ad</span> <span class='ocrx_word' id='word_1_12' title='bbox 410 294 685 336; x_wconf 85' lang='lat' dir='ltr'>memoratam</span> <span class='ocrx_word' id='word_1_13' title='bbox 715 291 961 335; x_wconf 79' lang='lat' dir='ltr'>aecclesiam</span> <span class='ocrx_word' id='word_1_14' title='bbox 991 291 1212 348; x_wconf 88' lang='lat' dir='ltr'>accedatis,</span> <span class='ocrx_word' id='word_1_15' title='bbox 1242 295 1292 335; x_wconf 91' lang='lat' dir='ltr'>ut</span> <span class='ocrx_word' id='word_1_16' title='bbox 1319 292 1472 336; x_wconf 87' lang='lat' dir='ltr'>fratres</span> <span class='ocrx_word' id='word_1_17' title='bbox 1503 291 1690 337; x_wconf 85' lang='lat' dir='ltr'>eiusdem</span> <span class='ocrx_word' id='word_1_18' title='bbox 1716 291 1801 337; x_wconf 82' lang='lat' dir='ltr'>loei</span> <span class='ocrx_word' id='word_1_19' title='bbox 1828 291 1883 338; x_wconf 75' lang='lat' dir='ltr'>de</span> 
     </span>
     <span class='ocr_line' id='line_1_6' title="bbox 327 367 1884 426; baseline 0.003 -15"><span class='ocrx_word' id='word_1_20' title='bbox 327 367 462 412; x_wconf 89' lang='lat' dir='ltr'>alieno</span> <span class='ocrx_word' id='word_1_21' title='bbox 493 368 674 412; x_wconf 90' lang='lat' dir='ltr'>claustro</span> <span class='ocrx_word' id='word_1_22' title='bbox 704 368 832 412; x_wconf 89' lang='lat' dir='ltr'>talem</span> <span class='ocrx_word' id='word_1_23' title='bbox 863 369 942 413; x_wconf 85' lang='lat' dir='ltr'>sibi</span> <span class='ocrx_word' id='word_1_24' title='bbox 972 372 1113 414; x_wconf 84' lang='lat' dir='ltr'>vestro</span> <span class='ocrx_word' id='word_1_25' title='bbox 1143 370 1316 414; x_wconf 91' lang='lat' dir='ltr'>consilio</span> <span class='ocrx_word' id='word_1_26' title='bbox 1338 369 1495 426; x_wconf 80' lang='lat' dir='ltr'>eligant</span> <span class='ocrx_word' id='word_1_27' title='bbox 1512 369 1693 414; x_wconf 85' lang='lat' dir='ltr'>Domino</span> <span class='ocrx_word' id='word_1_28' title='bbox 1714 372 1884 415; x_wconf 82' lang='lat' dir='ltr'>auctore</span> 
     </span>
     <span class='ocr_line' id='line_1_7' title="bbox 327 446 1886 506; baseline 0.002 -16"><span class='ocrx_word' id='word_1_29' title='bbox 327 449 551 503; x_wconf 80' lang='lat' dir='ltr'>pastorem,</span> <span class='ocrx_word' id='word_1_30' title='bbox 581 460 657 503; x_wconf 90' lang='lat' dir='ltr'>per</span> <span class='ocrx_word' id='word_1_31' title='bbox 688 460 812 503; x_wconf 91' lang='lat' dir='ltr'>quem</span> <span class='ocrx_word' id='word_1_32' title='bbox 841 450 963 502; x_wconf 88' lang='lat' dir='ltr'>grata</span> <span class='ocrx_word' id='word_1_33' title='bbox 981 446 1070 492; x_wconf 92' lang='lat' dir='ltr'>Deo</span> <span class='ocrx_word' id='word_1_34' title='bbox 1091 461 1216 492; x_wconf 88' lang='lat' dir='ltr'>verae</span> <span class='ocrx_word' id='word_1_35' title='bbox 1234 447 1450 503; x_wconf 83' lang='lat' dir='ltr'>religionis</span> <span class='ocrx_word' id='word_1_36' title='bbox 1471 446 1647 505; x_wconf 79' lang='lat' dir='ltr'>cultura,</span> <span class='ocrx_word' id='word_1_37' title='bbox 1677 461 1758 506; x_wconf 87' lang='lat' dir='ltr'>qne</span> <span class='ocrx_word' id='word_1_38' title='bbox 1777 447 1886 493; x_wconf 89' lang='lat' dir='ltr'>inibi</span> 
     </span>
     <span class='ocr_line' id='line_1_8' title="bbox 327 523 1884 584; baseline 0.003 -17"><span class='ocrx_word' id='word_1_39' title='bbox 327 523 539 582; x_wconf 87' lang='lat' dir='ltr'>deperisse</span> <span class='ocrx_word' id='word_1_40' title='bbox 559 524 802 581; x_wconf 84' lang='lat' dir='ltr'>dinoscitur,</span> <span class='ocrx_word' id='word_1_41' title='bbox 822 524 962 570; x_wconf 87' lang='lat' dir='ltr'>valeat</span> <span class='ocrx_word' id='word_1_42' title='bbox 979 525 1217 570; x_wconf 56' lang='lat' dir='ltr'>reformari</span> <span class='ocrx_word' id='word_1_43' title='bbox 1247 525 1360 570; x_wconf 91' lang='lat' dir='ltr'>Data</span> <span class='ocrx_word' id='word_1_44' title='bbox 1378 525 1520 570; x_wconf 86' lang='lat' dir='ltr'>Remis</span> <span class='ocrx_word' id='word_1_45' title='bbox 1541 527 1568 570; x_wconf 89' lang='grc'><strong>6</strong></span> <span class='ocrx_word' id='word_1_46' title='bbox 1589 524 1688 571; x_wconf 87' lang='lat' dir='ltr'>Idus</span> <span class='ocrx_word' id='word_1_47' title='bbox 1706 524 1884 584; x_wconf 74' lang='lat' dir='ltr'>Aprilis.</span> 
     </span>
    </p>
   </div>
   <div class='ocr_carea' id='block_1_5' title="bbox 966 645 1248 652">
    <p class='ocr_par' dir='ltr' id='par_1_5' title="bbox 966 645 1248 652">
     <span class='ocr_line' id='line_1_9' title="bbox 966 645 1248 652; baseline 0 0"><span class='ocrx_word' id='word_1_48' title='bbox 966 645 1248 652; x_wconf 95' lang='lat' dir='ltr'> </span> 
     </span>
    </p>
   </div>
   <div class='ocr_carea' id='block_1_6' title="bbox 321 730 1897 2725">
    <p class='ocr_par' dir='ltr' id='par_1_6' title="bbox 321 730 1897 2725">
     <span class='ocr_line' id='line_1_10' title="bbox 329 730 1897 795; baseline 0.001 -17"><span class='ocrx_word' id='word_1_49' title='bbox 329 730 410 778; x_wconf 83' lang='lat'>87.</span> <span class='ocrx_word' id='word_1_50' title='bbox 446 732 648 776; x_wconf 74' lang='lat' dir='ltr'>Henrious</span> <span class='ocrx_word' id='word_1_51' title='bbox 678 748 810 776; x_wconf 81' lang='lat' dir='ltr'>comes</span> <span class='ocrx_word' id='word_1_52' title='bbox 829 734 1101 779; x_wconf 70' lang='lat' dir='ltr'>Namucensis·</span> <span class='ocrx_word' id='word_1_53' title='bbox 1125 743 1164 779; x_wconf 83' lang='lat' dir='ltr'>et</span> <span class='ocrx_word' id='word_1_54' title='bbox 1181 735 1591 794; x_wconf 71' lang='lat' dir='ltr'>Luzelemburqemie</span> <span class='ocrx_word' id='word_1_55' title='bbox 1608 733 1801 795; x_wconf 71' lang='lat' dir='ltr'>Euqenio</span> <span class='ocrx_word' id='word_1_56' title='bbox 1820 731 1897 780; x_wconf 84' lang='lat' dir='ltr'>HI</span> 
     </span>
     <span class='ocr_line' id='line_1_11' title="bbox 443 811 1853 877; baseline 0.003 -25"><span class='ocrx_word' id='word_1_57' title='bbox 443 811 583 853; x_wconf 78' lang='lat' dir='ltr'>scribit</span> <span class='ocrx_word' id='word_1_58' title='bbox 612 811 663 853; x_wconf 87' lang='lat' dir='ltr'>de</span> <span class='ocrx_word' id='word_1_59' title='bbox 692 827 769 854; x_wconf 71' lang='lat' dir='ltr'>sua</span> <span class='ocrx_word' id='word_1_60' title='bbox 798 811 868 855; x_wconf 79' lang='lat' dir='ltr'>lite</span> <span class='ocrx_word' id='word_1_61' title='bbox 898 827 990 856; x_wconf 76' lang='lat' dir='ltr'>cum</span> <span class='ocrx_word' id='word_1_62' title='bbox 1021 813 1230 856; x_wconf 76' lang='lat' dir='ltr'>Richardo</span> <span class='ocrx_word' id='word_1_63' title='bbox 1263 813 1554 856; x_wconf 75' lang='lat' dir='ltr'>archidiacono</span> <span class='ocrx_word' id='word_1_64' title='bbox 1584 812 1853 877; x_wconf 46' lang='lat' dir='ltr'>Virdunema</span> 
     </span>
     <span class='ocr_line' id='line_1_12' title="bbox 1699 887 1883 944; baseline -0.011 -10"><span class='ocrx_word' id='word_1_65' title='bbox 1699 887 1772 944; x_wconf 75' lang='lat' dir='ltr'>(M.</span> <span class='ocrx_word' id='word_1_66' title='bbox 1795 887 1883 944; x_wconf 79' lang='lat'><strong>72.)</strong></span> 
     </span>
     <span class='ocr_line' id='line_1_13' title="bbox 442 963 1884 1023; baseline 0.003 -15"><span class='ocrx_word' id='word_1_67' title='bbox 442 963 685 1009; x_wconf 86' lang='lat' dir='ltr'>Reverendo</span> <span class='ocrx_word' id='word_1_68' title='bbox 721 966 835 1023; x_wconf 86' lang='lat' dir='ltr'>patri</span> <span class='ocrx_word' id='word_1_69' title='bbox 871 969 914 1011; x_wconf 86' lang='lat' dir='ltr'>et</span> <span class='ocrx_word' id='word_1_70' title='bbox 944 966 1111 1011; x_wconf 90' lang='lat' dir='ltr'>domino</span> <span class='ocrx_word' id='word_1_71' title='bbox 1142 980 1217 1011; x_wconf 88' lang='lat' dir='ltr'>suo</span> <span class='ocrx_word' id='word_1_72' title='bbox 1247 966 1436 1022; x_wconf 87' lang='lat' dir='ltr'>Eugenio</span> <span class='ocrx_word' id='word_1_73' title='bbox 1474 970 1642 1012; x_wconf 88' lang='lat' dir='ltr'>sanctae</span> <span class='ocrx_word' id='word_1_74' title='bbox 1671 965 1884 1012; x_wconf 81' lang='lat' dir='ltr'>Romanae</span> 
     </span>
     <span class='ocr_line' id='line_1_14' title="bbox 326 1041 1885 1101; baseline 0.002 -16"><span class='ocrx_word' id='word_1_75' title='bbox 326 1041 550 1086; x_wconf 88' lang='lat' dir='ltr'>aecclesiae</span> <span class='ocrx_word' id='word_1_76' title='bbox 580 1056 743 1087; x_wconf 91' lang='lat' dir='ltr'>summo</span> <span class='ocrx_word' id='word_1_77' title='bbox 772 1043 962 1101; x_wconf 88' lang='lat' dir='ltr'>pontifici</span> <span class='ocrx_word' id='word_1_78' title='bbox 991 1044 1198 1090; x_wconf 88' lang='lat' dir='ltr'>Henricus</span> <span class='ocrx_word' id='word_1_79' title='bbox 1225 1059 1363 1092; x_wconf 88' lang='lat' dir='ltr'>comes</span> <span class='ocrx_word' id='word_1_80' title='bbox 1391 1045 1443 1090; x_wconf 93' lang='lat' dir='ltr'>de</span> <span class='ocrx_word' id='word_1_81' title='bbox 1462 1045 1650 1090; x_wconf 86' lang='lat' dir='ltr'>Namuco</span> <span class='ocrx_word' id='word_1_82' title='bbox 1681 1047 1724 1089; x_wconf 91' lang='lat' dir='ltr'>et</span> <span class='ocrx_word' id='word_1_83' title='bbox 1749 1042 1885 1089; x_wconf 89' lang='lat' dir='ltr'>Luze-</span> 
     </span>
     <span class='ocr_line' id='line_1_15' title="bbox 323 1107 1850 1183; baseline 0.003 -20"><span class='ocrx_word' id='word_1_84' title='bbox 323 1119 539 1164; x_wconf 90' lang='lat' dir='ltr'>lemburch</span> <span class='ocrx_word' id='word_1_85' title='bbox 569 1121 833 1165; x_wconf 87' lang='lat' dir='ltr'>devotionem</span> <span class='ocrx_word' id='word_1_86' title='bbox 862 1121 940 1166; x_wconf 89' lang='lat' dir='ltr'>filii</span> <span class='ocrx_word' id='word_1_87' title='bbox 970 1135 1066 1166; x_wconf 89' lang='lat' dir='ltr'>cum</span> <span class='ocrx_word' id='word_1_88' title='bbox 1094 1122 1208 1167; x_wconf 91' lang='lat' dir='ltr'>fideli</span> <span class='ocrx_word' id='word_1_89' title='bbox 1238 1123 1422 1167; x_wconf 88' lang='lat' dir='ltr'>servitio.</span> <span class='ocrx_word' id='word_1_90' title='bbox 1649 1107 1652 1113; x_wconf 26' lang='lat'><em>7</em></span> <span class='ocrx_word' id='word_1_91' title='bbox 1846 1179 1850 1183; x_wconf 20' lang='lat'>⁸</span> 
     </span>
     <span class='ocr_line' id='line_1_16' title="bbox 443 1197 1885 1245; baseline 0.001 -3"><span class='ocrx_word' id='word_1_92' title='bbox 443 1197 561 1242; x_wconf 86' lang='lat' dir='ltr'>Siout</span> <span class='ocrx_word' id='word_1_93' title='bbox 595 1199 705 1243; x_wconf 88' lang='lat' dir='ltr'>inter</span> <span class='ocrx_word' id='word_1_94' title='bbox 742 1213 810 1243; x_wconf 91' lang='lat' dir='ltr'>me</span> <span class='ocrx_word' id='word_1_95' title='bbox 848 1203 890 1244; x_wconf 90' lang='lat' dir='ltr'>et</span> <span class='ocrx_word' id='word_1_96' title='bbox 918 1200 1173 1244; x_wconf 81' lang='lat' dir='ltr'>Richardum</span> <span class='ocrx_word' id='word_1_97' title='bbox 1211 1201 1549 1245; x_wconf 84' lang='lat' dir='ltr'>archidiaconum</span> <span class='ocrx_word' id='word_1_98' title='bbox 1577 1199 1885 1244; x_wconf 80' lang='lat' dir='ltr'>Virdunensem</span> 
     </span>
     <span class='ocr_line' id='line_1_17' title="bbox 323 1273 1883 1335; baseline 0.001 -16"><span class='ocrx_word' id='word_1_99' title='bbox 323 1275 369 1319; x_wconf 90' lang='lat' dir='ltr'>in</span> <span class='ocrx_word' id='word_1_100' title='bbox 399 1277 515 1320; x_wconf 85' lang='lat' dir='ltr'>curia</span> <span class='ocrx_word' id='word_1_101' title='bbox 543 1280 686 1321; x_wconf 86' lang='lat' dir='ltr'>vestra</span> <span class='ocrx_word' id='word_1_102' title='bbox 715 1277 907 1322; x_wconf 86' lang='lat' dir='ltr'>Treveris</span> <span class='ocrx_word' id='word_1_103' title='bbox 920 1275 943 1335; x_wconf 86' lang='lat'>¹,</span> <span class='ocrx_word' id='word_1_104' title='bbox 974 1278 1186 1322; x_wconf 87' lang='lat' dir='ltr'>mediante</span> <span class='ocrx_word' id='word_1_105' title='bbox 1216 1278 1522 1323; x_wconf 86' lang='lat' dir='ltr'>Clarevallense</span> <span class='ocrx_word' id='word_1_106' title='bbox 1553 1277 1704 1322; x_wconf 85' lang='lat' dir='ltr'>abbate</span> <span class='ocrx_word' id='word_1_107' title='bbox 1712 1273 1742 1334; x_wconf 83' lang='lat'>&#39;,</span> <span class='ocrx_word' id='word_1_108' title='bbox 1755 1317 1757 1319; x_wconf 8' lang='lat' dir='ltr'>a</span> <span class='ocrx_word' id='word_1_109' title='bbox 1772 1276 1883 1322; x_wconf 88' lang='lat' dir='ltr'>ordi-</span> 
     </span>
     <span class='ocr_line' id='line_1_18' title="bbox 323 1354 1885 1415; baseline 0.002 -18"><span class='ocrx_word' id='word_1_110' title='bbox 323 1357 470 1398; x_wconf 90' lang='lat' dir='ltr'>natum</span> <span class='ocrx_word' id='word_1_111' title='bbox 499 1354 580 1398; x_wconf 86' lang='lat' dir='ltr'>fuit</span> <span class='ocrx_word' id='word_1_112' title='bbox 617 1358 660 1399; x_wconf 90' lang='lat' dir='ltr'>et</span> <span class='ocrx_word' id='word_1_113' title='bbox 688 1355 734 1399; x_wconf 90' lang='lat' dir='ltr'>in</span> <span class='ocrx_word' id='word_1_114' title='bbox 762 1359 928 1400; x_wconf 88' lang='lat' dir='ltr'>vestrae</span> <span class='ocrx_word' id='word_1_115' title='bbox 958 1356 1194 1400; x_wconf 88' lang='lat' dir='ltr'>sanctitatis</span> <span class='ocrx_word' id='word_1_116' title='bbox 1224 1357 1437 1415; x_wconf 85' lang='lat' dir='ltr'>presentia</span> <span class='ocrx_word' id='word_1_117' title='bbox 1474 1354 1786 1413; x_wconf 88' lang='lat' dir='ltr'>confirmatum,</span> <span class='ocrx_word' id='word_1_118' title='bbox 1822 1355 1885 1400; x_wconf 79' lang='lat' dir='ltr'>ita</span> 
     </span>
     <span class='ocr_line' id='line_1_19' title="bbox 324 1431 1884 1496; baseline 0.003 -21"><span class='ocrx_word' id='word_1_119' title='bbox 324 1431 391 1476; x_wconf 90' lang='lat' dir='ltr'>die</span> <span class='ocrx_word' id='word_1_120' title='bbox 421 1433 649 1477; x_wconf 88' lang='lat' dir='ltr'>constituta</span> <span class='ocrx_word' id='word_1_121' title='bbox 678 1433 899 1478; x_wconf 87' lang='lat' dir='ltr'>observare</span> <span class='ocrx_word' id='word_1_122' title='bbox 931 1437 973 1478; x_wconf 92' lang='lat' dir='ltr'>et</span> <span class='ocrx_word' id='word_1_123' title='bbox 997 1434 1226 1492; x_wconf 91' lang='lat' dir='ltr'>adimplere</span> <span class='ocrx_word' id='word_1_124' title='bbox 1246 1435 1382 1479; x_wconf 92' lang='lat' dir='ltr'>modis</span> <span class='ocrx_word' id='word_1_125' title='bbox 1404 1434 1595 1479; x_wconf 88' lang='lat' dir='ltr'>omnibus</span> <span class='ocrx_word' id='word_1_126' title='bbox 1615 1432 1884 1496; x_wconf 79' lang='lat' dir='ltr'>postmodum</span> 
     </span>
     <span class='ocr_line' id='line_1_20' title="bbox 322 1509 1882 1571; baseline 0.002 -18"><span class='ocrx_word' id='word_1_127' title='bbox 322 1509 437 1553; x_wconf 85' lang='lat' dir='ltr'>volui</span> <span class='ocrx_word' id='word_1_128' title='bbox 467 1510 543 1554; x_wconf 87' lang='lat' dir='ltr'>sub</span> <span class='ocrx_word' id='word_1_129' title='bbox 564 1511 804 1555; x_wconf 89' lang='lat' dir='ltr'>testimonio</span> <span class='ocrx_word' id='word_1_130' title='bbox 824 1511 1100 1556; x_wconf 87' lang='lat' dir='ltr'>Virdunensis</span> <span class='ocrx_word' id='word_1_131' title='bbox 1129 1509 1338 1571; x_wconf 79' lang='lat' dir='ltr'>episcopi⁸</span> <span class='ocrx_word' id='word_1_132' title='bbox 1361 1516 1403 1557; x_wconf 90' lang='lat' dir='ltr'>et</span> <span class='ocrx_word' id='word_1_133' title='bbox 1422 1511 1684 1557; x_wconf 87' lang='lat' dir='ltr'>Corbeiensis</span> <span class='ocrx_word' id='word_1_134' title='bbox 1705 1510 1882 1557; x_wconf 75' lang='lat' dir='ltr'>abbatis.</span> 
     </span>
     <span class='ocr_line' id='line_1_21' title="bbox 325 1574 1882 1648; baseline 0.001 -17"><span class='ocrx_word' id='word_1_135' title='bbox 325 1586 398 1631; x_wconf 91' lang='lat' dir='ltr'>Set</span> <span class='ocrx_word' id='word_1_136' title='bbox 426 1587 518 1645; x_wconf 88' lang='lat' dir='ltr'>ipse</span> <span class='ocrx_word' id='word_1_137' title='bbox 537 1587 768 1633; x_wconf 89' lang='lat' dir='ltr'>Richardus</span> <span class='ocrx_word' id='word_1_138' title='bbox 799 1589 1113 1634; x_wconf 87' lang='lat' dir='ltr'>archidiaconus</span> <span class='ocrx_word' id='word_1_139' title='bbox 1133 1589 1254 1634; x_wconf 85' lang='lat' dir='ltr'>valde</span> <span class='ocrx_word' id='word_1_140' title='bbox 1279 1590 1495 1646; x_wconf 87' lang='lat' dir='ltr'>ingeniose</span> <span class='ocrx_word' id='word_1_141' title='bbox 1515 1589 1628 1648; x_wconf 88' lang='lat' dir='ltr'>cepit</span> <span class='ocrx_word' id='word_1_142' title='bbox 1647 1574 1882 1634; x_wconf 80' lang='lat' dir='ltr'>occasiones</span> 
     </span>
     <span class='ocr_line' id='line_1_22' title="bbox 323 1665 1882 1726; baseline 0.001 -17"><span class='ocrx_word' id='word_1_143' title='bbox 323 1679 509 1722; x_wconf 91' lang='lat' dir='ltr'>querere,</span> <span class='ocrx_word' id='word_1_144' title='bbox 541 1666 719 1723; x_wconf 83' lang='lat' dir='ltr'>qualiter</span> <span class='ocrx_word' id='word_1_145' title='bbox 750 1667 775 1711; x_wconf 74' lang='lat' dir='ltr'>a</span> <span class='ocrx_word' id='word_1_146' title='bbox 803 1668 1030 1726; x_wconf 88' lang='lat' dir='ltr'>propositis</span> <span class='ocrx_word' id='word_1_147' title='bbox 1061 1668 1366 1712; x_wconf 91' lang='lat' dir='ltr'>conditionibus</span> <span class='ocrx_word' id='word_1_148' title='bbox 1396 1668 1630 1724; x_wconf 86' lang='lat' dir='ltr'>recederet,</span> <span class='ocrx_word' id='word_1_149' title='bbox 1660 1670 1703 1712; x_wconf 90' lang='lat' dir='ltr'>et</span> <span class='ocrx_word' id='word_1_150' title='bbox 1730 1665 1882 1711; x_wconf 85' lang='lat' dir='ltr'>Ansel-</span> 
     </span>
     <span class='ocr_line' id='line_1_23' title="bbox 322 1744 1882 1803; baseline 0.001 -16"><span class='ocrx_word' id='word_1_151' title='bbox 322 1757 439 1787; x_wconf 91' lang='lat' dir='ltr'>mum</span> <span class='ocrx_word' id='word_1_152' title='bbox 469 1744 678 1801; x_wconf 90' lang='lat' dir='ltr'>quendam</span> <span class='ocrx_word' id='word_1_153' title='bbox 707 1744 906 1801; x_wconf 84' lang='lat' dir='ltr'>liberum,</span> <span class='ocrx_word' id='word_1_154' title='bbox 947 1745 1160 1789; x_wconf 88' lang='lat' dir='ltr'>hominem</span> <span class='ocrx_word' id='word_1_155' title='bbox 1189 1760 1349 1803; x_wconf 89' lang='lat' dir='ltr'>meum,</span> <span class='ocrx_word' id='word_1_156' title='bbox 1391 1750 1515 1803; x_wconf 85' lang='lat' dir='ltr'>atque</span> <span class='ocrx_word' id='word_1_157' title='bbox 1545 1745 1649 1790; x_wconf 88' lang='lat' dir='ltr'>alios</span> <span class='ocrx_word' id='word_1_158' title='bbox 1679 1744 1882 1802; x_wconf 87' lang='lat' dir='ltr'>quosdam</span> 
     </span>
     <span class='ocr_line' id='line_1_24' title="bbox 323 1821 1883 1880; baseline 0.001 -15"><span class='ocrx_word' id='word_1_159' title='bbox 323 1822 508 1866; x_wconf 87' lang='lat' dir='ltr'>studiose</span> <span class='ocrx_word' id='word_1_160' title='bbox 538 1821 790 1879; x_wconf 84' lang='lat' dir='ltr'>sollicitavit,</span> <span class='ocrx_word' id='word_1_161' title='bbox 821 1837 875 1867; x_wconf 90' lang='lat' dir='ltr'>ne</span> <span class='ocrx_word' id='word_1_162' title='bbox 904 1823 1093 1867; x_wconf 89' lang='lat' dir='ltr'>homines</span> <span class='ocrx_word' id='word_1_163' title='bbox 1125 1824 1191 1867; x_wconf 91' lang='lat' dir='ltr'>sui</span> <span class='ocrx_word' id='word_1_164' title='bbox 1210 1823 1368 1868; x_wconf 63' lang='lat' dir='ltr'>&#39;fierent</span> <span class='ocrx_word' id='word_1_165' title='bbox 1398 1827 1441 1868; x_wconf 89' lang='lat' dir='ltr'>et</span> <span class='ocrx_word' id='word_1_166' title='bbox 1459 1838 1512 1868; x_wconf 90' lang='lat' dir='ltr'>ne</span> <span class='ocrx_word' id='word_1_167' title='bbox 1532 1821 1745 1880; x_wconf 90' lang='lat' dir='ltr'>beneficia,</span> <span class='ocrx_word' id='word_1_168' title='bbox 1776 1834 1883 1880; x_wconf 87' lang='lat' dir='ltr'>quae</span> 
     </span>
     <span class='ocr_line' id='line_1_25' title="bbox 324 1899 1883 1959; baseline 0.001 -16"><span class='ocrx_word' id='word_1_169' title='bbox 324 1899 349 1943; x_wconf 76' lang='lat' dir='ltr'>a</span> <span class='ocrx_word' id='word_1_170' title='bbox 377 1913 445 1944; x_wconf 91' lang='lat' dir='ltr'>me</span> <span class='ocrx_word' id='word_1_171' title='bbox 475 1900 649 1956; x_wconf 87' lang='lat' dir='ltr'>habent,</span> <span class='ocrx_word' id='word_1_172' title='bbox 688 1900 740 1944; x_wconf 89' lang='lat' dir='ltr'>ab</span> <span class='ocrx_word' id='word_1_173' title='bbox 776 1900 910 1958; x_wconf 90' lang='lat' dir='ltr'>ipsius</span> <span class='ocrx_word' id='word_1_174' title='bbox 949 1915 1078 1945; x_wconf 89' lang='lat' dir='ltr'>manu</span> <span class='ocrx_word' id='word_1_175' title='bbox 1111 1901 1357 1959; x_wconf 87' lang='lat' dir='ltr'>reciperent.</span> <span class='ocrx_word' id='word_1_176' title='bbox 1420 1901 1510 1958; x_wconf 89' lang='lat' dir='ltr'>Ego</span> <span class='ocrx_word' id='word_1_177' title='bbox 1540 1914 1618 1959; x_wconf 92' lang='lat' dir='ltr'>pro</span> <span class='ocrx_word' id='word_1_178' title='bbox 1647 1899 1883 1945; x_wconf 83' lang='lat' dir='ltr'>reverentia</span> 
     </span>
     <span class='ocr_line' id='line_1_26' title="bbox 323 1977 1882 2038; baseline 0.001 -18"><span class='ocrx_word' id='word_1_179' title='bbox 323 1977 454 2020; x_wconf 86' lang='lat' dir='ltr'>vestri</span> <span class='ocrx_word' id='word_1_180' title='bbox 483 1977 741 2035; x_wconf 88' lang='lat' dir='ltr'>apostolatus</span> <span class='ocrx_word' id='word_1_181' title='bbox 772 1979 818 2022; x_wconf 90' lang='lat' dir='ltr'>in</span> <span class='ocrx_word' id='word_1_182' title='bbox 846 1979 1047 2036; x_wconf 87' lang='lat' dir='ltr'>predictis</span> <span class='ocrx_word' id='word_1_183' title='bbox 1068 1979 1375 2024; x_wconf 87' lang='lat' dir='ltr'>conditionibus</span> <span class='ocrx_word' id='word_1_184' title='bbox 1401 1983 1443 2023; x_wconf 91' lang='lat' dir='ltr'>et</span> <span class='ocrx_word' id='word_1_185' title='bbox 1461 1979 1616 2038; x_wconf 89' lang='lat' dir='ltr'>placito</span> <span class='ocrx_word' id='word_1_186' title='bbox 1635 1990 1882 2036; x_wconf 87' lang='lat' dir='ltr'>permanere</span> 
     </span>
     <span class='ocr_line' id='line_1_27' title="bbox 324 2054 1882 2117; baseline 0.002 -19"><span class='ocrx_word' id='word_1_187' title='bbox 324 2054 480 2111; x_wconf 89' lang='lat' dir='ltr'>absque</span> <span class='ocrx_word' id='word_1_188' title='bbox 510 2054 604 2099; x_wconf 90' lang='lat' dir='ltr'>dolo</span> <span class='ocrx_word' id='word_1_189' title='bbox 637 2058 679 2100; x_wconf 92' lang='lat' dir='ltr'>et</span> <span class='ocrx_word' id='word_1_190' title='bbox 709 2056 798 2100; x_wconf 90' lang='lat' dir='ltr'>sine</span> <span class='ocrx_word' id='word_1_191' title='bbox 828 2056 975 2100; x_wconf 80' lang='lat' dir='ltr'>fraude</span> <span class='ocrx_word' id='word_1_192' title='bbox 1004 2056 1119 2112; x_wconf 83' lang='lat' dir='ltr'>volo3</span> <span class='ocrx_word' id='word_1_193' title='bbox 1152 2071 1247 2101; x_wconf 90' lang='lat' dir='ltr'>cum</span> <span class='ocrx_word' id='word_1_194' title='bbox 1268 2060 1422 2115; x_wconf 88' lang='lat' dir='ltr'>tamen,</span> <span class='ocrx_word' id='word_1_195' title='bbox 1455 2057 1492 2101; x_wconf 91' lang='lat' dir='ltr'>si</span> <span class='ocrx_word' id='word_1_196' title='bbox 1510 2057 1555 2101; x_wconf 94' lang='lat' dir='ltr'>in</span> <span class='ocrx_word' id='word_1_197' title='bbox 1575 2056 1712 2113; x_wconf 86' lang='lat' dir='ltr'>gratia</span> <span class='ocrx_word' id='word_1_198' title='bbox 1739 2058 1882 2117; x_wconf 77' lang='lat' dir='ltr'>vestra</span> 
     </span>
     <span class='ocr_line' id='line_1_28' title="bbox 322 2130 1883 2193; baseline 0.002 -18"><span class='ocrx_word' id='word_1_199' title='bbox 322 2130 414 2176; x_wconf 89' lang='lat' dir='ltr'>fieri</span> <span class='ocrx_word' id='word_1_200' title='bbox 442 2135 606 2190; x_wconf 90' lang='lat' dir='ltr'>posset,</span> <span class='ocrx_word' id='word_1_201' title='bbox 645 2137 693 2177; x_wconf 92' lang='lat' dir='ltr'>ut</span> <span class='ocrx_word' id='word_1_202' title='bbox 722 2147 789 2178; x_wconf 91' lang='lat' dir='ltr'>me</span> <span class='ocrx_word' id='word_1_203' title='bbox 820 2134 871 2178; x_wconf 90' lang='lat' dir='ltr'>de</span> <span class='ocrx_word' id='word_1_204' title='bbox 900 2134 980 2178; x_wconf 91' lang='lat' dir='ltr'>hac</span> <span class='ocrx_word' id='word_1_205' title='bbox 1009 2148 1136 2179; x_wconf 89' lang='lat' dir='ltr'>causa</span> <span class='ocrx_word' id='word_1_206' title='bbox 1165 2148 1306 2179; x_wconf 89' lang='lat' dir='ltr'>coram</span> <span class='ocrx_word' id='word_1_207' title='bbox 1334 2149 1428 2180; x_wconf 92' lang='lat' dir='ltr'>meo</span> <span class='ocrx_word' id='word_1_208' title='bbox 1457 2134 1594 2179; x_wconf 87' lang='lat' dir='ltr'>iudice</span> <span class='ocrx_word' id='word_1_209' title='bbox 1621 2133 1810 2193; x_wconf 83' lang='lat' dir='ltr'>pulsaret</span> <span class='ocrx_word' id='word_1_210' title='bbox 1838 2133 1883 2178; x_wconf 83' lang='lat' dir='ltr'>et</span> 
     </span>
     <span class='ocr_line' id='line_1_29' title="bbox 322 2209 1880 2271; baseline 0.002 -18"><span class='ocrx_word' id='word_1_211' title='bbox 322 2209 368 2253; x_wconf 90' lang='lat' dir='ltr'>in</span> <span class='ocrx_word' id='word_1_212' title='bbox 396 2210 508 2266; x_wconf 83' lang='lat' dir='ltr'>foro,</span> <span class='ocrx_word' id='word_1_213' title='bbox 548 2211 615 2254; x_wconf 91' lang='lat' dir='ltr'>cui</span> <span class='ocrx_word' id='word_1_214' title='bbox 645 2210 747 2256; x_wconf 88' lang='lat' dir='ltr'>haec</span> <span class='ocrx_word' id='word_1_215' title='bbox 775 2211 1008 2256; x_wconf 88' lang='lat' dir='ltr'>iurisdictio</span> <span class='ocrx_word' id='word_1_216' title='bbox 1038 2214 1242 2271; x_wconf 85' lang='lat' dir='ltr'>pertinet,</span> <span class='ocrx_word' id='word_1_217' title='bbox 1282 2227 1409 2271; x_wconf 87' lang='lat' dir='ltr'>super</span> <span class='ocrx_word' id='word_1_218' title='bbox 1438 2213 1516 2257; x_wconf 92' lang='lat' dir='ltr'>hoc</span> <span class='ocrx_word' id='word_1_219' title='bbox 1544 2211 1711 2268; x_wconf 83' lang='lat' dir='ltr'>litigare</span> <span class='ocrx_word' id='word_1_220' title='bbox 1739 2210 1880 2269; x_wconf 84' lang='lat' dir='ltr'>vellet,</span> 
     </span>
     <span class='ocr_line' id='line_1_30' title="bbox 321 2289 1880 2349; baseline 0.001 -18"><span class='ocrx_word' id='word_1_221' title='bbox 321 2290 517 2345; x_wconf 90' lang='lat' dir='ltr'>paratum</span> <span class='ocrx_word' id='word_1_222' title='bbox 555 2302 622 2332; x_wconf 89' lang='lat' dir='ltr'>me</span> <span class='ocrx_word' id='word_1_223' title='bbox 651 2289 787 2332; x_wconf 90' lang='lat' dir='ltr'>modis</span> <span class='ocrx_word' id='word_1_224' title='bbox 818 2290 1009 2334; x_wconf 89' lang='lat' dir='ltr'>omnibus</span> <span class='ocrx_word' id='word_1_225' title='bbox 1040 2291 1258 2335; x_wconf 87' lang='lat' dir='ltr'>inveniret.</span> <span class='ocrx_word' id='word_1_226' title='bbox 1319 2291 1557 2349; x_wconf 88' lang='lat' dir='ltr'>Eapropter</span> <span class='ocrx_word' id='word_1_227' title='bbox 1583 2289 1880 2348; x_wconf 87' lang='lat' dir='ltr'>paternitatem</span> 
     </span>
     <span class='ocr_line' id='line_1_31' title="bbox 322 2365 1880 2426; baseline 0.002 -17"><span class='ocrx_word' id='word_1_228' title='bbox 322 2368 506 2410; x_wconf 85' lang='lat' dir='ltr'>vestram</span> <span class='ocrx_word' id='word_1_229' title='bbox 520 2365 670 2410; x_wconf 90' lang='lat' dir='ltr'>humili</span> <span class='ocrx_word' id='word_1_230' title='bbox 684 2366 988 2424; x_wconf 85' lang='lat' dir='ltr'>supplicatione</span> <span class='ocrx_word' id='word_1_231' title='bbox 1005 2368 1217 2426; x_wconf 90' lang='lat' dir='ltr'>deprecor,</span> <span class='ocrx_word' id='word_1_232' title='bbox 1235 2375 1310 2413; x_wconf 86' lang='lat' dir='ltr'>ne·</span> <span class='ocrx_word' id='word_1_233' title='bbox 1325 2369 1370 2413; x_wconf 90' lang='lat' dir='ltr'>in</span> <span class='ocrx_word' id='word_1_234' title='bbox 1385 2382 1466 2425; x_wconf 83' lang='lat' dir='ltr'>me,</span> <span class='ocrx_word' id='word_1_235' title='bbox 1483 2367 1600 2412; x_wconf 86' lang='lat' dir='ltr'>vobis</span> <span class='ocrx_word' id='word_1_236' title='bbox 1616 2367 1880 2423; x_wconf 68' lang='lat' dir='ltr'>obedientem</span> 
     </span>
     <span class='ocr_line' id='line_1_32' title="bbox 323 2444 1879 2504; baseline 0.002 -17"><span class='ocrx_word' id='word_1_237' title='bbox 323 2446 366 2487; x_wconf 90' lang='lat' dir='ltr'>et</span> <span class='ocrx_word' id='word_1_238' title='bbox 396 2457 446 2488; x_wconf 91' lang='lat' dir='ltr'>ea</span> <span class='ocrx_word' id='word_1_239' title='bbox 475 2457 580 2501; x_wconf 87' lang='lat' dir='ltr'>quae</span> <span class='ocrx_word' id='word_1_240' title='bbox 599 2445 835 2502; x_wconf 89' lang='lat' dir='ltr'>prescripta</span> <span class='ocrx_word' id='word_1_241' title='bbox 862 2449 960 2490; x_wconf 89' lang='lat' dir='ltr'>sunt</span> <span class='ocrx_word' id='word_1_242' title='bbox 980 2446 1202 2491; x_wconf 86' lang='lat' dir='ltr'>observare</span> <span class='ocrx_word' id='word_1_243' title='bbox 1222 2447 1471 2504; x_wconf 90' lang='lat' dir='ltr'>cupientem,</span> <span class='ocrx_word' id='word_1_244' title='bbox 1502 2444 1753 2490; x_wconf 85' lang='lat' dir='ltr'>sententiam</span> <span class='ocrx_word' id='word_1_245' title='bbox 1780 2444 1879 2490; x_wconf 80' lang='lat' dir='ltr'>mit-</span> 
     </span>
     <span class='ocr_line' id='line_1_33' title="bbox 321 2521 1878 2582; baseline 0.001 -17"><span class='ocrx_word' id='word_1_246' title='bbox 321 2521 422 2565; x_wconf 89' lang='lat' dir='ltr'>tatis</span> <span class='ocrx_word' id='word_1_247' title='bbox 452 2521 519 2566; x_wconf 88' lang='lat' dir='ltr'>vel</span> <span class='ocrx_word' id='word_1_248' title='bbox 548 2525 706 2566; x_wconf 89' lang='lat' dir='ltr'>terram</span> <span class='ocrx_word' id='word_1_249' title='bbox 734 2536 871 2566; x_wconf 89' lang='lat' dir='ltr'>meam</span> <span class='ocrx_word' id='word_1_250' title='bbox 908 2523 984 2568; x_wconf 93' lang='lat' dir='ltr'>sub</span> <span class='ocrx_word' id='word_1_251' title='bbox 1025 2524 1162 2582; x_wconf 91' lang='lat' dir='ltr'>aliquo</span> <span class='ocrx_word' id='word_1_252' title='bbox 1201 2525 1423 2569; x_wconf 89' lang='lat' dir='ltr'>interdicto</span> <span class='ocrx_word' id='word_1_253' title='bbox 1459 2524 1646 2581; x_wconf 87' lang='lat' dir='ltr'>ponatis,</span> <span class='ocrx_word' id='word_1_254' title='bbox 1684 2522 1878 2581; x_wconf 82' lang='lat' dir='ltr'>quatinus</span> 
     </span>
     <span class='ocr_line' id='line_1_34' title="bbox 322 2599 1879 2661; baseline 0.003 -19"><span class='ocrx_word' id='word_1_255' title='bbox 322 2602 487 2643; x_wconf 87' lang='lat' dir='ltr'>vestrae</span> <span class='ocrx_word' id='word_1_256' title='bbox 526 2613 728 2658; x_wconf 88' lang='lat' dir='ltr'>personae</span> <span class='ocrx_word' id='word_1_257' title='bbox 760 2599 1048 2645; x_wconf 83' lang='lat' dir='ltr'>excellentiam</span> <span class='ocrx_word' id='word_1_258' title='bbox 1085 2605 1202 2646; x_wconf 91' lang='lat' dir='ltr'>tanto</span> <span class='ocrx_word' id='word_1_259' title='bbox 1232 2603 1327 2661; x_wconf 83' lang='lat' dir='ltr'>plus</span> <span class='ocrx_word' id='word_1_260' title='bbox 1357 2601 1530 2658; x_wconf 84' lang='lat' dir='ltr'>diligere</span> <span class='ocrx_word' id='word_1_261' title='bbox 1559 2600 1723 2646; x_wconf 87' lang='lat' dir='ltr'>valeam</span> <span class='ocrx_word' id='word_1_262' title='bbox 1752 2603 1796 2646; x_wconf 88' lang='lat' dir='ltr'>et</span> <span class='ocrx_word' id='word_1_263' title='bbox 1824 2599 1879 2645; x_wconf 85' lang='lat' dir='ltr'>ad</span> 
     </span>
     <span class='ocr_line' id='line_1_35' title="bbox 323 2676 1296 2725; baseline 0.004 -4"><span class='ocrx_word' id='word_1_264' title='bbox 323 2676 607 2722; x_wconf 85' lang='lat' dir='ltr'>defensionem</span> <span class='ocrx_word' id='word_1_265' title='bbox 637 2677 833 2722; x_wconf 87' lang='lat' dir='ltr'>ecclesiae</span> <span class='ocrx_word' id='word_1_266' title='bbox 863 2677 944 2722; x_wconf 92' lang='lat' dir='ltr'>Dei</span> <span class='ocrx_word' id='word_1_267' title='bbox 975 2693 1066 2724; x_wconf 89' lang='lat' dir='ltr'>esse</span> <span class='ocrx_word' id='word_1_268' title='bbox 1097 2680 1296 2725; x_wconf 88' lang='lat' dir='ltr'>devotior.</span> 
     </span>
    </p>
   </div>
   <div class='ocr_carea' id='block_1_7' title="bbox 419 2773 861 2813">
    <p class='ocr_par' dir='ltr' id='par_1_7' title="bbox 419 2773 861 2813">
     <span class='ocr_line' id='line_1_36' title="bbox 419 2773 861 2813; baseline -0.002 -9"><span class='ocrx_word' id='word_1_269' title='bbox 419 2782 446 2803; x_wconf 70' lang='lat' dir='ltr'>a.</span> <span class='ocrx_word' id='word_1_270' title='bbox 475 2782 512 2804; x_wconf 81' lang='lat' dir='ltr'>ne</span> <span class='ocrx_word' id='word_1_271' title='bbox 534 2775 645 2813; x_wconf 67' lang='lat' dir='ltr'>scripti</span> <span class='ocrx_word' id='word_1_272' title='bbox 659 2785 717 2813; x_wconf 79' lang='lat' dir='ltr'>pro</span> <span class='ocrx_word' id='word_1_273' title='bbox 738 2774 773 2804; x_wconf 81' lang='lat' dir='ltr'>ut</span> <span class='ocrx_word' id='word_1_274' title='bbox 793 2773 861 2804; x_wconf 82' lang='lat' dir='ltr'>cod.</span> 
     </span>
    </p>
   </div>
   <div class='ocr_carea' id='block_1_8' title="bbox 322 2835 1876 2932">
    <p class='ocr_par' dir='ltr' id='par_1_8' title="bbox 322 2835 1876 2932">
     <span class='ocr_line' id='line_1_37' title="bbox 419 2835 1876 2875; baseline 0.002 -3"><span class='ocrx_word' id='word_1_275' title='bbox 419 2837 452 2872; x_wconf 90' lang='lat'>1.</span> <span class='ocrx_word' id='word_1_276' title='bbox 481 2835 607 2874; x_wconf 86' lang='lat' dir='ltr'>habita</span> <span class='ocrx_word' id='word_1_277' title='bbox 629 2847 653 2874; x_wconf 84' lang='lat' dir='ltr'>a</span> <span class='ocrx_word' id='word_1_278' title='bbox 675 2836 870 2874; x_wconf 87' lang='lat' dir='ltr'>Decembri</span> <span class='ocrx_word' id='word_1_279' title='bbox 896 2836 988 2874; x_wconf 82' lang='lat'>1147</span> <span class='ocrx_word' id='word_1_280' title='bbox 1013 2838 1060 2874; x_wconf 87' lang='lat' dir='ltr'>ad</span> <span class='ocrx_word' id='word_1_281' title='bbox 1084 2838 1192 2875; x_wconf 85' lang='lat' dir='ltr'>Febr.</span> <span class='ocrx_word' id='word_1_282' title='bbox 1211 2838 1313 2875; x_wconf 83' lang='lat'>1148.</span> <span class='ocrx_word' id='word_1_283' title='bbox 1392 2837 1427 2874; x_wconf 81' lang='lat'>2.</span> <span class='ocrx_word' id='word_1_284' title='bbox 1451 2835 1676 2875; x_wconf 83' lang='lat' dir='ltr'>Bernhardo.</span> <span class='ocrx_word' id='word_1_285' title='bbox 1752 2838 1788 2875; x_wconf 88' lang='grc'>3.</span> <span class='ocrx_word' id='word_1_286' title='bbox 1812 2835 1876 2875; x_wconf 85' lang='lat' dir='ltr'>Al-</span> 
     </span>
     <span class='ocr_line' id='line_1_38' title="bbox 322 2894 556 2932; baseline 0.004 -1"><span class='ocrx_word' id='word_1_287' title='bbox 322 2894 469 2932; x_wconf 83' lang='lat' dir='ltr'>beronis</span> <span class='ocrx_word' id='word_1_288' title='bbox 492 2895 556 2932; x_wconf 86' lang='grc' dir='ltr'><strong>ΙΙΙ.</strong></span> 
     </span>
    </p>
   </div>
   <div class='ocr_carea' id='block_1_9' title="bbox 958 2982 1240 2989">
    <p class='ocr_par' dir='ltr' id='par_1_9' title="bbox 958 2982 1240 2989">
     <span class='ocr_line' id='line_1_39' title="bbox 958 2982 1240 2989; baseline 0 0"><span class='ocrx_word' id='word_1_289' title='bbox 958 2982 1240 2989; x_wconf 95' lang='lat' dir='ltr'> </span> 
     </span>
    </p>
   </div>
  </div>
 </body>
</html>
