1924 3288
518 189 718 221 wmALm
747 186 998 220 iamsi-omn
1024 185 1095 217 391.
1121 184 1192 216 392.
1549 171 1637 216 523

192 286 424 331 Transacta
454 285 567 344 apud
586 284 755 329 Ulmam
781 284 912 340 curia,
943 283 1120 327 domnus
1139 294 1216 326 rex
1237 280 1407 339 Spiram
1426 278 1636 339 procedet.
1662 282 1757 320 1152

0 369 34 424 fl*
70 365 135 411 lbi
163 365 328 422 neptim
359 378 478 408 suam
487 361 512 420 ¹,
553 377 579 407 a
606 376 705 418 rege
736 357 1045 419 Hispanorum²
1075 360 1372 418 desponsatam
1403 362 1447 403 et
1475 358 1638 414 magni·
1682 332 1737 363 Μ’

69 442 148 490 fiee
177 443 379 499 dotatam,
409 443 456 486 in
485 455 638 497 magno
670 440 872 485 comitatu
902 439 1170 484 deferendam
1199 438 1351 483 tradet.

74 603 191 653 392.
219 605 425 649 Moniales
450 602 772 647 ostermerenses
799 601 1035 645 Wibaldwm
1063 608 1225 659 roqant,
1257 616 1310 644 ne
1341 601 1533 644 decumas
1562 601 1640 643 sibi

219 698 429 727 concessas
459 680 622 739 auferri
647 681 848 737 patiatur.
1421 675 1493 733 (Μ.
1518 676 1637 731 363.)

187 771 307 816 Patri
339 770 493 816 eximio
526 782 574 813 ac
603 769 695 813 Deo
727 767 973 824 dignissimo
1005 766 1250 812 Gorbeiensi
1289 766 1432 811 abbati
1468 766 1638 811 domino
1664 772 1758 810 1152

69 848 298 905 W(ibaldo)
340 848 542 907 speciales
581 848 670 892 eius
706 845 819 891 filiae
855 846 902 890 in
938 845 1051 902 loeo,
1093 846 1164 902 qui
1202 845 1355 890 dicitur
1386 845 1638 903 Ostermere,

71 942 97 974 a
124 927 379 987 lippitudine
398 925 501 970 Liae
531 926 584 970 ad
606 925 917 984 speciositatem
935 923 1130 968 Rachelis
1160 923 1411 982 profitiendo
1442 924 1636 968 transire.

188 1006 354 1059 Quanta
394 1004 665 1049 sublimitatis
702 1007 869 1048 vestrae
913 1002 1234 1061 amplitudinem
1277 1002 1421 1047 deceat
1465 1001 1639 1047 laudum

70 1083 418 1142 magnificentia⁸,
457 1083 494 1127 si
522 1082 677 1126 litteris
709 1082 923 1138 assignare
954 1095 1174 1137 conemur,
1213 1094 1291 1139 pro
1326 1081 1462 1124 nostri
1491 1095 1639 1125 sensus

70 1163 280 1222 parvitate
304 1160 533 1206 deficimus.
580 1160 723 1205 Vestri
742 1163 885 1204 tamen
904 1159 1165 1215 memoriam,
1197 1159 1318 1203 nobis
1339 1158 1639 1217 dulcissimam,

72 1255 199 1300 super
230 1240 363 1285 altare
393 1239 555 1284 incensi
586 1239 823 1283 orationum
853 1241 1094 1282 nostrarum
1123 1238 1278 1293 iugiter
1304 1237 1414 1293 ignis
1437 1237 1638 1282 adolebit:

73 1323 115 1364 et
150 1322 199 1363 ut
236 1322 440 1377 paternae
478 1318 713 1374 dignationi
753 1320 940 1372 vestrae,
987 1330 1113 1373 quam
1158 1315 1280 1359 nobis
1316 1315 1416 1359 lieet
1454 1315 1640 1372 indignis

71 1397 272 1441 hactenus
302 1396 349 1440 in
380 1396 572 1440 omnibus
602 1396 788 1452 negociis
825 1394 982 1439 nostris
1018 1394 1090 1452 pie
1129 1394 1399 1450 exhibuistis,
1439 1394 1640 1451 superha-

71 1475 263 1520 bundans
294 1477 584 1518 remunerator
615 1477 807 1518 occurrat
846 1476 887 1517 et
918 1472 1156 1517 serenitatis
1185 1475 1352 1516 vestrae
1383 1472 1641 1516 audientiam

70 1567 307 1613 pauperum
345 1566 518 1597 suorum
557 1552 737 1609 querelis
769 1551 961 1596 Christus
1000 1550 1228 1607 indulgeat.
1276 1539 1480 1607 Proinde,
1519 1554 1641 1608 pater

71 1633 350 1688 sanctissime,
383 1631 436 1675 ad
459 1645 534 1675 vos
556 1633 774 1688 tamquam
805 1630 859 1674 ad
887 1630 1048 1673 fontem
1077 1629 1392 1673 misericordiae
1423 1629 1640 1674 sitienterb

72 1713 297 1755 exestuans
327 1712 475 1753 nostra
503 1708 641 1753 tendit
677 1708 832 1764 oratio,
871 1711 920 1751 ut
949 1721 1097 1751 causas
1127 1707 1291 1763 negocii
1319 1708 1477 1763 nostri,
1514 1710 1643 1766 prout

75 1787 257 1847 Spiritus
290 1791 458 1832 sanctus
494 1786 656 1844 pectori
694 1790 833 1830 vestro
873 1785 1114 1841 dictaverit,
1151 1785 1341 1843 plenarie
1379 1785 1640 1830 discutiendo

72 1866 322 1911 terminetis.
444 1865 602 1909 Notum
633 1877 731 1919 ergo
761 1863 938 1907 facimus
971 1863 1184 1906 nobilitati
1205 1866 1386 1920 vestrae,
1417 1864 1547 1907 immo
1577 1863 1641 1908 la-

72 1943 349 1989 crimabiliter
370 1943 663 2000 conquerimur
682 1940 907 1986 mellifluae
926 1941 1174 1999 paternitati
1193 1944 1372 1997 vestrae,
1398 1942 1496 1998 quia
1515 1943 1642 1986 mini-

74 2022 264 2067 steriales
302 2022 435 2066 vestri
471 2021 741 2065 vehementer
786 2033 862 2063 nos
907 2019 1110 2063 infestant
1153 2033 1231 2076 pro
1271 2019 1453 2077 decima,
1501 2034 1641 2077 quam,

74 2101 217 2145 divina
246 2100 366 2144 nobis
400 2102 608 2143 annuente
629 2098 864 2153 clementia,
895 2100 1037 2141 vestra
1057 2098 1262 2141 concessit
1282 2097 1561 2156 providentia,
1594 2111 1643 2143 ac

72 2179 302 2235 infringere
335 2182 378 2223 et
408 2176 678 2232 adnichilare,
711 2189 817 2233 quae
836 2178 979 2220 vestra
1001 2176 1246 2220 auctoritate
1278 2179 1321 2220 et
1350 2176 1524 2220 consilio
1557 2180 1642 2220 sta-

73 2257 195 2302 bilita
225 2259 337 2313 sunt,
368 2256 515 2300 volunt
545 2258 587 2299 et
618 2254 869 2298 omnimodis
902 2253 1066 2297 auferre
1096 2257 1312 2311 conantur,
1343 2255 1428 2298 nisi
1458 2255 1483 2298 a
1501 2258 1643 2300 vestra

75 2335 279 2391 dignitate
316 2336 671 2378 commoneantur.
735 2332 855 2376 Hanc
891 2332 1043 2387 igitur,
1084 2332 1251 2376 domine
1287 2333 1641 2390 reverentissime,

74 2417 163 2458 tam
193 2412 418 2458 ineffabilis
450 2411 605 2456 doloris
645 2410 844 2455 iniuriam
874 2413 1121 2466 vestraeque
1150 2424 1375 2468 personae,
1415 2411 1515 2468 quia
1550 2412 1642 2469 ipse

75 2492 120 2536 in
150 2505 277 2536 causa
305 2491 460 2546 fuistis,
492 2489 789 2534 contumeliam
809 2502 886 2546 per
911 2501 988 2531 nos
1010 2486 1190 2544 effugere
1210 2502 1295 2532 non
1324 2488 1527 2546 valemus,
1558 2489 1642 2533 nisi

75 2572 218 2614 vestra
248 2569 537 2627 compassione
569 2567 702 2611 fretae
731 2567 948 2610 fuerimus
1011 2565 1295 2625 Quapropter,
1327 2567 1351 2610 ό
1382 2566 1501 2624 pium
1533 2566 1641 2611 sola-

75 2662 173 2693 men
203 2648 469 2692 miseriarum
499 2649 754 2700 nostrarum,
786 2644 811 2688 ό
842 2657 938 2702 spes
968 2646 1113 2688 nostra
1142 2647 1240 2702 post
1268 2644 1510 2701 Dominum,
1542 2644 1642 2689 licet

77 2739 252 2784 corpore
283 2726 490 2782 absentes,
522 2724 674 2782 spiritu
702 2725 846 2766 tamen
875 2725 1105 2780 presentes,
1136 2725 1225 2766 toto
1250 2722 1387 2766 cordis
1409 2734 1458 2766 ac
1486 2723 1640 2768 mentis

174 2842 201 2864 a.
230 2832 453 2872 magnificentia
474 2845 500 2863 c.
587 2831 617 2861 b.
640 2831 770 2861 scienter
792 2830 860 2860 cod.

172 2891 205 2926 1.
238 2889 453 2936 Richildim,
484 2888 596 2925 filiam
620 2887 813 2925 Wladislai
842 2886 879 2923 II
911 2886 1016 2923 ducis
1047 2886 1221 2924 Poloniae
1251 2889 1288 2924 et
1317 2886 1476 2934 Agnetis
1506 2888 1641 2926 sororis

77 2959 272 2998 germanae
297 2949 455 2988 Conradi
479 2949 532 2986 111
557 2948 667 2996 regis.
762 2949 795 2986 2.
821 2946 978 2986 Alfonso
1003 2947 1050 2994 ΙΙ,
1075 2957 1162 2995 rege
1187 2947 1371 2985 Castiliae.
