1924 3288
296 218 383 262 212
797 229 996 261 wmALm
1023 227 1244 260 EPISTOLA
1274 227 1344 260 136.

179 328 270 365 1148
295 324 440 382 procul
470 324 596 369 dubio
626 324 769 367 futura
798 323 908 367 bona
935 323 1192 381 predicanda
1220 324 1266 367 in
1285 323 1406 367 nobis
1427 321 1694 368 estimaretis.
1742 320 1853 368 Sne

171 1029 263 1065 1146

178 1078 264 1109 Mart.

149 1269 188 1299 ai.
200 1268 265 1300 Iun.

294 402 550 446 conscientia
582 404 730 445 nostra
759 401 944 456 graviter
973 415 1049 445 nos
1078 402 1300 459 impugnat
1330 404 1373 445 et
1401 403 1570 445 accusat
1598 413 1734 458 neque
1753 398 1853 456 nos,

293 493 377 524 non
414 480 551 524 dicam
588 482 749 534 vestra,
795 482 860 522 set
895 491 974 522 nec
1010 479 1256 536 cuiusquam
1293 479 1462 536 quidem
1499 477 1635 523 infimi
1670 477 1853 522 hominis

293 557 651 601 commendatione
681 556 852 612 dignam
872 570 917 600 se
938 556 1166 601 arbitratur
1175 564 1201 600 ·.
1242 556 1543 601 Verumtamen
1571 555 1770 614 quoniam
1790 554 1854 600 sic

292 635 345 679 de
381 638 527 678 nostra
562 635 772 692 parvitate
810 634 928 678 vobis
959 635 1115 679 sentire
1143 635 1281 678 visum
1311 637 1396 690 est,
1435 634 1644 678 enitemur
1678 633 1726 677 id
1761 644 1853 677 esse

293 713 404 770 quod
441 726 515 756 vos
555 711 795 768 affirmatis,
834 712 1095 756 studebimus
1133 712 1366 756 conformes
1405 711 1497 756 fieri
1525 711 1688 768 gratiae
1725 722 1852 767 quam

291 803 365 834 vos
402 790 642 847 predicatis.
765 789 989 834 Caeterum
1026 790 1078 834 de
1116 789 1269 834 domno
1305 789 1379 834 illo
1410 789 1630 845 Heinrico,
1667 788 1742 846 qui
1775 787 1853 832 di·

291 868 456 925 quando
486 868 643 925 prefuit
662 867 906 912 Corbeiensi
935 868 1204 923 monasterie,
1236 868 1305 912 cui
1333 880 1445 912 nunc
1473 865 1551 911 nos
1570 866 1661 911 Deo
1682 869 1852 911 auctore

290 946 562 1001 deservimus,
593 949 758 990 vestrae
788 946 1038 1002 benignitati
1061 945 1376 1003 respondemus,
1408 945 1533 1002 quod,
1564 958 1661 989 cum
1678 942 1853 989 inmul*

288 1025 343 1068 tis
382 1026 650 1068 accusaretur
685 1027 774 1068 tam
812 1024 864 1068 de
899 1023 1084 1067 violenta
1119 1023 1354 1067 intrusione
1390 1037 1467 1067 sua
1503 1036 1631 1080 quam
1667 1022 1721 1067 de
1756 1021 1852 1066 aliis

289 1102 539 1159 quibusdam
588 1101 804 1158 capitulis,
857 1115 934 1145 nos
980 1115 1066 1145 non
1111 1101 1246 1145 solum
1292 1101 1485 1145 absentes
1530 1113 1679 1145 verum
1722 1099 1852 1144 etiam

288 1181 476 1223 omnium
513 1180 691 1223 istarum
728 1193 872 1222 rerum
908 1179 1047 1234 ignari
1084 1182 1127 1223 et
1163 1178 1286 1234 longe
1324 1179 1453 1236 positi
1487 1179 1533 1222 in
1562 1177 1681 1223 curia
1706 1177 1852 1222 domni

288 1269 425 1316 papae
455 1270 641 1311 eramus3
683 1260 725 1301 et
754 1260 852 1314 post
882 1270 957 1300 sex
987 1257 1075 1300 fere
1106 1257 1314 1300 mensium
1344 1256 1553 1314 spacium,
1585 1269 1686 1313 sepe
1713 1254 1852 1300 vooeti

289 1339 332 1380 et
360 1336 504 1379 venire
531 1334 637 1378 iussi
668 1338 711 1378 et
741 1348 794 1378 ex
822 1337 945 1392 parte
974 1347 1060 1378 non
1089 1334 1254 1378 modica
1284 1334 1431 1389 coacti,
1463 1333 1518 1377 ad
1539 1333 1729 1389 regimen
1748 1331 1851 1377 Ont-

289 1413 470 1457 beiensis
503 1412 728 1456 aecclesiae
758 1425 843 1456 non
875 1412 1031 1469 absque
1061 1425 1164 1456 cura
1193 1415 1236 1455 et
1265 1411 1546 1455 sollicitudine
1576 1414 1620 1455 et
1647 1409 1768 1467 gravi
1795 1410 1851 1454 ti-

221 1510 237 1531 e
257 1523 265 1531 .
287 1504 404 1534 more
443 1490 716 1545 accessimus,
756 1502 852 1532 cum
887 1492 1030 1533 tamen
1063 1490 1174 1533 inter
1203 1489 1337 1547 ipsius
1368 1488 1674 1546 depositionem
1703 1491 1747 1532 et
1774 1498 1850 1532 no-

289 1571 422 1612 stram
452 1567 758 1611 ordinationem
782 1566 946 1611 medius
972 1566 1143 1622 quidam
1155 1563 1167 1584 ¹
1185 1566 1375 1610 unanimi
1395 1569 1438 1610 et
1457 1565 1652 1610 concordi
1670 1565 1851 1610 fratrum

289 1646 490 1690 electione
528 1646 656 1689 fuerit
684 1647 914 1702 promotus,
962 1643 1163 1688 Nostram
1190 1644 1333 1700 itaque
1362 1643 1667 1699 innocentiam,
1707 1643 1782 1700 qui
1810 1642 1850 1687 ei

289 1727 386 1767 ante
433 1724 532 1767 dum
570 1723 779 1780 frequenti
818 1722 1082 1766 accusatione
1119 1721 1359 1780 pulsaretur
1398 1721 1584 1765 studiose
1622 1720 1848 1777 astitimus,

288 1802 380 1858 ipse
417 1801 611 1857 fatigavit
649 1805 711 1856 et,
749 1800 993 1844 inobediens
1031 1799 1244 1843 Romanae
1283 1798 1507 1843 aecclesiae
1541 1802 1584 1842 et
1612 1798 1746 1857 ipsius
1776 1797 1850 1843 do-

289 1879 413 1922 cretis
444 1879 617 1923 minime
649 1878 955 1935 obtemperans,
988 1891 1059 1922 ore
1088 1878 1134 1920 in
1157 1877 1318 1921 coelum
1339 1876 1491 1934 posito,
1523 1876 1722 1920 scandala
1738 1875 1850 1921 inter

288 1956 440 2000 fratres
480 1960 646 2000 nostros
685 1956 908 2000 seminavit
945 1959 1007 2011 et,
1046 1958 1248 2012 quantum
1285 1955 1331 1998 in
1365 1954 1458 2012 ipso
1488 1954 1592 2010 fuit,
1627 1953 1850 1999 materiam

289 2031 425 2078 modis
457 2034 649 2078 omnibus
682 2034 811 2089 dedit,
844 2034 1065 2090 quominus
1095 2032 1299 2089 regularis
1331 2032 1554 2090 disciplina
1575 2035 1619 2076 et
1637 2031 1738 2077 ordo
1758 2044 1848 2076 mo·

288 2112 473 2156 nasticus
513 2112 652 2155 debito
693 2115 735 2155 et
774 2111 973 2155 canonico
1010 2112 1180 2155 tramite
1217 2111 1262 2154 in
1291 2109 1546 2154 monasterio
1576 2112 1721 2154 nostro
1749 2122 1848 2168 pro-

290 2190 466 2234 cederet.
514 2189 571 2233 Et
608 2189 691 2232 illis
732 2189 900 2245 quidem
935 2189 1228 2233 reconciliatus
1266 2191 1349 2244 est,
1389 2187 1462 2244 qui
1496 2190 1617 2231 erant
1646 2186 1707 2243 ei,
1747 2185 1848 2231 dum

289 2267 541 2324 presideret,
580 2267 625 2310 in
662 2267 876 2324 presentia
907 2266 1049 2310 blandi
1078 2267 1123 2310 in
1155 2266 1344 2311 absentia
1372 2264 1610 2320 mordaces,
1650 2264 1731 2322 qui-
1750 2277 1848 2310 eum

289 2345 492 2400 cogebant
523 2340 647 2401 quasi
672 2344 845 2388 consilio
876 2344 1051 2389 salutari
1079 2344 1155 2388 illa
1182 2345 1341 2400 facere,
1377 2341 1508 2400 quae'·
1537 2342 1623 2400 ipsi
1650 2355 1751 2388 mox
1779 2355 1846 2386 re-

288 2422 595 2479 prehendentes
628 2422 879 2466 accusabant
910 2426 964 2478 et,
997 2436 1091 2467 cum
1123 2425 1262 2466 essent
1287 2420 1494 2465 malorum
1516 2422 1720 2476 auctores,
1751 2432 1848 2465 eum

288 2499 335 2543 in
371 2500 437 2543 ius
475 2503 677 2557 tanquam
711 2503 930 2544 nocentem
968 2500 1202 2545 trahebant.
1255 2498 1385 2543 Nobis
1422 2511 1519 2542 vero
1556 2497 1733 2542 infestus
1768 2498 1847 2553 est,

291 2577 363 2634 qui
394 2591 490 2621 eum
519 2591 735 2635 nunquam
764 2591 817 2621 ne
847 2577 974 2621 verbo
1006 2578 1175 2635 quidem
1206 2577 1382 2622 scientes
1413 2574 1658 2620 offendimus
1689 2578 1732 2620 et
1760 2574 1846 2633 qui,

290 2655 326 2698 si
356 2654 447 2699 fieri
477 2659 620 2713 posset
650 2655 767 2699 salva
795 2655 996 2711 religione
1028 2658 1070 2699 et
1098 2655 1316 2699 honestate
1344 2656 1502 2708 nostra,
1533 2652 1753 2697 mallemus
1773 2651 1847 2697 ab-

291 2746 381 2776 esse
419 2747 545 2790 quam
582 2733 627 2776 in
664 2736 852 2790 tempore
883 2736 1025 2777 tantae
1055 2731 1380 2790 perturbationis
1410 2744 1590 2788 preesse.
1711 2729 1847 2787 Super

291 2810 367 2854 hoc
404 2825 524 2866 vero,
563 2810 695 2868 quod,
734 2811 843 2854 sicut
877 2811 921 2854 in
951 2811 1102 2854 vestris
1133 2809 1285 2854 litteris
1316 2808 1513 2864 habetur,
1552 2807 1671 2852 nobis
1701 2819 1845 2852 recon-

405 2932 413 2940 .
440 2913 486 2941 n‘c
508 2912 575 2941 cod.
660 2911 689 2942 b.
717 2911 769 2950 qui
791 2923 816 2942 c.

384 2974 417 3009 1.
443 2974 638 3011 Heinricus
661 2974 698 3010 11
721 2973 835 3011 abbas
860 2973 1102 3011 corbeiensis.
