1924 3288
307 200 393 245 252
816 213 1014 244 wmALm
1041 213 1257 245 nms'roLA
1286 213 1355 244 151.

190 310 282 348 1149
306 307 386 364 ris,
423 305 599 352 afferens
629 306 830 364 parvitati
859 310 1027 352 nostrae
1055 305 1239 352 litteras¹
1269 311 1434 352 vestrae
1463 308 1719 366 sanctitatis,
1749 315 1855 367 quae

306 385 385 429 hoc
420 384 770 443 deprecabantur,
809 387 857 427 ut
893 383 1092 429 domnum
1121 385 1366 430 Heinricum
1395 385 1604 442 quondam
1633 386 1855 435 medecina

306 466 474 507 nostrae
505 462 698 507 abbatem
729 461 781 505 ad
811 474 887 505 nos
917 461 1278 507 reconciliaremus
1310 466 1353 507 et
1382 462 1588 508 volentem
1617 465 1855 511 conversari

305 540 415 585 inter
451 553 527 583 nos
564 552 648 583 non
687 538 995 596 repelleremus.
1047 539 1164 592 Quod
1194 554 1291 584 vero
1333 543 1433 584 tunc
1468 541 1515 585 in
1550 541 1854 600 presentiarum

305 621 469 661 vestrae
507 616 750 674 paternitati
786 617 1036 674 respondere
1071 617 1331 674 distulimus,
1370 631 1496 662 causa
1524 621 1634 675 erat,
1670 618 1781 676 quod
1807 619 1854 666 111

305 695 383 738 hoc
411 694 538 739 verbo
569 707 723 750 magna
753 694 963 739 anxietate
1001 695 1269 750 tenebamur,
1306 707 1385 738 nec
1413 695 1459 739 in
1487 709 1534 740 re
1562 699 1651 741 tam
1679 694 1853 754 difficili,

306 786 412 829 quae
449 771 692 816 scandalum
730 771 953 816 aecclesiae
982 775 1150 816 nostrae
1181 772 1352 828 gignere
1381 776 1568 830 poterat,
1606 773 1853 821 inconsultis

304 850 510 894 universis
539 849 753 904 fratribus,
785 849 856 906 qui
884 852 984 893 tunc
1002 849 1192 906 plerique
1213 850 1399 907 aberant,
1431 851 1653 907 quiequam
1670 854 1853 897 statuere

304 941 533 983 congruum
563 926 879 971 arbitrabamur.
929 926 1036 978 Quid
1065 931 1205 971 autem
1234 941 1346 972 nunc
1373 928 1418 972 in
1448 928 1620 973 consilio
1646 929 1854 976 inveneri-

303 1019 411 1061 mus,
446 1008 611 1049 vestrae
641 1004 877 1048 celsitudini
906 1017 983 1061 per
1011 1005 1299 1050 unanimitatis
1329 1008 1496 1050 nostrae
1524 1005 1687 1051 litteras
1716 1007 1854 1064 aperi-

303 1096 417 1139 mus,
457 1082 536 1126 hoc
573 1082 780 1140 principio
818 1082 1099 1139 postulanteS,
1138 1096 1192 1126 ne
1229 1082 1470 1139 indignetur
1504 1083 1626 1128 nobis
1662 1082 1855 1131 dominus

303 1163 459 1216 noster,
492 1160 602 1217 quod
629 1159 829 1217 peticioni
857 1163 1022 1204 vestrae
1052 1160 1292 1205 satisfacere
1320 1174 1405 1204 non
1433 1171 1668 1218 possumus,
1714 1169 1719 1174 ·
1802 1170 1806 1174 ·

421 1237 556 1281 Ηο1110
587 1237 698 1282 enim
727 1237 829 1293 iste,
864 1251 941 1294 pro
973 1251 1053 1294 quo
1083 1237 1375 1295 interpellatis,
1405 1251 1601 1294 magnam
1631 1237 1854 1284 aecclesiae

188 1321 280 1358 1143
303 1318 472 1359 nostrae
502 1314 770 1359 afflictionem
793 1315 959 1359 intulit:
991 1315 1127 1372 primo
1159 1316 1327 1372 quidem
1357 1329 1451 1360 cum
1482 1316 1508 1360 a
1534 1316 1666 1360 fratre
1690 1329 1766 1360 suo
1785 1328 1854 1362 eo·-

303 1393 406 1437 mite
454 1391 607 1436 Sifrido
653 1393 707 1436 ad
752 1393 999 1449 dignitatem
1045 1393 1235 1438 abbatiae
1279 1393 1483 1438 violenter
1521 1396 1585 1438 est
1621 1390 1853 1449 intrusun’3

305 1470 454 1515 deinde
481 1483 576 1514 cum
601 1471 646 1514 in
665 1470 897 1528 prelatione
916 1471 1078 1528 positus
1099 1471 1323 1515 aecclesiae
1342 1471 1502 1515 inutilis
1521 1471 1603 1515 fuit
1620 1470 1855 1516 01118111υο-

189 1553 280 1589 1146
304 1562 396 1602 sus3
436 1548 654 1605 postmodo
687 1548 812 1592 etiam
842 1561 957 1604 cum,
997 1562 1049 1592 ex
1079 1548 1160 1592 Dei
1189 1549 1342 1592 iudicio
1373 1548 1606 1606 depositus,
1637 1547 1854 1594 ecclesiam

303 1628 491 1670 nostram
522 1625 665 1669 multis
697 1629 739 1670 et
760 1626 931 1682 'magnis
961 1625 1140 1682 iniuriis,
1178 1626 1223 1670 in
1254 1629 1455 1683 quantum
1485 1625 1635 1683 potuit,
1667 1628 1731 1670 est
1756 1638 1854 1684 per-

303 1706 480 1748 secutus.

422 1780 656 1837 Siquidem,
697 1783 745 1824 ut
782 1780 893 1838 apud
931 1780 1220 1825 excellentiam
1256 1784 1439 1826 vestram
1475 1779 1732 1825 excusabiles
1762 1793 1853 1826 esse

302 1858 537 1914 valeamus,
567 1858 794 1902 violentam
823 1858 1098 1903 intrusionem
1127 1859 1216 1902 eius
1245 1859 1291 1902 in
1322 1859 1531 1903 abbatiam
1559 1858 1705 1916 paucis
1733 1858 1852 1904 vobis

303 1950 572 1994 exponemus,
602 1937 648 1979 in
678 1935 827 1992 quibus
857 1939 946 1980 tam
974 1949 1075 1980 vera
1101 1936 1332 1993 loquemur,
1364 1949 1490 1993 quam
1507 1936 1600 1980 visa
1618 1938 1662 1980 et
1679 1938 1853 1994 experta

174 2020 266 2078 1143
303 2014 501 2058 dolemus.
561 2013 663 2057 Cum
708 2013 899 2057 dominus
937 2017 1079 2058 noster
1114 2014 1209 2071 piae
1245 2014 1445 2058 memorie
1478 2013 1685 2057 Adelbero
1723 2013 1850 2058 abbas

155 2071 223 2102 Mau.
240 2071 279 2101 ²⁹
302 2093 414 2136 viam
444 2092 664 2136 universae
693 2091 830 2135 carnis
860 2091 1072 2147 ingressus
1103 2088 1248 2147 esset⁸,
1283 2091 1394 2135 idem
1424 2091 1600 2135 domnus
1629 2090 1850 2136 Heinricus

303 2173 394 2214 erat
425 2169 535 2227 apud
565 2182 641 2212 nos
673 2169 807 2212 adhuc
835 2169 881 2212 in
911 2169 1030 2212 annis
1061 2169 1374 2224 adolescentiae,
1407 2172 1449 2212 et
1476 2181 1610 2226 nuper
1637 2167 1850 2214 absolutus

303 2248 354 2292 de
393 2247 568 2302 subiugo
608 2245 843 2290 claustralis
882 2245 1105 2290 custodiae.
1159 2245 1239 2290 Hic
1276 2245 1478 2303 aspiravit
1513 2245 1568 2290 ad
1605 2246 1850 2302 dignitatem

304 2325 508 2381 abbatiae,
539 2337 665 2382 quam
696 2323 822 2366 etiam
854 2324 1030 2381 adeptus
1061 2327 1136 2379 est,
1167 2324 1296 2368 fratre
1326 2337 1400 2367 suo
1430 2323 1581 2367 comite
1603 2323 1757 2368 sifrido
1781 2336 1849 2369 co-

303 2404 514 2460 operante.
561 2400 678 2445 Misit
706 2415 885 2458 namque
915 2401 1027 2445 idem
1057 2414 1193 2445 comes
1215 2401 1307 2459 ipso
1328 2400 1502 2445 articulo
1522 2400 1736 2459 temporis,
1767 2414 1848 2459 quo

304 2480 432 2525 abbas
463 2479 602 2523 senior
631 2479 877 2534 decesserat,
909 2482 1090 2523 secretos
1119 2479 1288 2523 nuntios
1319 2478 1373 2522 ad
1395 2477 1686 2534 Moguntinum
1715 2478 1850 2523 arehi-

303 2553 577 2616 episcopum⁴.
624 2556 681 2600 Et
709 2569 804 2600 cum
834 2556 912 2600 hoc
941 2557 1248 2612 ignoraremus,
1286 2555 1432 2599 callide
1463 2555 1568 2611 egit,
1605 2559 1654 2600 ut
1683 2555 1848 2601 electio-

303 2649 412 2691 nem,
444 2647 569 2691 quam
599 2634 650 2678 de
679 2634 977 2679 consuetudine
1006 2634 1248 2679 monasterii
1278 2633 1422 2678 eadem
1451 2633 1518 2677 die
1549 2633 1758 2678 celebrare
1777 2633 1848 2678 de-

180 2728 243 2759 1un.
262 2729 277 2758 1
304 2713 544 2767 bueramus,
583 2725 660 2769 per
696 2712 881 2756 triduum
919 2710 1190 2756 differremus.
1240 2710 1413 2755 Peracto
1449 2710 1608 2767 triduo,
1645 2714 1850 2756 venerunt

302 2790 430 2846 legati
459 2790 602 2834 domni
631 2788 886 2845 Moguntini,
923 2802 1018 2834 cum
1046 2789 1198 2834 litteris
1229 2788 1360 2846 ipsius
1389 2787 1507 2832 missi
1538 2788 1590 2832 ad
1618 2801 1707 2832 nos.
1757 2786 1847 2832 Lit-

399 2895 430 2931 1.
462 2894 509 2931 V.
533 2904 645 2940 supra
675 2904 758 2940 epp.
776 2894 845 2930 134
869 2897 907 2931 et
931 2894 1011 2931 135.
1111 2894 1144 2930 2.
1177 2903 1272 2931 anno
1297 2892 1399 2930 1143.
1505 2893 1539 2929 3.
1574 2892 1665 2930 1143
1687 2892 1845 2931 usiae.

302 2954 336 2990 4.
363 2953 573 2990 Heinricum
598 2954 615 2990 1
640 2953 897 2990 1142—1153.
