1924 3288
494 210 692 242 wmALm
720 208 968 241 umerorum
998 206 1069 238 257.
1093 206 1164 237 258.
1519 192 1606 236 383

50 305 103 352 de
129 305 197 351 hia
226 317 333 364 quae
361 304 475 350 intus
504 308 602 350 sunt
631 318 757 362 quam
785 303 836 348 de
864 302 930 348 his
952 316 1058 360 quae
1077 301 1180 346 foris
1201 302 1394 357 aguntur,
1425 300 1463 344 si
1483 313 1607 358 opor·
1632 302 1724 340 1150

48 387 197 430 tunam
226 383 366 440 fuerit,
395 382 560 441 plenius
591 382 736 427 audire
765 382 971 440 poteritis.
1017 380 1319 425 Paternitatem
1339 381 1522 423 vestram
1552 377 1607 422 ad

48 461 248 508 honorem
277 461 502 507 aecclesiae
531 475 632 505 suae
663 460 925 518 omnipotens
956 459 1070 503 Deus
1101 458 1174 502 diu
1202 456 1438 502 incolumen
1468 458 1606 500 custo-

48 539 150 586 diat.
253 539 319 584 De
349 539 552 598 Vilippes,
584 539 621 582 si
651 538 912 596 oportunitas
944 536 1154 593 acciderit,
1186 536 1381 594 petimus,
1412 537 1460 579 ut
1488 547 1607 579 men-

47 617 206 665 tionem
234 630 378 663 coram
406 631 505 674 rege
534 617 712 662 faciatis.

52 782 169 832 258.
197 786 457 831 stabulenses
487 783 723 829 Conradum
753 784 829 827 III
854 799 990 841 reqem
1019 789 1189 841 roqcmt,
1229 789 1276 825 ut
1306 781 1540 825 Gozuinum
1571 788 1610 824 et

194 862 459 909 Everardum
489 864 541 907 de
560 861 808 921 Henyebach
836 863 915 905 sibi
945 862 995 904 de
1024 862 1188 904 iniuriis
1216 859 1455 918 satisfacere
1479 867 1606 917 σοφαί.

1392 935 1464 990 (Μ.
1490 936 1608 991 238.)

166 1017 477 1064 Gloriosissimo
517 1021 641 1075 atque
677 1016 953 1062 invictissimo
992 1015 1160 1059 domino
1199 1028 1273 1058 suo
1303 1013 1608 1058 Romanorum·
1633 1016 1726 1053 1150

50 1097 294 1155 imperatori
325 1100 499 1153 augusto
520 1095 745 1151 C(onrad0)
775 1093 944 1138 humilis
967 1093 1226 1138 Stabulensis
1259 1092 1484 1137 aecclesiae
1509 1106 1608 1136 con-

49 1175 250 1231 gregatio,
282 1175 479 1233 quicquid
508 1175 648 1231 regiae
677 1173 888 1218 maiestati
916 1171 1107 1216 tantillus
1138 1170 1261 1215 debet
1281 1184 1329 1215 ac
1348 1174 1488 1229 potest
1510 1185 1607 1215 eon-

49 1256 212 1298 ventus.

168 1329 215 1375 Si
235 1330 505 1376 excellentiae
523 1333 702 1386 vestrae,
725 1328 989 1373 serenissime
1011 1327 1191 1384 domine,
1214 1327 1352 1384 aliquo
1368 1327 1492 1371 modo
1513 1342 1608 1384 gra-

48 1408 202 1457 tiarum
234 1409 416 1453 actiones
445 1409 620 1453 reddere
648 1411 795 1452 nostra
823 1410 966 1464 posset
995 1406 1216 1462 exiguitas,
1247 1406 1292 1449 id
1318 1408 1437 1450 tanto
1458 1407 1608 1463 exequi

49 1499 288 1531 curaremus
319 1487 532 1543 attentiuS,
565 1489 720 1544 quanto
749 1486 795 1529 in
825 1484 1056 1540 colligendo
1075 1487 1198 1542 patre
1218 1487 1362 1528 nostro
1383 1484 1608 1529 aecclesiae

49 1568 235 1622 vestrae,
273 1565 319 1610 in
358 1579 441 1622 qua
475 1563 604 1623 positi
641 1578 807 1619 sumus,
845 1563 1036 1607 misereri
1074 1562 1306 1618 dignamini
1343 1563 1605 1621 propensius.

49 1642 151 1688 Inde
187 1646 272 1700 est,
312 1643 423 1700 quod
460 1643 667 1687 continuis
705 1642 931 1686 missarum
967 1640 1316 1686 celebrationibus
1354 1654 1402 1684 ac
1436 1640 1607 1696 vigiliis,

51 1720 229 1765 assiduis
258 1721 451 1778 precibus
482 1724 525 1765 et
554 1720 791 1765 elemosinis
811 1719 950 1764 Deum
978 1733 1055 1776 pro
1084 1721 1198 1762 statu
1216 1719 1337 1774 regni
1355 1719 1499 1775 vestri,
1530 1733 1608 1776 pro

50 1797 335 1843 incolumitate
354 1801 494 1843 vestra
512 1802 829 1854 vestrorumque
856 1810 1077 1841 exoramus
1099 1797 1302 1853 devotius,
1332 1797 1607 1855 postulantes,

50 1879 98 1920 ut
126 1875 178 1932 is,
208 1875 253 1919 in
283 1875 399 1920 cuius
428 1890 558 1920 manu
587 1879 685 1920 sunt
715 1876 902 1919 omnium
931 1878 1159 1933 potestates
1191 1878 1234 1919 et
1257 1875 1351 1919 iura
1370 1889 1608 1932 regnorum,

51 1967 142 2010 eos,
173 1954 245 2010 qui
273 1953 319 1997 in
348 1968 425 1998 sua
453 1954 620 1999 feritate
649 1952 880 2009 confidunt,
912 1967 989 2011 per
1019 1967 1092 1997 vos
1122 1956 1315 2010 potenter
1345 1954 1608 2011 comprimat,

51 2045 132 2089 quo
167 2031 340 2076 liberius
376 2031 471 2089 paci
507 2035 550 2076 et
578 2031 753 2076 utilitati
783 2031 1078 2076 aecclesiarum
1107 2030 1188 2074 Dei
1218 2034 1358 2075 vestra
1387 2032 1609 2076 clementia

50 2110 270 2167 postmodo
307 2109 528 2168 providere
566 2109 715 2154 valeat.
835 2109 901 2154 De
939 2112 1124 2165 caetero,
1165 2109 1387 2154 mitissime
1427 2110 1607 2166 domine,

52 2188 248 2245 quoniam
278 2187 500 2245 specialius
531 2187 834 2244 quodammodo
865 2201 935 2232 eas
966 2190 1185 2245 protegere
1216 2187 1437 2232 aecclesias
1468 2191 1610 2232 vestra

51 2265 175 2310 debet
202 2266 413 2322 maiestas,
450 2279 556 2322 quae
588 2265 639 2309 ab
669 2265 824 2310 inclitis
854 2265 1216 2323 predecessoribus
1246 2266 1397 2310 vestris
1426 2266 1608 2324 impera-

51 2343 211 2390 toribus
249 2343 337 2388 sive
375 2343 542 2399 regibus
579 2343 808 2387 honestiori
846 2343 961 2388 cultu
999 2347 1041 2388 et
1076 2344 1270 2401 ampliori
1298 2343 1609 2400 magnificentia

52 2421 300 2466 sublimatae
330 2422 528 2478 existunt,
559 2420 732 2479 speciali
763 2422 943 2478 quadam
973 2420 1222 2466 confidentia
1245 2423 1298 2466 ad
1317 2436 1391 2467 vos
1412 2422 1608 2466 accedere

53 2499 273 2554 audemus3
313 2499 405 2556 ubi,
446 2499 691 2544 clementiae
721 2502 883 2543 vestrae
913 2499 1088 2555 genibus
1124 2500 1354 2557 provoluti,
1393 2499 1608 2543 humiliter

52 2577 344 2635 conquerimur
374 2578 426 2622 de
456 2576 644 2622 Gozuino
675 2577 726 2620 de
756 2576 1007 2632 Hengebach
1038 2580 1080 2621 et
1108 2578 1239 2621 fratre
1269 2578 1358 2621 eius
1378 2577 1606 2633 Everardo,

53 2655 125 2711 qui
154 2658 299 2700 contra
329 2669 494 2700 omnem
523 2654 733 2699 iusticiam
762 2654 808 2698 in
837 2654 904 2698 die
934 2654 1070 2711 pacis,
1106 2655 1151 2699 in
1180 2655 1287 2699 festo
1317 2654 1478 2699 scilicet
1507 2668 1607 2712 apo-

53 2732 256 2776 stolorum
286 2732 480 2791 Symonis
519 2736 560 2777 et
591 2732 716 2776 Iudae
728 2728 751 2788 ¹,
791 2745 866 2775 sex
901 2735 1086 2775 carratas
1114 2732 1204 2776 vini
1233 2745 1328 2776 cum
1357 2732 1606 2776 animalibus

53 2809 256 2855 violenter
285 2810 404 2855 nobis
435 2811 707 2866 abstulerunt,
739 2813 781 2855 et
800 2823 1005 2868 pauperes
1027 2813 1205 2867 nostros,
1236 2810 1308 2867 qui
1334 2809 1524 2868 plaustra
1542 2824 1607 2855 se-

149 2914 176 2936 a.
204 2905 452 2937 Romamanorum
473 2907 540 2937 cod.

150 2963 183 2999 1.
208 2963 254 3000 28
278 2963 357 3000 Oet.
376 2964 479 3000 1149.
