1924 3288
530 193 729 224 wmALm
758 191 1008 224 Emsronffl
1036 190 1107 222 271.
1133 191 1203 222 2⁷2.
1564 178 1650 223 399

87 286 205 334 271.
234 288 448 347 Euqenius
477 288 554 333 ΙΠ
567 304 690 348 papa
710 288 923 333 Hartwico
956 288 1264 346 archiepiscopo
1285 288 1504 332 Bremensi
1531 302 1652 330 man-

177 398 179 400 ·
233 367 326 418 dat,
369 373 417 410 ut
451 366 687 412 Wibaldum
723 368 768 410 in
805 368 1101 425 recuperandis
1139 367 1255 410 bonis
1290 365 1653 410 Kaminatens-ibus

232 445 409 489 adiuvet.
1435 441 1508 497 (M.
1532 441 1651 496 255.)

201 533 416 590 Eugenius
448 533 668 592 episcopus
708 547 853 578 servus
893 547 1110 577 servorum
1141 532 1222 577 Dei
1252 531 1498 588 H(artwico)
1527 545 1652 576 vene-

81 611 207 658 rabili
242 612 367 657 fratri
395 611 614 656 Bremensi
649 611 962 669 archiepiscopo
995 611 1172 655 salutem
1204 614 1246 655 et
1276 610 1550 668 apostolicam
1578 610 1651 655 be-

81 690 376 736 nedictionem.

199 768 465 828 Episcopalis
497 767 623 812 officii
654 770 731 824 est,
763 767 1020 812 venerabilia
1049 767 1142 812 loca
1173 770 1215 811 et
1244 781 1445 825 personas
1478 766 1651 823 diligere

82 850 126 892 et
161 860 232 892 eas
268 847 316 891 in
350 847 437 891 suis
474 845 795 891 necessitatibus
833 846 1066 890 confovere.
1128 845 1308 902 Ideoque
1342 845 1651 889 fraternitatem

82 929 200 970 tuam
233 939 312 984 pro
343 925 494 969 dilecto
524 923 611 968 filio
641 927 785 969 nostro
814 923 1042 979 W(ibaldo)
1074 923 1316 968 Corbeiensi
1348 923 1497 967 abbate
1529 923 1650 966 duxi-

83 1017 177 1048 mus
207 1003 478 1060 exorandam,
510 1003 705 1060 quatinus
737 1016 833 1047 eum
861 1003 1050 1046 fraterna
1079 1002 1254 1046 caritate
1283 1002 1462 1046 honores
1493 1004 1535 1045 et
1555 1001 1650 1045 dili-

83 1095 179 1139 gas;
219 1085 261 1126 et
289 1082 437 1140 predia
465 1081 778 1125 Kaminatensis
809 1080 1053 1137 aecclesiae,
1091 1094 1196 1137 quae
1226 1081 1273 1124 in
1302 1083 1374 1124 tuo
1406 1080 1651 1137 episcopatu

84 1160 331 1217 consistunt,
362 1160 547 1204 maxime
574 1159 662 1216 illa,
695 1173 801 1217 quae
833 1159 1045 1204 abbatissa
1065 1158 1206 1203 Iudiht
1227 1161 1326 1216 post
1346 1158 1650 1215 depositionem

84 1252 205 1283 suam
242 1239 424 1283 alienare
459 1237 737 1296 presumpsit,
776 1251 1026 1296 recuperare
1063 1240 1106 1281 et
1141 1251 1271 1281 manu
1305 1240 1449 1281 tenere
1478 1250 1555 1294 pro
1586 1235 1650 1280 tui

85 1316 212 1362 officii
241 1317 380 1362 debito
413 1316 597 1361 adiuves.

86 1459 206 1508 272.
232 1460 449 1520 Eugenius
466 1447 542 1506 ΠΙ
554 1478 690 1521 papa,
715 1462 950 1506 Com-adum
969 1458 1046 1504 III
1063 1475 1202 1518 reye‘m
1224 1461 1283 1503 ad
1303 1476 1346 1502 se
1377 1460 1531 1518 leqatos
1553 1460 1651 1502 mis-

232 1557 375 1584 surwm
405 1557 500 1595 esse,
530 1541 695 1599 yaudet.
742 1540 989 1584 Monosterii
1016 1539 1298 1583 Morbacensis
1327 1539 1534 1595 neyotium
1565 1539 1651 1595 epi-

232 1634 357 1677 scopo
387 1619 681 1662 Lausannensi
718 1619 975 1662 commissum
1011 1618 1184 1660 nuntiat.
1244 1617 1377 1659 Addit
1406 1617 1457 1658 dc
1491 1615 1650 1666 ottone,

236 1698 309 1756 qui
336 1713 484 1740 nasum
514 1697 658 1740 clerico
682 1697 948 1755 praeciderit.
1436 1691 1508 1746 (M.
1531 1691 1650 1747 257.)

204 1785 419 1842 Eugenius
440 1786 659 1844 episcopus
681 1798 825 1830 servus
846 1797 1062 1829 servorum
1076 1783 1158 1827 Dei
1176 1782 1400 1827 karissimo
1421 1782 1468 1826 in
1484 1781 1650 1826 Christo

85 1862 172 1908 filio
203 1863 428 1919 C(onrado)
465 1863 622 1907 illustri
661 1866 702 1908 et
739 1863 921 1919 glorioso
951 1861 1235 1906 Romanorum
1272 1861 1363 1916 regi
1398 1860 1577 1904 salutem
1609 1862 1651 1904 et

88 1941 362 2001 apostolicam
389 1941 734 1986 benedictionem.

205 2020 325 2073 Quod
354 2033 432 2077 per
451 2018 648 2064 sublimes
667 2018 828 2075 legatos
854 2022 1035 2063 matrem
1061 2022 1179 2063 tuam
1209 2019 1399 2061 sanctam
1418 2015 1650 2060 Romanam

89 2098 346 2155 aecclesiam,
378 2098 488 2142 sicut
517 2111 570 2142 ex
598 2098 747 2156 primis
779 2100 822 2141 et
852 2097 1044 2142 secundis
1074 2096 1228 2141 litteris
1259 2094 1530 2140 excellentiae
1553 2098 1650 2138 tuae

87 2177 366 2236 percepimuS,
399 2190 451 2220 ex
481 2176 693 2219 communi
721 2175 895 2220 consilio
924 2175 1165 2233 principum
1187 2174 1307 2230 regni
1330 2177 1404 2217 tua
1424 2173 1651 2217 destinavit

89 2255 291 2300 serenitas
311 2249 497 2310 visitare,
528 2256 598 2297 ut⁸
626 2267 722 2298 cum
752 2254 812 2298 eis
843 2254 895 2297 de
926 2256 1039 2298 statu
1070 2256 1112 2298 et
1140 2251 1392 2296 utilitatibus
1425 2251 1649 2296 aecclesiae

89 2332 172 2378 Dei
208 2346 257 2377 ac
292 2332 413 2388 regni
446 2334 629 2376 tractare
660 2334 702 2375 et
731 2331 925 2376 ordinare
954 2331 1187 2389 possimus,
1226 2330 1347 2374 nobis
1378 2333 1421 2374 et
1448 2330 1649 2374 fratribus

89 2411 245 2455 nostris
275 2413 443 2467 gratum
473 2412 515 2454 et
545 2412 763 2466 acceptum
793 2412 868 2454 est.
914 2409 972 2453 Et
993 2407 1213 2466 quoniamb
1235 2408 1462 2452 eorundem
1491 2407 1650 2463 legato-

90 2502 186 2533 rum
222 2488 548 2546 prestolaremur
583 2487 828 2543 adventum,
866 2489 1033 2531 nostros
1065 2501 1228 2544 quoque
1257 2486 1417 2542 legatos
1447 2486 1532 2529 iam
1564 2485 1649 2541 diu,

91 2566 200 2610 sicut
229 2566 450 2623 credimus,
481 2565 536 2610 ad
565 2569 663 2610 tuae
691 2564 921 2610 nobilitatis
951 2564 1204 2608 industriam
1232 2564 1506 2608 misissemus.
1564 2562 1650 2607 De-

92 2643 293 2688 siderium
312 2643 518 2701 siquidem
536 2645 728 2687 nostrum
748 2645 824 2698 est,
855 2645 904 2686 ut
924 2655 986 2698 ea,
1016 2642 1126 2686 inter
1147 2641 1391 2686 aecclesiam
1413 2644 1455 2684 et
1473 2653 1650 2696 regnum

94 2735 200 2779 quae
231 2722 257 2766 a
284 2720 648 2780 predecessoribus
677 2719 833 2764 nostris
863 2722 907 2764 et
935 2719 1018 2764 tuis
1049 2723 1207 2764 statuta
1237 2722 1347 2775 sunt,
1378 2719 1489 2762 inter
1511 2731 1587 2762 nos
1609 2721 1652 2762 et

93 2799 355 2844 maiestatem
373 2802 490 2847 tuam
508 2799 570 2844 ita
583 2798 764 2843 Domino
786 2797 1014 2858 ausiliante
1030 2795 1262 2853 firmentur,
1284 2796 1479 2854 quatinus
1497 2809 1652 2854 sponsa

93 2876 175 2922 Dei
203 2877 451 2922 universalis
483 2877 684 2922 aecclesia
713 2890 787 2920 suo
817 2876 910 2921 iure
939 2875 1078 2932 quiete
1106 2875 1290 2931 fruatur,
1325 2874 1550 2933 imperium
1579 2874 1650 2919 de-

190 2969 217 2991 a.
245 2961 276 2991 et
296 2973 323 2992 c.
403 2961 434 2992 b.
455 2963 500 2993 sic
522 2962 608 2999 θοάς
632 2972 673 2992 an
694 2960 773 2992 nisi?

1706 1789 1797 1825 1150

1675 1848 1700 1870 c.
1712 1840 1776 1870 Iun.
1789 1839 1828 1870 24
