1924 3288
169 301 262 338 1150

143 351 218 382 Iulio
241 361 286 382 ex.

150 1019 220 1055 115

116 1068 172 1098 Iul.
185 1078 229 1099 ex.
245 1084 278 1088 —

138 1111 214 1149 Aug.
224 1110 265 1142 in.

313 190 403 235 404
760 201 960 233 wmALm
988 201 1237 234 EPISTOLAE
1265 201 1336 232 277.
1357 201 1428 232 278.

311 298 471 354 gratiae
510 300 551 342 et
588 296 885 342 dominationis
922 300 1087 342 vestrae
1125 297 1378 342 transmitto.
1504 295 1783 342 Theodericus
1819 294 1871 342 de

308 376 519 432 Riclinge⁶
559 376 603 419 in
641 376 856 434 presentia
893 375 1037 420 domni
1065 376 1175 432 regis
1207 376 1259 420 de
1288 375 1483 432 iniuria„
1503 388 1630 432 qnam
1657 374 1778 420 vobis
1805 374 1872 419 in·-

308 454 424 511 tulit,
465 454 649 510 graviter
678 453 870 511 pulsatus
901 457 944 498 et
974 467 1000 498 a
1028 467 1127 510 rege
1156 454 1336 498 multum
1365 453 1627 512 increpatus,
1660 452 1871 511 promisit,

307 536 354 577 ut
392 547 469 590 pro
507 534 701 590 respectu
738 532 899 588 gratiae
928 535 1094 577 vestrae
1130 532 1441 590 recuperandae
1476 532 1528 577 de
1557 534 1722 577 caetero
1751 531 1871 577 vobis

308 611 465 655 servire
494 609 608 655 velit.

309 765 426 813 278.
452 767 663 811 Wibaldus
693 766 935 811 Heinricmn
973 769 1208 825 episcopum
1237 767 1494 811 Mindensem
1529 780 1671 810 secwm
1691 767 1872 825 qratiam

454 845 778 888 reconciliavisse
803 845 970 902 qaudet.
1029 846 1271 900 Pollio-etur,
1311 861 1354 888 se
1385 846 1423 888 ei
1453 852 1492 889 et
1517 860 1656 903 reyem
1677 844 1871 903 placalu-

453 939 548 969 rwm
580 931 617 966 et
646 924 764 980 apud
784 938 948 981 papam
970 923 1245 981 profuturum
1277 939 1370 967 esse.
1655 919 1728 977 (Μ.
1751 921 1871 976 266.)

422 1011 666 1056 Reverendo
702 1011 749 1055 in
786 1011 953 1056 Christo
991 1012 1106 1070 patri
1146 1015 1188 1056 et
1227 1012 1394 1056 domino
1432 1011 1664 1067 H(einrico)
1702 1013 1871 1056 sanctae

304 1090 535 1135 Mindensis
575 1089 800 1134 aecclesiae
836 1090 1068 1135 venerabili
1106 1091 1301 1148 episcopo
1339 1090 1470 1135 frater
1499 1089 1752 1146 W(ibaldus)
1789 1088 1871 1134 Dei

304 1171 442 1226 gratia
461 1168 725 1213 Corbeiensis
757 1168 886 1213 abbas
919 1169 1091 1225 exiguas
1121 1169 1329 1213 orationes
1359 1171 1402 1212 et
1421 1168 1618 1213 devotum
1637 1167 1869 1214 servitium.

422 1247 647 1292 Venientes
679 1246 733 1290 ad
762 1260 839 1290 nos
871 1246 1013 1291 dilecti
1041 1245 1119 1290 filii
1148 1247 1293 1303 vestri,
1324 1246 1584 1292 venerabiles
1612 1246 1764 1291 fratres
1793 1259 1870 1291 no-

305 1326 396 1382 stri,
428 1326 605 1369 domnus
626 1324 883 1371 Warnherus
914 1325 1086 1369 maioris
1119 1325 1344 1369 aecclesiae
1365 1328 1529 1369 vestrae
1558 1325 1798 1383 prepositus
1826 1327 1872 1369 et

303 1404 505 1460 magister
527 1403 785 1460 Counradus,
818 1403 1124 1447 nunciaverunt
1153 1403 1274 1447 nobis
1298 1417 1324 1447 a
1341 1403 1597 1461 paternitate
1615 1406 1758 1448 vestra
1774 1415 1869 1448 ver-

302 1482 405 1526 bum
435 1482 603 1538 bonum,
636 1482 812 1526 verbum
833 1481 1148 1525 consolationis:
1182 1481 1294 1538 quod
1314 1481 1510 1525 videlicet
1537 1481 1603 1525 ira
1624 1483 1767 1526 vestra
1795 1480 1869 1526 ad-

303 1574 472 1604 versum
501 1574 578 1603 nos
599 1573 722 1604 versa
753 1562 863 1604 esset
892 1560 938 1603 in
967 1559 1313 1617 misericordiam,
1345 1562 1388 1604 et
1412 1558 1638 1617 procellam
1658 1559 1869 1604 maximae

304 1637 595 1682 commotionis
626 1637 854 1694 Dominus,
897 1638 969 1695 qui
1004 1638 1113 1682 mari
1148 1637 1332 1695 imperat
1371 1640 1413 1682 et
1442 1638 1578 1682 ventis
1590 1634 1614 1694 ¹,
1653 1637 1868 1682 statuisset

302 1717 348 1760 in
379 1713 561 1760 auram².
607 1715 776 1760 Laetati
795 1715 939 1772 itaque
965 1730 1109 1760 sumus
1139 1716 1185 1759 in
1214 1715 1295 1772 his,
1328 1729 1408 1773 que
1437 1715 1550 1760 dicta
1580 1718 1679 1760 sunt
1706 1715 1827 1761 nobis
1836 1710 1866 1772 ⁸,

304 1795 459 1851 quippe
497 1794 568 1851 qui
608 1808 633 1838 a
667 1794 804 1850 longis
842 1797 955 1838 retro
993 1794 1252 1852 temporibus
1289 1793 1493 1838 desiderio
1525 1793 1865 1850 desideravimus,

302 1873 475 1929 probari
505 1886 628 1929 posse
654 1875 818 1916 vestrae
850 1871 1099 1916 sublimitati
1128 1875 1318 1915 nostram
1347 1871 1629 1916 innocentiam
1658 1874 1866 1916 nostram-

304 1964 384 2007 que
423 1951 535 1994 circa
563 1964 639 1994 vos
677 1954 720 1994 et
755 1951 866 1994 circa
897 1953 1086 1994 sanctam
1115 1949 1377 1994 Mindensem
1407 1949 1651 1994 aecclesiam
1680 1949 1866 1995 devotio-

301 2042 399 2071 nem
438 2031 480 2072 et
515 2029 804 2073 reverentiam.
870 2027 1085 2084 Siquidem
1113 2028 1431 2085 prenominatus
1460 2028 1698 2086 prepositus
1727 2030 1867 2073 vester

302 2104 558 2149 Warnherus
596 2105 780 2150 firmavit
816 2105 936 2149 nobis
976 2119 1117 2149 coram
1154 2106 1355 2150 fratribus
1392 2106 1548 2150 nostris
1578 2109 1622 2151 et
1649 2119 1865 2151 consacer-

303 2183 470 2226 dotibus
509 2197 534 2226 a
563 2187 705 2227 vestra
742 2197 923 2240 persona
962 2187 1003 2227 et
1042 2183 1265 2228 aecclesiae
1294 2186 1477 2240 vestrae,
1517 2187 1709 2229 conserta
1736 2196 1865 2229 manu

303 2274 379 2304 sua
398 2260 443 2303 in
464 2274 637 2304 manum
656 2264 858 2317 nostram,
891 2261 1184 2306 certitudinem
1205 2265 1248 2305 et
1266 2260 1391 2306 fidem
1410 2262 1457 2305 in
1476 2262 1660 2306 animam
1678 2265 1863 2307 vestram

304 2341 346 2382 et
385 2352 524 2382 suam:
568 2339 679 2396 quod
717 2339 869 2383 fratres
908 2342 1097 2396 nostros,
1137 2340 1209 2396 qui
1239 2339 1487 2384 Kaminatae
1516 2339 1584 2384 vel
1612 2339 1736 2384 modo
1765 2342 1865 2385 sunt

301 2415 370 2460 vel
399 2416 667 2473 postmodum
697 2416 829 2460 futuri
860 2420 971 2473 sunt,
1004 2418 1113 2462 sicut
1142 2417 1330 2462 subditos
1350 2421 1511 2462 vestros
1543 2420 1585 2462 et
1609 2416 1718 2462 filios
1737 2417 1863 2476 spiri-

302 2493 436 2538 tuales
468 2494 718 2554 diligeretiS,
756 2507 834 2538 nec
862 2495 983 2539 nobis
1014 2497 1086 2538 aut
1115 2495 1241 2552 ipsis,
1273 2495 1383 2552 quod
1413 2495 1568 2552 absque
1597 2498 1739 2540 vestra
1765 2508 1863 2554 pet-

302 2572 501 2616 missione
531 2572 796 2628 introierunt,
829 2571 881 2616 de
912 2576 1049 2617 cetero
1080 2573 1367 2630 imputaretis;
1399 2576 1464 2616 set
1494 2586 1564 2617 eos
1589 2576 1632 2618 et
1651 2573 1760 2619 bona
1777 2571 1862 2618 Ka·-

302 2651 549 2695 minatensis
580 2649 819 2704 aecclesiae,
853 2663 931 2706 que
962 2651 1007 2693 in
1037 2653 1177 2695 vestro
1208 2651 1451 2708 episcopatu
1481 2651 1619 2708 posita
1647 2653 1758 2707 sunt,
1788 2649 1861 2695 de-

302 2727 391 2772 bita
411 2732 453 2772 et
473 2728 673 2772 canonica
690 2726 858 2771 iusticia
876 2727 1019 2772 fovere
1039 2731 1081 2772 et
1094 2732 1312 2786 protegere
1329 2741 1377 2772 ac
1391 2731 1662 2774 manutenere
1675 2727 1858 2784 velletis3

302 2806 355 2851 de
383 2806 539 2851 iniuria
567 2819 665 2851 vero
698 2809 740 2850 et
769 2803 1008 2861 offensione,
1040 2820 1123 2863 qua
1151 2820 1226 2851 vos
1255 2809 1298 2851 et
1326 2805 1570 2851 aecclesiam
1599 2805 1859 2851 Mindensem

400 2911 427 2932 a.
456 2901 592 2939 Rielinge
614 2914 640 2932 c.

397 2960 429 2995 1.
456 2958 584 2996 Matth.
602 2959 635 3004 8,
651 2959 710 2995 26.
806 2959 839 2994 2.
866 2958 926 2994 Ps.
945 2958 1023 3003 106,
1046 2958 1104 2995 29.
1200 2960 1235 2996 3.
1259 2959 1318 2996 Ps.
1338 2959 1417 3005 121,
1436 2960 1468 2996 1.
