1924 3288
577 204 777 237 wmAnm
806 205 1027 238 nmsrom
1057 205 1128 236 881.
1544 194 1628 239 511

158 298 387 344 Humilitas
426 299 767 344 excellentissimi
804 301 1082 359 preceptoris‚
1121 300 1194 358 qui
1229 299 1510 345 imitatoribus
1545 301 1632 345 suis
1658 303 1750 361 1152

70 377 271 436 precipit:
310 378 393 423 Vos
422 386 559 423 autem
587 379 714 423 nolite
742 382 889 423 vocari
918 380 1060 423 Rabbi
1068 375 1093 433 ¹,
1127 381 1170 423 et
1197 378 1379 435 karitas,
1411 392 1518 436 quae
1547 393 1633 423 non
1665 353 1735 384 Mau.

70 452 278 512 instatur',
307 469 383 500 vos
413 455 656 512 docuerunt,
686 459 735 501 ut
757 470 971 501 sacrorum
990 470 1198 501 canonum
1216 454 1423 513 instituta„
1455 470 1633 514 quorum

71 532 249 578 scientia
277 533 504 579 eruditioni
531 537 697 579 vestrae
725 534 949 579 notissima
978 538 1063 591 est,
1101 535 1126 579 a
1149 537 1302 579 nostra
1329 535 1539 592 parvitate
1567 535 1634 579 in-

70 611 280 668 vestigare
316 611 608 668 dignaremini.
669 611 884 669 Siquidem
921 627 1002 670 quo
1032 615 1221 670 tempore
1251 612 1400 657 debeat
1426 612 1520 658 fieri
1547 614 1634 658 vir-

69 688 218 746 ginum
253 690 531 747 consecratio,
568 690 770 735 habemus
802 705 855 735 ex
885 691 1064 735 decretis
1096 690 1254 735 Gelasii
1282 704 1419 750 papae
1448 691 1633 750 capitulo

68 767 288 813 undecimo
325 768 388 813 ita
425 768 622 813 dicentis:
666 770 842 813 Devotis
881 784 1046 828 quoque
1081 770 1317 828 viminibus
1353 772 1442 814 nisi
1477 779 1552 815 aut
1586 773 1633 814 in

70 847 299 905 epiphania
327 856 403 892 aut
428 849 477 891 in
506 848 614 906 albis
637 848 911 906 paschalibus
941 856 1016 892 aut
1043 849 1089 891 in
1114 848 1327 892 nataliciis
1348 850 1634 906 apostolorum

69 939 236 968 eam-mn
262 926 434 969 minime
460 926 646 970 velamen
675 928 931 984 imponatur,
965 935 1003 970 et
1030 941 1115 970 non
1145 935 1241 970 ante
1269 928 1423 985 viqinti
1449 930 1634 985 quinque

69 1018 218 1058 annos,
248 1005 337 1047 nisi
351 1004 486 1062 forte,
517 1006 625 1048 sicut
653 1005 704 1048 de
733 1005 980 1062 baptismate
1009 1005 1165 1048 dictum
1186 1014 1256 1059 est,
1287 1007 1414 1063 yravi
1433 1006 1634 1064 lanquore

69 1083 290 1140 correptis,
330 1097 384 1126 ne
420 1084 510 1126 cine
546 1083 623 1126 hoc
658 1098 827 1126 munere
859 1084 911 1126 de
939 1082 1075 1126 seculo
1105 1092 1272 1137 aveant,
1311 1084 1633 1141 implorantibus

68 1173 154 1202 non
197 1155 403 1218 neyetur⁸.
474 1159 519 1204 Si
558 1159 689 1216 igitur
726 1159 778 1204 ab
816 1159 955 1217 aliquo
996 1160 1288 1218 episcoporum
1325 1164 1472 1205 contra
1507 1161 1631 1204 huius

69 1249 214 1280 sacrae
249 1236 418 1294 regulae
454 1237 633 1281 formam
669 1237 828 1282 factum
857 1237 1129 1294 meministis,
1171 1238 1282 1295 quod
1312 1239 1365 1283 ab
1395 1253 1479 1283 uno
1508 1238 1577 1283 vel
1608 1239 1633 1282 a

68 1314 214 1372 paucis
233 1314 302 1360 vel
330 1315 580 1360 necessitate
609 1319 904 1374 presumptum
922 1315 991 1360 vel
1019 1316 1258 1372 ignorantia
1287 1316 1525 1372 neglectum
1554 1320 1631 1373 est,

67 1391 114 1436 in
142 1392 452 1438 observantiam
481 1394 773 1438 universorum
802 1394 982 1438 transire
1011 1408 1097 1438 non
1126 1397 1278 1452 potest.
1333 1394 1490 1439 Verum
1522 1395 1632 1452 quod

67 1483 153 1514 non
181 1469 304 1528 plene
333 1484 495 1516 memor
525 1472 640 1528 estis,
671 1472 773 1529 quid
804 1472 830 1516 a
859 1472 1011 1516 domno
1041 1486 1155 1530 papa
1179 1473 1230 1517 de
1251 1472 1633 1517 sanctimonialium

67 1547 276 1594 velatione
312 1549 458 1594 doctus
495 1549 610 1606 sitis,
648 1550 695 1594 in
734 1553 938 1606 quantum
977 1551 1181 1595 memoria
1214 1554 1361 1595 nostra
1389 1550 1632 1607 recolligere

67 1639 304 1684 possumus,
333 1640 420 1671 non
449 1627 501 1672 de
531 1627 913 1672 sanctimonialium
944 1631 1009 1672 set
1030 1628 1082 1673 de
1104 1628 1396 1687 cpiscoporum
1416 1642 1632 1674 consecra-

67 1704 182 1749 tione
217 1704 317 1761 fuit,
360 1719 486 1763 super
525 1719 627 1762 qua,
666 1705 777 1762 quod
812 1706 859 1749 in
887 1706 1043 1750 natali⁸
1075 1706 1360 1764 apostolorum
1391 1711 1433 1752 et
1462 1707 1508 1751 in
1538 1707 1632 1751 aliis

68 1781 468 1840 sollempnitatibus,
508 1786 572 1827 set
608 1783 654 1826 in
692 1783 911 1828 dominicis
945 1787 1112 1828 tantum
1141 1785 1309 1841 diebus,
1347 1784 1440 1829 fieri
1470 1785 1632 1842 debeat,

68 1860 361 1904 auctoritatem
391 1873 597 1904 canonum
628 1863 794 1905 exstare
826 1861 1017 1906 asseruit.
1063 1862 1178 1915 Quae
1205 1863 1374 1920 quidem
1394 1863 1633 1907 huiusmodi

68 1940 145 1983 est.
195 1937 264 1982 Ex
294 1937 472 1996 epistola
499 1937 653 1983 Leonis
684 1939 738 1983 ad
768 1938 1037 1984 Dioscorum:
1071 1941 1195 1996 Quod
1225 1943 1293 1985 die
1323 1943 1531 1986 dominico
1564 1957 1631 1986 or-

68 2018 304 2061 dinationes
341 2018 602 2061 sacerdotum
637 2017 907 2073 celebrantur,
944 2034 1032 2063 non
1066 2028 1228 2063 tantum
1258 2035 1308 2063 ex
1338 2021 1632 2064 consuetudine

66 2103 128 2139 set
156 2103 194 2139 et
222 2110 273 2139 ea:
303 2095 535 2152 apostolica
563 2097 753 2139 novimas
782 2098 922 2141 venire
953 2098 1170 2149 doctrinm
1208 2100 1420 2156 scriptura
1449 2098 1629 2154 ‘manife-

66 2181 212 2227 stante,
237 2174 363 2231 qaod,
384 2188 477 2216 own
497 2173 679 2231 apostoli
696 2174 884 2218 Paulum
904 2184 942 2219 et
959 2175 1197 2219 Barnaban
1218 2190 1268 2219 ea
1289 2176 1478 2234 Spiritus
1497 2178 1634 2219 sancti

60 2260 257 2310 precepto
288 2252 347 2294 ad
368 2251 639 2308 ewanqelium
656 2253 845 2310 qentibus
865 2255 1070 2297 mitterent
1086 2255 1404 2312 predicandum,
1436 2256 1629 2297 ieiunan-

67 2337 125 2373 tes
156 2338 194 2373 et
222 2338 387 2373 orantes
417 2331 705 2386 imposuerunt
733 2332 791 2374 eie
821 2346 992 2375 manus.-
1022 2341 1068 2375 ut
1087 2333 1382 2390 intelliyamus‚
1416 2340 1574 2389 quanta
1594 2340 1631 2375 et

68 2407 259 2450 dantium
289 2415 326 2450 et
356 2408 648 2464 accipientium
678 2409 891 2452 devotione
921 2411 1155 2453 curandum
1180 2412 1247 2463 sit,
1279 2425 1332 2453 ne
1351 2419 1490 2454 tantae
1510 2410 1628 2453 bene-

67 2485 261 2528 dictionis
299 2494 604 2528 sacramentum
639 2486 892 2543 neyliqenter
929 2489 1120 2532 videatur
1156 2488 1382 2546 implentium.
1444 2488 1503 2531 Ec
1536 2489 1629 2530 ideo

60 2563 138 2620 pie
173 2571 211 2606 et
240 2562 508 2607 laudabiliter
537 2563 778 2620 apostolicis
807 2579 963 2608 ‘morem
989 2567 1166 2623 yesseris
1196 2568 1416 2619 institutis,
1455 2567 1496 2608 si
1523 2565 1631 2608 lianc

68 2640 402 2684 ordinandorum
431 2642 691 2684 sacerdotum
708 2641 902 2698 formam
926 2657 1009 2700 per
1038 2644 1270 2697 aecclesias,
1304 2644 1453 2701 quibua
1475 2643 1628 2687 Domi-

67 2732 146 2761 nus
174 2732 336 2775 preesse
365 2727 403 2763 te
424 2719 569 2773 voluit,
602 2728 641 2763 et
658 2721 749 2777 ipae
767 2722 1056 2775 reservaveris,
1087 2730 1133 2764 ut
1153 2721 1230 2775 his,
1265 2723 1342 2779 qui
1358 2723 1632 2765 consecrandi

164 2845 193 2867 a.
221 2836 317 2867 natal*
332 2849 359 2868 c.

163 2900 197 2936 1.
222 2898 350 2936 Matth.
368 2901 425 2946 23,
442 2901 476 2938 8.
564 2901 597 2937 2.
625 2901 645 2937 1
672 2900 837 2939 Corinth.
856 2903 910 2948 13,
931 2902 986 2938 14.
1067 2903 1103 2939 3.
1128 2901 1186 2940 ef.
1203 2902 1312 2940 Decr.
1330 2903 1496 2941 Gratiani
1520 2905 1562 2941 P.
1579 2904 1625 2941 11.

69 2966 103 2995 c.
118 2958 177 2995 20.
203 2968 237 3004 q.
258 2960 289 3004 1,
308 2960 364 2996 11.
