1884 3242
266 203 296 246 4
813 214 1099 247 rmsnxrro
1130 213 1166 245 s.
1187 214 1282 246 vm

266 312 460 366 terosque
498 310 758 367 patriarchas
790 314 832 373 et
861 309 1087 367 prophetas
1119 307 1322 352 miracula
1351 308 1573 367 facientes,
1613 306 1824 367 apostolos

266 399 428 442 quoque
457 387 607 431 umbra
637 387 703 431 vel
734 383 1010 431 semicinctio¹
1038 384 1225 430 infirmos
1247 389 1454 442 curantes,
1485 389 1672 431 mortuos
1691 386 1823 431 susci-

264 466 414 507 tantes.
476 463 567 519 Ego
606 468 747 508 tamen
783 464 930 507 mirari
968 476 1053 507 non
1091 463 1254 519 desino,
1295 462 1475 520 qualiter
1510 463 1579 508 vol
1616 463 1822 521 quomodo

263 539 384 584 fortis
415 540 460 583 in
490 542 698 598 passione,
732 545 928 585 strenuus
947 541 993 584 in
1012 540 1226 586 reddenda
1243 541 1421 597 ratione,
1453 540 1648 585 assiduus
1662 539 1710 585 in
1729 552 1823 585 oru-

263 617 390 673 tione,
419 617 662 662 inflexibilis
694 619 822 662 etiam
851 618 897 662 in
926 619 1060 676 patris
1090 619 1283 663 suasione
1311 619 1538 676 persistere
1565 616 1824 677 potuit-atha

262 695 348 739 leta
368 695 525 739 Christi
545 695 680 752 Vitus,
713 696 979 740 beatissimus
1008 710 1114 754 puer
1144 700 1187 741 et
1204 699 1379 754 martyr.
1427 696 1511 741 Sed
1530 696 1635 741 haec
1650 696 1825 740 miranti

262 773 348 816 iam
377 774 545 830 iamque
575 777 768 818 occurrat
795 777 890 830 tua,
928 774 1131 831 Domine,
1171 775 1320 832 pietas.
1381 773 1589 819 Fecerunt
1616 773 1824 832 siquidum

263 852 397 894 sancti
426 850 649 907 miracula,
682 851 757 895 sed
786 851 925 896 nullus
956 853 1047 896 sine
1076 855 1139 907 te3
1171 855 1283 896 certe
1313 855 1361 895 tu
1390 852 1436 896 in
1466 851 1682 908 omnibus,
1712 854 1758 897 et
1784 851 1825 896 ni

262 931 321 983 tu,
354 929 604 972 omnimodis
635 932 678 973 et
706 929 752 972 in
781 929 875 974 isto.
921 929 1036 974 Haec
1065 933 1139 974 tua
1158 933 1235 986 est,
1266 929 1459 986 Domine,
1490 929 1823 988 venerandam-⁴

262 1009 413 1062 testas,
446 1006 550 1051 haec
578 1010 748 1050 tuorum
777 1008 1012 1052 certissima
1040 1006 1167 1063 fides,
1199 1007 1310 1064 quod
1338 1021 1513 1053 manens
1541 1008 1654 1053 inter
1681 1002 1825 1055 01111111

263 1082 552 1141 complecteris
583 1085 737 1141 omnia,
767 1083 881 1129 idem
909 1098 1085 1130 manens
1115 1085 1291 1129 innovas
1313 1085 1466 1141 omnia,
1496 1089 1705 1142 nusquam
1723 1082 1823 1130 deos

262 1165 305 1205 et
333 1161 487 1219 ubique
515 1165 629 1206 totus
661 1176 718 1207 es.
763 1163 951 1219 Agamus
981 1163 1111 1219 igitur
1138 1163 1370 1207 indefessas
1391 1162 1562 1219 gratias,
1590 1161 1822 1219 laudemus,

263 1238 484 1284 adoremus
516 1254 626 1297 eum,
658 1241 730 1297 qui
758 1241 858 1285 fecit
885 1254 976 1297 nos,
1007 1255 1084 1299 per
1112 1239 1278 1285 infinita
1308 1240 1460 1285 secula.
1506 1239 1657 1284 Amen,
1740 1260 1742 1268 >

380 1325 487 1391 Post
516 1347 740 1392 salvatoris
770 1348 905 1392 nostri
925 1348 1020 1392 Iesu
1040 1347 1197 1392 Christi
1221 1348 1460 1406 passionem
1489 1350 1532 1392 et
1553 1343 1823 1414 resurrectio-

261 1438 372 1481 nem,
403 1429 500 1482 post
528 1425 763 1483 triumphos
786 1425 1069 1483 apostolorum
1090 1439 1139 1470 ac
1158 1426 1379 1470 victorias·
1399 1414 1635 1484 martyrum
1653 1420 1825 1486 tandem

261 1503 353 1561 ipse
383 1517 459 1547 rex
489 1517 635 1559 regum
666 1506 708 1547 et
739 1503 931 1547 dominus
961 1503 1186 1559 virtutum,
1227 1503 1435 1560 superatis
1472 1502 1589 1560 pacis
1625 1501 1823 1560 immicis,

262 1594 409 1638 pacem
449 1580 647 1625 ecclesiae
685 1595 785 1625 suae
823 1581 1028 1636 restituit,
1069 1581 1172 1624 adeo
1210 1583 1258 1624 ut
1293 1579 1378 1638 ipsi
1406 1594 1526 1636 reges
1557 1579 1613 1624 ad
1640 1578 1824 1624 tumulos

262 1661 498 1716 martyrum
527 1659 730 1716 prostrati
760 1658 935 1702 adorent
955 1661 997 1702 et
1015 1657 1236 1713 gloriosius
1257 1658 1302 1701 in
1322 1658 1529 1702 frontibus
1550 1658 1637 1702 suis
1659 1670 1825 1704 crucem

264 1735 421 1780 Christi
452 1750 578 1792 quam
614 1735 808 1779 diadema
843 1735 1031 1791 regiumb
1061 1739 1230 1794 portare
1267 1750 1312 1780 se
1352 1735 1580 1792 gaudeant,
1619 1734 1825 1795 simulque

263 1827 340 1871 pro
361 1813 441 1857 fide
464 1817 588 1870 atque
610 1816 722 1857 statu
742 1813 940 1857 ecclesiae
961 1813 1173 1857 decertare
1194 1813 1460 1869 contendant,
1483 1813 1641 1857 honore
1661 1793 1824 1871 quoque

263 1892 448 1935 maximo
480 1905 637 1946 eorum,
670 1904 772 1948 quos
805 1894 1086 1934 antecessores
1118 1890 1183 1934 sui
1211 1890 1484 1946 trucidarant,
1515 1889 1708 1948 sepulcra
1737 1904 1825 1954 11111-ι

264 1968 395 2012 biaut.
440 1968 554 2021 Quae
585 1968 761 2012 victoria
781 1967 950 2024 Christi,
982 1981 1077 2011 cum
1106 1968 1292 2025 primum
1320 1968 1433 2026 apud
1451 1967 1661 2012 Romanos
1690 1963 1826 2027 tripa-

265 2046 412 2102 diaret,
443 2045 817 2102 Longobardorum
847 2048 1014 2101 gentem
1043 2045 1280 2102 penetravit
1310 2047 1434 2102 atque
1463 2045 1509 2088 in
1527 2044 1707 2090 Francia
1735 2033 1824 2102 glo-

265 2124 417 2167 riosius
453 2124 715 2182 triumphare
752 2123 909 2180 coepit,
948 2122 1159 2180 Hispanos
1190 2122 1313 2179 adiit,
1351 2121 1577 2166 Britannos
1606 2121 1823 2179 conclusit,

266 2201 499 2257 Anglorum
528 2205 696 2257 gentem
727 2200 910 2256 subegit3
943 2204 998 2256 et,
1029 2200 1128 2244 licet
1158 2199 1376 2258 compulsi,
1406 2200 1490 2258 ipsi
1521 2199 1720 2257 Saxones,
1752 2187 1825 2258 ilui

265 2278 499 2334 Anglorum
530 2279 633 2323 socii
662 2279 847 2334 fuerant,
886 2278 1037 2322 devota
1073 2280 1213 2322 mente
1252 2277 1359 2322 colla
1388 2277 1650 2322 submittunt.
1709 2275 1823 2329 Laus

265 2356 395 2412 igitur
424 2356 504 2400 soli
523 2356 689 2400 Christo
722 2359 763 2400 et
792 2355 927 2412 gloria
945 2354 1252 2412 inenarrabilis,
1283 2355 1355 2412 qui
1377 2369 1530 2399 nomen
1550 2368 1673 2399 suum
1691 2369 1823 2413 usque

266 2434 311 2477 in
340 2435 542 2478 terminos
563 2434 783 2478 universae
811 2437 948 2478 terrae
970 2436 1117 2477 notum
1135 2432 1227 2477 fieri
1246 2432 1389 2477 voluit.
1437 2431 1625 2484 Qualiter
1644 2431 1823 2490 denique

268 2511 455 2556 Saxones
487 2512 541 2556 ad
569 2510 696 2556 fidem
725 2515 850 2568 atque
880 2511 934 2555 ad
964 2511 1219 2567 agnitionem
1240 2510 1430 2554 veritatis
1461 2510 1647 2554 converti
1674 2513 1822 2569 potue-

267 2590 366 2646 rint,
397 2589 581 2634 breviter
610 2589 656 2633 in
686 2589 876 2647 sequenti
907 2592 1127 2633 annectere
1157 2587 1254 2632 huic
1283 2586 1481 2646 opusculo
1511 2587 1666 2632 curavi.

68 2672 254 2708 752—768
385 2666 448 2711 Eo
478 2668 622 2723 igitup
636 2671 846 2725 tempore,
885 2680 965 2724 quo
996 2666 1201 2722 gloriosus
1230 2679 1305 2710 rex
1334 2664 1537 2723 Pippinus
1566 2664 1823 2710 Francorum

268 2745 439 2800 regebat
458 2745 696 2803 imperium,
716 2745 797 2790 fuit
811 2745 878 2789 vir
896 2744 1146 2789 venerabilis
1166 2742 1418 2788 Fulradus⁰²
1438 2741 1620 2799 nomine,
1641 2742 1714 2800 qui
1731 2756 1822 2788 mo-

361 2849 388 2870 a.
410 2841 569 2871 memorias
591 2842 619 2871 2.
635 2842 664 2871 3.
747 2840 777 2870 b.
799 2848 902 2878 regum
923 2841 951 2870 2.
967 2840 997 2870 3.
1079 2847 1106 2870 c.
1126 2838 1272 2869 Folradus
1293 2838 1322 2868 2.

364 2898 396 2933 1.
422 2897 468 2934 v.
493 2896 579 2934 Act.
594 2900 712 2944 apost.
729 2897 770 2943 5,
788 2897 833 2933 15
857 2899 894 2934 et
919 2897 980 2943 19,
1007 2897 1063 2933 12.
1134 2895 1192 2932 s.
1222 2893 1336 2932 abbas
1360 2893 1570 2931 monasterii
1592 2892 1629 2932 s,
1650 2879 1822 2944 Dionysii

270 2966 383 3001 prope
408 2957 592 2993 Lutetiam
617 2956 837 2993 Parisiorum
865 2955 1075 2992 750—784.
