1924 3288
284 188 372 233 592
729 201 927 233 wmALm
955 201 1205 234 nms'romn
1232 201 1304 233 458.
1328 201 1399 232 459.

170 299 260 335 1157
285 308 452 339 sursum
487 295 614 339 corda
649 298 692 339 et
721 309 850 354 opera
877 295 1077 353 tendunt,
1115 296 1162 341 in
1192 296 1394 342 aecclesia
1423 295 1504 341 Dei
1534 295 1724 355 altiores,
1764 297 1845 348 etsi

180 349 253 388 Apr.
284 387 370 417 non
400 371 549 429 officio,
579 376 723 417 tamen
751 373 902 417 merito
934 377 1043 418 sunt.
1767 375 1769 377 ’

403 450 549 503 Querit
583 451 686 495 item
720 451 746 495 a
774 451 896 496 nobis
926 451 1113 496 sollertia
1140 455 1234 508 tua,
1273 451 1374 508 quid
1403 451 1531 496 abbas
1563 451 1708 496 Sancti
1734 451 1846 496 Lau-

285 529 412 573 rentii
440 543 516 586 per
545 528 801 587 pastoralem
830 528 1025 573 baculum
1055 529 1205 574 debeat
1231 529 1331 574 dare
1353 529 1496 573 abbati
1516 529 1660 574 Sancti
1677 529 1846 586 Egidii?

286 605 507 658 Querimus
538 610 580 651 et
609 620 685 651 nos
715 607 767 651 ab
791 606 1000 652 industria
1018 610 1104 664 tua,
1137 607 1175 651 si
1194 621 1410 665 possessor
1429 607 1550 652 fundi
1568 608 1645 664 tui,
1677 607 1751 665 qui
1767 607 1848 653 tibi

287 684 448 739 agriam
468 687 586 728 tuam
605 685 857 729 hereditario
877 688 1001 743 pacto
1023 685 1164 733 debita
1183 685 1384 743 pensione
1405 685 1544 742 solvit,
1573 685 1692 730 verbi
1711 685 1849 742 gratia

287 762 359 818 qui
388 776 582 806 mansum
611 777 743 807 unum
774 777 800 807 a
827 766 870 807 te
899 763 1106 820 habuerit,
1137 766 1179 807 et
1199 763 1288 807 vita
1317 763 1520 807 decedens
1545 763 1756 819 legitimos
1774 763 1848 809 he-

285 840 407 884 redes
436 840 482 884 id
504 844 568 885 est
586 841 799 885 naturales
826 840 934 885 filios
962 841 1190 898 reliquerit,
1223 841 1336 898 quid,
1367 842 1552 898 inquam,
1582 841 1656 886 isti
1673 841 1847 887 heredes

288 917 312 961 a
347 921 390 962 te
426 932 503 976 per
541 919 800 977 corporalem
838 919 1130 964 investituram
1165 919 1419 976 suscipiunt,
1457 920 1530 976 qui
1564 933 1610 964 se
1638 920 1684 964 in
1713 919 1847 978 patris

286 995 405 1040 bonis
442 997 535 1041 iure
573 1011 838 1042 successuros
875 1011 961 1042 non
998 996 1218 1041 diffidunt?
1277 997 1335 1041 Et
1371 1001 1419 1041 ut
1459 998 1514 1042 ad
1548 1011 1640 1042 rem
1673 998 1847 1056 propius

287 1074 547 1131 accedamus,
578 1078 771 1133 putasne,
801 1075 944 1132 frater,
977 1075 1088 1133 quod
1117 1075 1266 1131 omnis,
1299 1076 1372 1132 qui
1401 1076 1565 1131 virgam
1593 1075 1849 1134 pastoralem

287 1152 453 1210 accipit,
484 1153 680 1197 continuo
702 1153 923 1211 episcopus
943 1153 1010 1198 vel
1031 1154 1158 1198 abbas
1178 1152 1280 1197 fiat?
1321 1152 1536 1210 Credisne,
1567 1154 1679 1210 quod
1697 1155 1847 1211 omnis,

287 1231 355 1274 cui
383 1231 503 1287 virga
538 1231 762 1289 pastoralis
800 1232 1051 1289 porrigitur,
1089 1231 1134 1275 in
1171 1245 1218 1276 eo
1248 1232 1341 1289 ipso
1373 1232 1593 1289 episcopus
1622 1232 1691 1277 vel
1720 1232 1848 1278 abbas

287 1309 577 1353 consecretur?
618 1309 832 1366 Quocirca,
863 1310 924 1353 mi
952 1310 1096 1366 frater,
1128 1310 1165 1353 si
1194 1313 1336 1354 tamen
1365 1309 1496 1354 falsus
1526 1310 1657 1354 frater
1683 1324 1769 1355 non
1789 1324 1848 1368 es,

287 1386 325 1429 si
359 1386 472 1431 inter
509 1387 630 1443 signa
659 1401 801 1432 rerum
832 1390 874 1432 et
902 1388 1017 1445 ipsas
1047 1401 1115 1432 res
1146 1387 1407 1432 moderatam
1437 1388 1700 1432 discretionis
1731 1387 1849 1434 diffe-

285 1464 467 1508 rentiam
495 1464 712 1522 habueris,
751 1468 793 1509 et
830 1465 1031 1523 propulsa
1065 1466 1226 1509 invidia
1264 1469 1306 1510 et
1343 1479 1484 1510 errore
1514 1466 1662 1523 procul
1695 1467 1849 1524 posito,

286 1542 514 1599 novitates,
554 1557 660 1600 quae
691 1543 746 1587 ad
773 1543 904 1587 nichil
934 1543 1047 1587 aliud
1082 1544 1167 1587 nisi
1203 1544 1258 1587 ad
1297 1543 1623 1588 destructionem
1659 1545 1848 1589 caritatis

289 1622 330 1663 et
353 1619 562 1664 humanae
582 1621 793 1665 societatis
813 1621 968 1677 valent,
1000 1621 1198 1678 abiciens,
1230 1621 1403 1678 antiqua
1423 1625 1662 1666 sanctorum
1679 1626 1850 1680 patrum

287 1697 482 1742 instituta
519 1701 562 1742 et
598 1713 735 1743 mores
773 1712 869 1743 cum
898 1699 1048 1742 humili
1078 1703 1121 1743 et
1150 1699 1361 1744 obedienti
1389 1701 1625 1744 reverentia
1654 1700 1850 1745 observa-

287 1776 411 1832 veris,
441 1779 531 1820 tum
561 1777 720 1833 liquido
751 1777 995 1835 perspicies,
1027 1791 1153 1834 quam
1181 1777 1362 1835 puerilia
1391 1781 1434 1821 et
1457 1777 1608 1822 frivola
1627 1778 1713 1822 sint
1731 1778 1848 1835 haec,

288 1853 340 1896 de
370 1854 519 1910 quibus
551 1855 843 1912 occupationes
873 1859 1040 1899 nostras
1072 1855 1313 1911 quaestione
1336 1855 1564 1913 pulsandas
1585 1856 1848 1901 existimasti.

288 1931 610 1988 Verumtamen,
648 1933 686 1976 si
714 1937 812 1991 post
841 1933 1023 1977 reditum
1052 1936 1244 1977 nostrum
1282 1933 1333 1978 ab
1371 1934 1547 1977 instanti
1584 1933 1701 1978 curia
1728 1933 1849 1978 nobis

288 2010 480 2067 propicia
509 2010 706 2054 divinitas
739 2012 985 2068 sospitatem
1015 2014 1058 2055 et
1085 2011 1216 2055 otium
1237 2013 1501 2068 concesserit,
1532 2011 1850 2068 interrogationi

288 2089 386 2131 tuae
422 2086 612 2131 diffusius
647 2089 901 2146 respondere
930 2089 1182 2146 poterimus3
1222 2102 1317 2133 cum
1346 2093 1489 2134 tamen
1517 2090 1563 2133 in
1591 2090 1658 2134 his
1687 2089 1848 2147 paucis,

290 2164 328 2207 si
357 2164 579 2220 diligenter
610 2166 860 2223 consideres,
893 2167 1116 2211 obiectioni
1135 2170 1232 2212 tuae
1252 2167 1514 2212 satisfactum
1534 2181 1625 2212 esse
1645 2169 1848 2226 oporteat.

291 2304 410 2352 459.
438 2308 677 2352 Fridericus
692 2310 721 2352 I
734 2311 959 2367 imperator
978 2311 1155 2355 Folkero
1169 2312 1390 2370 praecipit,
1423 2318 1468 2354 ut
1486 2311 1727 2354 Mam-inum
1749 2311 1848 2354 Cor-

439 2387 663 2430 beiensibus
692 2390 889 2442 restituat,
925 2390 1097 2432 eundem
1126 2397 1374 2447 recepturus,
1406 2390 1443 2432 si
1472 2390 1588 2447 apud
1616 2389 1850 2446 episcopum

439 2464 803 2508 Monasteriensem
831 2481 915 2508 non
945 2467 998 2509 sit
1016 2468 1219 2524 probatus
1247 2467 1436 2510 ecclesiae
1459 2467 1708 2510 corbeiensis
1726 2467 1847 2510 mini-

437 2542 611 2584 sterialis
642 2557 735 2584 esse.

147 2637 256 2693 1157·
409 2629 681 2684 F(ridericus)
702 2629 783 2674 Dei
810 2631 947 2686 gratia
965 2631 1248 2676 Romanorum
1266 2631 1496 2690 imperator
1515 2634 1714 2687 augustus
1734 2630 1847 2686 F(ol-

114 2686 268 2726 Apr‘Mm‘
291 2707 409 2763 kero)
440 2707 619 2764 gratiam
649 2721 770 2751 suam
800 2711 842 2752 et
871 2722 993 2753 omne
1024 2709 1190 2754 bonum.

409 2785 591 2830 Veniens
622 2785 676 2829 ad
704 2799 780 2829 nos
811 2785 945 2830 fidelis
976 2790 1018 2830 et
1047 2787 1223 2831 dilectus
1253 2790 1397 2831 noster
1427 2786 1688 2831 Corbeiensis
1720 2786 1847 2831 abbas

292 2876 389 2908 cum
417 2863 760 2907 ministerialibus
791 2863 891 2919 suis,
923 2868 1172 2921 conquestus
1204 2867 1267 2908 est
1287 2864 1422 2919 nobis,
1453 2864 1564 2919 quod
1584 2864 1635 2908 de
1655 2862 1845 2908 Maurino

291 2941 557 2986 ministeriali
584 2940 846 2986 Corbeiensis
878 2941 1090 2998 ecclesiae,
1122 2955 1246 2998 quem
1275 2942 1320 2986 in
1350 2941 1592 2999 captivitate
1622 2946 1752 2998 teneS,
1782 2941 1846 2985 in-
