<?xml version="1.0" encoding="UTF-8"?>
<!DOCTYPE html PUBLIC "-//W3C//DTD XHTML 1.0 Transitional//EN"
    "http://www.w3.org/TR/xhtml1/DTD/xhtml1-transitional.dtd">
<html xmlns="http://www.w3.org/1999/xhtml" xml:lang="en" lang="en">
 <head>
  <title>
</title>
<meta http-equiv="Content-Type" content="text/html;charset=utf-8" />
  <meta name='ocr-system' content='tesseract 3.04.00' />
  <meta name='ocr-capabilities' content='ocr_page ocr_carea ocr_par ocr_line ocrx_word'/>
</head>
<body>
  <div class='ocr_page' id='page_1' title='image "bibliothecarerum01wattuoft_0571.png"; bbox 0 0 1924 3288; ppageno 0'>
   <div class='ocr_carea' id='block_1_1' title="bbox 522 170 1646 216">
    <p class='ocr_par' dir='ltr' id='par_1_1' title="bbox 522 170 1646 216">
     <span class='ocr_line' id='line_1_1' title="bbox 522 170 1646 216; baseline -0.001 0"><span class='ocrx_word' id='word_1_1' title='bbox 522 184 721 216; x_wconf 71' lang='lat' dir='ltr'>wmALm</span> <span class='ocrx_word' id='word_1_2' title='bbox 749 183 999 216; x_wconf 64' lang='lat' dir='ltr'>nmsromn</span> <span class='ocrx_word' id='word_1_3' title='bbox 1026 182 1087 214; x_wconf 83' lang='lat'>415</span> <span class='ocrx_word' id='word_1_4' title='bbox 1100 182 1213 214; x_wconf 83' lang='lat'><strong>-417.</strong></span> <span class='ocrx_word' id='word_1_5' title='bbox 1559 170 1646 215; x_wconf 83' lang='lat'>553</span> 
     </span>
    </p>
   </div>
   <div class='ocr_carea' id='block_1_2' title="bbox 83 278 1860 731">
    <p class='ocr_par' dir='ltr' id='par_1_2' title="bbox 84 278 1812 338">
     <span class='ocr_line' id='line_1_2' title="bbox 84 278 1812 338; baseline -0.003 -11"><span class='ocrx_word' id='word_1_6' title='bbox 84 281 319 338; x_wconf 76' lang='lat' dir='ltr'><strong>didicimus,</strong></span> <span class='ocrx_word' id='word_1_7' title='bbox 354 280 461 326; x_wconf 89' lang='lat' dir='ltr'>bene</span> <span class='ocrx_word' id='word_1_8' title='bbox 497 281 774 337; x_wconf 83' lang='lat' dir='ltr'><strong>morigeratus</strong></span> <span class='ocrx_word' id='word_1_9' title='bbox 807 283 870 325; x_wconf 89' lang='lat' dir='ltr'>est</span> <span class='ocrx_word' id='word_1_10' title='bbox 907 283 949 324; x_wconf 92' lang='lat' dir='ltr'>et</span> <span class='ocrx_word' id='word_1_11' title='bbox 986 282 1275 324; x_wconf 77' lang='lat' dir='ltr'>sacrosanctae</span> <span class='ocrx_word' id='word_1_12' title='bbox 1303 278 1516 323; x_wconf 84' lang='lat' dir='ltr'>Romanae</span> <span class='ocrx_word' id='word_1_13' title='bbox 1554 291 1647 323; x_wconf 87' lang='lat' dir='ltr'>aec-</span> <span class='ocrx_word' id='word_1_14' title='bbox 1720 281 1812 318; x_wconf 88' lang='lat'>1153</span> 
     </span>
    </p>

    <p class='ocr_par' dir='ltr' id='par_1_3' title="bbox 83 331 1860 731">
     <span class='ocr_line' id='line_1_3' title="bbox 84 331 1860 416; baseline -0.003 -11"><span class='ocrx_word' id='word_1_15' title='bbox 84 360 235 405; x_wconf 84' lang='lat' dir='ltr'>clesiae</span> <span class='ocrx_word' id='word_1_16' title='bbox 255 359 376 404; x_wconf 81' lang='lat' dir='ltr'>valde</span> <span class='ocrx_word' id='word_1_17' title='bbox 407 360 593 404; x_wconf 88' lang='lat' dir='ltr'>devotus.</span> <span class='ocrx_word' id='word_1_18' title='bbox 637 358 715 410; x_wconf 85' lang='lat' dir='ltr'>Qui</span> <span class='ocrx_word' id='word_1_19' title='bbox 747 359 800 402; x_wconf 89' lang='lat' dir='ltr'>ad</span> <span class='ocrx_word' id='word_1_20' title='bbox 827 358 975 402; x_wconf 88' lang='lat' dir='ltr'>limina</span> <span class='ocrx_word' id='word_1_21' title='bbox 996 357 1278 416; x_wconf 89' lang='lat' dir='ltr'>apostolorum</span> <span class='ocrx_word' id='word_1_22' title='bbox 1299 371 1426 403; x_wconf 86' lang='lat' dir='ltr'>causa</span> <span class='ocrx_word' id='word_1_23' title='bbox 1445 357 1646 401; x_wconf 87' lang='lat' dir='ltr'>orationis</span> <span class='ocrx_word' id='word_1_24' title='bbox 1670 333 1743 373; x_wconf 53' lang='grc' dir='ltr'>’ψ’</span> <span class='ocrx_word' id='word_1_25' title='bbox 1760 331 1860 362; x_wconf 88' lang='lat' dir='ltr'><strong>—1u1.</strong></span> 
     </span>
     <span class='ocr_line' id='line_1_4' title="bbox 85 436 1647 496; baseline -0.003 -12"><span class='ocrx_word' id='word_1_26' title='bbox 85 441 128 484; x_wconf 85' lang='lat' dir='ltr'>et</span> <span class='ocrx_word' id='word_1_27' title='bbox 157 438 211 483; x_wconf 79' lang='lat' dir='ltr'>ad</span> <span class='ocrx_word' id='word_1_28' title='bbox 240 438 368 496; x_wconf 89' lang='lat' dir='ltr'>pedes</span> <span class='ocrx_word' id='word_1_29' title='bbox 400 437 636 482; x_wconf 79' lang='lat' dir='ltr'>sanctitatis</span> <span class='ocrx_word' id='word_1_30' title='bbox 656 440 821 481; x_wconf 88' lang='lat' dir='ltr'>vestrae</span> <span class='ocrx_word' id='word_1_31' title='bbox 841 437 1012 481; x_wconf 88' lang='lat' dir='ltr'>veniens</span> <span class='ocrx_word' id='word_1_32' title='bbox 1043 436 1285 494; x_wconf 87' lang='lat' dir='ltr'>postulavit,</span> <span class='ocrx_word' id='word_1_33' title='bbox 1316 439 1364 480; x_wconf 92' lang='lat' dir='ltr'>ut</span> <span class='ocrx_word' id='word_1_34' title='bbox 1385 450 1480 480; x_wconf 90' lang='lat' dir='ltr'>eum</span> <span class='ocrx_word' id='word_1_35' title='bbox 1498 436 1647 494; x_wconf 89' lang='lat' dir='ltr'>pietati</span> 
     </span>
     <span class='ocr_line' id='line_1_5' title="bbox 83 514 1648 573; baseline -0.002 -12"><span class='ocrx_word' id='word_1_36' title='bbox 83 518 248 562; x_wconf 76' lang='lat' dir='ltr'>vestrae</span> <span class='ocrx_word' id='word_1_37' title='bbox 290 516 446 560; x_wconf 84' lang='lat' dir='ltr'>nostris</span> <span class='ocrx_word' id='word_1_38' title='bbox 490 515 643 560; x_wconf 89' lang='lat' dir='ltr'>litteris</span> <span class='ocrx_word' id='word_1_39' title='bbox 689 515 1085 560; x_wconf 69' lang='lat' dir='ltr'>commendaremus</span> <span class='ocrx_word' id='word_1_40' title='bbox 1155 514 1392 573; x_wconf 87' lang='lat' dir='ltr'>Eapropter</span> <span class='ocrx_word' id='word_1_41' title='bbox 1435 514 1648 559; x_wconf 89' lang='lat' dir='ltr'>maiestati</span> 
     </span>
     <span class='ocr_line' id='line_1_6' title="bbox 84 592 1648 650; baseline -0.002 -11"><span class='ocrx_word' id='word_1_42' title='bbox 84 598 248 640; x_wconf 84' lang='lat' dir='ltr'>vestrae</span> <span class='ocrx_word' id='word_1_43' title='bbox 277 594 397 638; x_wconf 89' lang='lat' dir='ltr'>illum</span> <span class='ocrx_word' id='word_1_44' title='bbox 428 594 785 650; x_wconf 83' lang='lat' dir='ltr'>commendantes,</span> <span class='ocrx_word' id='word_1_45' title='bbox 821 607 1039 649; x_wconf 83' lang='lat' dir='ltr'>rogamus,</span> <span class='ocrx_word' id='word_1_46' title='bbox 1072 596 1274 650; x_wconf 87' lang='lat' dir='ltr'>quatenus</span> <span class='ocrx_word' id='word_1_47' title='bbox 1306 593 1429 637; x_wconf 91' lang='lat' dir='ltr'>solita</span> <span class='ocrx_word' id='word_1_48' title='bbox 1457 592 1648 649; x_wconf 91' lang='lat' dir='ltr'>benigni-</span> 
     </span>
     <span class='ocr_line' id='line_1_7' title="bbox 83 671 1648 731; baseline -0.002 -13"><span class='ocrx_word' id='word_1_49' title='bbox 83 676 171 718; x_wconf 84' lang='lat' dir='ltr'>tate</span> <span class='ocrx_word' id='word_1_50' title='bbox 199 673 340 731; x_wconf 90' lang='lat' dir='ltr'>ipsum</span> <span class='ocrx_word' id='word_1_51' title='bbox 371 672 608 730; x_wconf 88' lang='lat' dir='ltr'>suscipiatis</span> <span class='ocrx_word' id='word_1_52' title='bbox 641 675 682 716; x_wconf 92' lang='lat' dir='ltr'>et</span> <span class='ocrx_word' id='word_1_53' title='bbox 713 671 947 716; x_wconf 76' lang='lat' dir='ltr'>devotioni⁰</span> <span class='ocrx_word' id='word_1_54' title='bbox 978 672 1088 715; x_wconf 89' lang='lat' dir='ltr'>circa</span> <span class='ocrx_word' id='word_1_55' title='bbox 1117 671 1258 716; x_wconf 91' lang='lat' dir='ltr'>sedem</span> <span class='ocrx_word' id='word_1_56' title='bbox 1279 671 1552 729; x_wconf 89' lang='lat' dir='ltr'>apostolicam</span> <span class='ocrx_word' id='word_1_57' title='bbox 1571 684 1648 729; x_wconf 87' lang='lat' dir='ltr'>pa-</span> 
     </span>
    </p>
   </div>
   <div class='ocr_carea' id='block_1_3' title="bbox 84 750 1418 808">
    <p class='ocr_par' dir='ltr' id='par_1_4' title="bbox 84 750 1418 808">
     <span class='ocr_line' id='line_1_8' title="bbox 84 750 1418 808; baseline -0.002 -11"><span class='ocrx_word' id='word_1_58' title='bbox 84 755 206 797; x_wconf 80' lang='lat' dir='ltr'>terna</span> <span class='ocrx_word' id='word_1_59' title='bbox 234 754 376 796; x_wconf 86' lang='lat' dir='ltr'>vestra</span> <span class='ocrx_word' id='word_1_60' title='bbox 406 750 688 795; x_wconf 84' lang='lat' dir='ltr'>admonitione</span> <span class='ocrx_word' id='word_1_61' title='bbox 717 751 879 794; x_wconf 89' lang='lat' dir='ltr'>maiora</span> <span class='ocrx_word' id='word_1_62' title='bbox 907 750 1180 794; x_wconf 84' lang='lat' dir='ltr'>incitamenta</span> <span class='ocrx_word' id='word_1_63' title='bbox 1208 750 1418 808; x_wconf 87' lang='lat' dir='ltr'>prestetis.</span> 
     </span>
    </p>
   </div>
   <div class='ocr_carea' id='block_1_4' title="bbox 723 839 1005 845">
    <p class='ocr_par' dir='ltr' id='par_1_5' title="bbox 723 839 1005 845">
     <span class='ocr_line' id='line_1_9' title="bbox 723 839 1005 845; baseline 0 0"><span class='ocrx_word' id='word_1_64' title='bbox 723 839 1005 845; x_wconf 95' lang='lat' dir='ltr'> </span> 
     </span>
    </p>
   </div>
   <div class='ocr_carea' id='block_1_5' title="bbox 86 893 1848 2188">
    <p class='ocr_par' dir='ltr' id='par_1_6' title="bbox 86 893 1651 1170">
     <span class='ocr_line' id='line_1_10' title="bbox 86 893 1646 958; baseline -0.003 -17"><span class='ocrx_word' id='word_1_65' title='bbox 86 893 205 941; x_wconf 88' lang='grc'><strong>416.</strong></span> <span class='ocrx_word' id='word_1_66' title='bbox 235 895 461 954; x_wconf 71' lang='lat' dir='ltr'>Greqorius</span> <span class='ocrx_word' id='word_1_67' title='bbox 504 896 660 953; x_wconf 72' lang='lat' dir='ltr'>leyatus</span> <span class='ocrx_word' id='word_1_68' title='bbox 703 895 948 952; x_wconf 72' lang='lat' dir='ltr'>apostolicus</span> <span class='ocrx_word' id='word_1_69' title='bbox 985 894 1173 958; x_wconf 81' lang='lat' dir='ltr'>Wibaldo</span> <span class='ocrx_word' id='word_1_70' title='bbox 1216 896 1440 956; x_wconf 73' lang='lat' dir='ltr'>siymflcat,</span> <span class='ocrx_word' id='word_1_71' title='bbox 1486 901 1646 937; x_wconf 80' lang='lat' dir='ltr'>mortuo</span> 
     </span>
     <span class='ocr_line' id='line_1_11' title="bbox 234 967 1648 1026; baseline -0.001 -15"><span class='ocrx_word' id='word_1_72' title='bbox 234 968 425 1026; x_wconf 77' lang='lat' dir='ltr'>Euyenio</span> <span class='ocrx_word' id='word_1_73' title='bbox 446 967 520 1010; x_wconf 84' lang='lat' dir='ltr'>III</span> <span class='ocrx_word' id='word_1_74' title='bbox 535 983 668 1024; x_wconf 81' lang='lat' dir='ltr'>papa,</span> <span class='ocrx_word' id='word_1_75' title='bbox 700 983 754 1021; x_wconf 77' lang='lat' dir='ltr'>se,</span> <span class='ocrx_word' id='word_1_76' title='bbox 786 968 965 1010; x_wconf 86' lang='lat' dir='ltr'>Romam</span> <span class='ocrx_word' id='word_1_77' title='bbox 994 983 1265 1021; x_wconf 78' lang='lat' dir='ltr'>reversurum,</span> <span class='ocrx_word' id='word_1_78' title='bbox 1299 968 1509 1024; x_wconf 77' lang='lat' dir='ltr'>episcopos</span> <span class='ocrx_word' id='word_1_79' title='bbox 1529 982 1648 1025; x_wconf 80' lang='lat' dir='ltr'>quos-</span> 
     </span>
     <span class='ocr_line' id='line_1_12' title="bbox 235 1039 1651 1096; baseline -0.001 -13"><span class='ocrx_word' id='word_1_80' title='bbox 235 1041 333 1083; x_wconf 82' lang='lat' dir='ltr'>dam</span> <span class='ocrx_word' id='word_1_81' title='bbox 362 1042 406 1083; x_wconf 78' lang='lat' dir='ltr'>in</span> <span class='ocrx_word' id='word_1_82' title='bbox 437 1040 545 1082; x_wconf 80' lang='lat' dir='ltr'>diem</span> <span class='ocrx_word' id='word_1_83' title='bbox 568 1039 625 1083; x_wconf 85' lang='lat'>29</span> <span class='ocrx_word' id='word_1_84' title='bbox 645 1039 756 1096; x_wconf 81' lang='lat' dir='ltr'>Sept.</span> <span class='ocrx_word' id='word_1_85' title='bbox 779 1039 1048 1082; x_wconf 76' lang='lat' dir='ltr'>Wormatiam</span> <span class='ocrx_word' id='word_1_86' title='bbox 1071 1055 1246 1082; x_wconf 75' lang='lat' dir='ltr'>vocasse.</span> <span class='ocrx_word' id='word_1_87' title='bbox 1288 1039 1439 1082; x_wconf 82' lang='lat' dir='ltr'>Postea</span> <span class='ocrx_word' id='word_1_88' title='bbox 1468 1040 1513 1080; x_wconf 77' lang='lat' dir='ltr'>in</span> <span class='ocrx_word' id='word_1_89' title='bbox 1534 1039 1651 1081; x_wconf 80' lang='lat' dir='ltr'>ouria</span> 
     </span>
     <span class='ocr_line' id='line_1_13' title="bbox 233 1108 1650 1170; baseline -0.002 -15"><span class='ocrx_word' id='word_1_90' title='bbox 233 1113 342 1170; x_wconf 72' lang='lat' dir='ltr'>reqis</span> <span class='ocrx_word' id='word_1_91' title='bbox 372 1127 463 1155; x_wconf 76' lang='lat' dir='ltr'>eum</span> <span class='ocrx_word' id='word_1_92' title='bbox 492 1113 570 1155; x_wconf 73' lang='lat' dir='ltr'>sibi</span> <span class='ocrx_word' id='word_1_93' title='bbox 592 1119 761 1169; x_wconf 79' lang='lat' dir='ltr'>praesto</span> <span class='ocrx_word' id='word_1_94' title='bbox 794 1127 877 1154; x_wconf 80' lang='lat' dir='ltr'>esse</span> <span class='ocrx_word' id='word_1_95' title='bbox 906 1109 1026 1154; x_wconf 67' lang='lat' dir='ltr'>vulcb.</span> <span class='ocrx_word' id='word_1_96' title='bbox 1437 1108 1507 1163; x_wconf 90' lang='lat' dir='ltr'>(M.</span> <span class='ocrx_word' id='word_1_97' title='bbox 1532 1109 1650 1163; x_wconf 84' lang='lat'><strong>391.)</strong></span> 
     </span>
    </p>

    <p class='ocr_par' dir='ltr' id='par_1_7' title="bbox 88 1190 1848 1396">
     <span class='ocr_line' id='line_1_14' title="bbox 207 1190 1811 1251; baseline -0.004 -12"><span class='ocrx_word' id='word_1_98' title='bbox 207 1194 433 1251; x_wconf 86' lang='lat' dir='ltr'>Gregorius</span> <span class='ocrx_word' id='word_1_99' title='bbox 453 1194 534 1238; x_wconf 90' lang='lat' dir='ltr'>Dei</span> <span class='ocrx_word' id='word_1_100' title='bbox 564 1194 701 1250; x_wconf 85' lang='lat' dir='ltr'>gratia</span> <span class='ocrx_word' id='word_1_101' title='bbox 731 1197 900 1238; x_wconf 85' lang='lat' dir='ltr'>sanctae</span> <span class='ocrx_word' id='word_1_102' title='bbox 919 1193 1132 1237; x_wconf 88' lang='lat' dir='ltr'>Romanae</span> <span class='ocrx_word' id='word_1_103' title='bbox 1157 1192 1382 1237; x_wconf 87' lang='lat' dir='ltr'>aecclesiae</span> <span class='ocrx_word' id='word_1_104' title='bbox 1403 1190 1651 1237; x_wconf 87' lang='lat' dir='ltr'>cardinalis¹</span> <span class='ocrx_word' id='word_1_105' title='bbox 1720 1198 1811 1234; x_wconf 86' lang='lat'>1153</span> 
     </span>
     <span class='ocr_line' id='line_1_15' title="bbox 88 1247 1848 1329; baseline -0.003 -10"><span class='ocrx_word' id='word_1_106' title='bbox 88 1278 131 1319; x_wconf 88' lang='lat' dir='ltr'>et</span> <span class='ocrx_word' id='word_1_107' title='bbox 165 1273 327 1329; x_wconf 87' lang='lat' dir='ltr'>legatus</span> <span class='ocrx_word' id='word_1_108' title='bbox 364 1272 592 1317; x_wconf 90' lang='lat' dir='ltr'>reverendo</span> <span class='ocrx_word' id='word_1_109' title='bbox 630 1272 751 1315; x_wconf 85' lang='lat' dir='ltr'>fratri</span> <span class='ocrx_word' id='word_1_110' title='bbox 782 1271 871 1316; x_wconf 77' lang='lat' dir='ltr'>vel⁰</span> <span class='ocrx_word' id='word_1_111' title='bbox 911 1285 984 1316; x_wconf 89' lang='lat' dir='ltr'>suo</span> <span class='ocrx_word' id='word_1_112' title='bbox 1021 1271 1209 1315; x_wconf 86' lang='lat' dir='ltr'>unanimi</span> <span class='ocrx_word' id='word_1_113' title='bbox 1246 1271 1378 1314; x_wconf 87' lang='lat' dir='ltr'>amico</span> <span class='ocrx_word' id='word_1_114' title='bbox 1411 1270 1652 1315; x_wconf 88' lang='lat' dir='ltr'>Corbeiensi</span> <span class='ocrx_word' id='word_1_115' title='bbox 1674 1248 1750 1286; x_wconf 69' lang='lat' dir='ltr'>Aug‘</span> <span class='ocrx_word' id='word_1_116' title='bbox 1766 1247 1848 1287; x_wconf 42' lang='lat' dir='ltr'><strong>seph</strong></span> 
     </span>
     <span class='ocr_line' id='line_1_16' title="bbox 88 1350 449 1396; baseline -0.008 0"><span class='ocrx_word' id='word_1_117' title='bbox 88 1352 231 1396; x_wconf 89' lang='lat' dir='ltr'>abbati</span> <span class='ocrx_word' id='word_1_118' title='bbox 260 1350 449 1395; x_wconf 88' lang='lat' dir='ltr'>salutem.</span> 
     </span>
    </p>

    <p class='ocr_par' dir='ltr' id='par_1_8' title="bbox 87 1424 1654 2188">
     <span class='ocr_line' id='line_1_17' title="bbox 205 1424 1653 1486; baseline -0.002 -13"><span class='ocrx_word' id='word_1_119' title='bbox 205 1428 325 1473; x_wconf 87' lang='lat' dir='ltr'>Licet</span> <span class='ocrx_word' id='word_1_120' title='bbox 343 1429 456 1472; x_wconf 84' lang='lat' dir='ltr'>fama</span> <span class='ocrx_word' id='word_1_121' title='bbox 475 1428 623 1472; x_wconf 90' lang='lat' dir='ltr'>mortis</span> <span class='ocrx_word' id='word_1_122' title='bbox 645 1428 788 1472; x_wconf 87' lang='lat' dir='ltr'>domni</span> <span class='ocrx_word' id='word_1_123' title='bbox 809 1424 942 1486; x_wconf 78' lang='lat' dir='ltr'>pape²</span> <span class='ocrx_word' id='word_1_124' title='bbox 963 1441 1040 1471; x_wconf 89' lang='lat' dir='ltr'>nos</span> <span class='ocrx_word' id='word_1_125' title='bbox 1060 1427 1306 1483; x_wconf 84' lang='lat' dir='ltr'>turbaverit,</span> <span class='ocrx_word' id='word_1_126' title='bbox 1332 1431 1487 1483; x_wconf 81' lang='lat' dir='ltr'>tamen,</span> <span class='ocrx_word' id='word_1_127' title='bbox 1511 1427 1653 1471; x_wconf 89' lang='lat' dir='ltr'>audita</span> 
     </span>
     <span class='ocr_line' id='line_1_18' title="bbox 87 1502 1652 1566; baseline -0.002 -15"><span class='ocrx_word' id='word_1_128' title='bbox 87 1521 267 1566; x_wconf 87' lang='lat' dir='ltr'>persona</span> <span class='ocrx_word' id='word_1_129' title='bbox 314 1506 555 1550; x_wconf 85' lang='lat' dir='ltr'>substitutid</span> <span class='ocrx_word' id='word_1_130' title='bbox 602 1506 744 1550; x_wconf 90' lang='lat' dir='ltr'>domni</span> <span class='ocrx_word' id='word_1_131' title='bbox 780 1502 964 1562; x_wconf 83' lang='lat' dir='ltr'>vicarii³,</span> <span class='ocrx_word' id='word_1_132' title='bbox 1008 1519 1085 1549; x_wconf 91' lang='lat' dir='ltr'>nos</span> <span class='ocrx_word' id='word_1_133' title='bbox 1131 1505 1282 1562; x_wconf 88' lang='lat' dir='ltr'>gaudio</span> <span class='ocrx_word' id='word_1_134' title='bbox 1322 1506 1457 1561; x_wconf 82' lang='lat' dir='ltr'>gavisi</span> <span class='ocrx_word' id='word_1_135' title='bbox 1495 1519 1652 1562; x_wconf 85' lang='lat' dir='ltr'>sumus,</span> 
     </span>
     <span class='ocr_line' id='line_1_19' title="bbox 89 1584 1653 1642; baseline -0.002 -12"><span class='ocrx_word' id='word_1_136' title='bbox 89 1586 281 1642; x_wconf 88' lang='lat' dir='ltr'>scientes,</span> <span class='ocrx_word' id='word_1_137' title='bbox 312 1585 430 1629; x_wconf 92' lang='lat' dir='ltr'>illum</span> <span class='ocrx_word' id='word_1_138' title='bbox 463 1585 701 1641; x_wconf 73' lang='lat' dir='ltr'>antiquum⁰</span> <span class='ocrx_word' id='word_1_139' title='bbox 733 1584 981 1640; x_wconf 85' lang='lat' dir='ltr'>magistrum</span> <span class='ocrx_word' id='word_1_140' title='bbox 1013 1584 1238 1628; x_wconf 88' lang='lat' dir='ltr'>aecclesiae</span> <span class='ocrx_word' id='word_1_141' title='bbox 1269 1587 1312 1628; x_wconf 89' lang='lat' dir='ltr'>et</span> <span class='ocrx_word' id='word_1_142' title='bbox 1340 1597 1416 1627; x_wconf 88' lang='lat' dir='ltr'>nos</span> <span class='ocrx_word' id='word_1_143' title='bbox 1436 1587 1653 1641; x_wconf 85' lang='lat' dir='ltr'>tamquam</span> 
     </span>
     <span class='ocr_line' id='line_1_20' title="bbox 89 1661 1652 1721; baseline -0.001 -13"><span class='ocrx_word' id='word_1_144' title='bbox 89 1678 135 1708; x_wconf 87' lang='lat' dir='ltr'>se</span> <span class='ocrx_word' id='word_1_145' title='bbox 163 1664 304 1721; x_wconf 88' lang='lat' dir='ltr'>ipsum</span> <span class='ocrx_word' id='word_1_146' title='bbox 334 1662 508 1718; x_wconf 87' lang='lat' dir='ltr'>diligere</span> <span class='ocrx_word' id='word_1_147' title='bbox 540 1665 582 1706; x_wconf 80' lang='lat' dir='ltr'>et</span> <span class='ocrx_word' id='word_1_148' title='bbox 611 1662 747 1706; x_wconf 86' lang='lat' dir='ltr'>modis</span> <span class='ocrx_word' id='word_1_149' title='bbox 778 1662 969 1706; x_wconf 89' lang='lat' dir='ltr'>omnibus</span> <span class='ocrx_word' id='word_1_150' title='bbox 1000 1662 1216 1705; x_wconf 88' lang='lat' dir='ltr'>honorare.</span> <span class='ocrx_word' id='word_1_151' title='bbox 1265 1661 1442 1705; x_wconf 77' lang='lat' dir='ltr'>Verum‘</span> <span class='ocrx_word' id='word_1_152' title='bbox 1472 1662 1569 1718; x_wconf 88' lang='lat' dir='ltr'>quia</span> <span class='ocrx_word' id='word_1_153' title='bbox 1601 1662 1652 1706; x_wconf 84' lang='lat' dir='ltr'>ab</span> 
     </span>
     <span class='ocr_line' id='line_1_21' title="bbox 91 1737 1654 1795; baseline -0.002 -10"><span class='ocrx_word' id='word_1_154' title='bbox 91 1741 235 1785; x_wconf 86' lang='lat' dir='ltr'>amicis</span> <span class='ocrx_word' id='word_1_155' title='bbox 266 1741 421 1785; x_wconf 91' lang='lat' dir='ltr'>nostris</span> <span class='ocrx_word' id='word_1_156' title='bbox 453 1741 659 1784; x_wconf 87' lang='lat' dir='ltr'>instanter</span> <span class='ocrx_word' id='word_1_157' title='bbox 689 1753 954 1795; x_wconf 86' lang='lat' dir='ltr'>revocamur,</span> <span class='ocrx_word' id='word_1_158' title='bbox 986 1740 1031 1783; x_wconf 90' lang='lat' dir='ltr'>in</span> <span class='ocrx_word' id='word_1_159' title='bbox 1061 1740 1167 1784; x_wconf 86' lang='lat' dir='ltr'>festo</span> <span class='ocrx_word' id='word_1_160' title='bbox 1200 1740 1334 1783; x_wconf 85' lang='lat' dir='ltr'>sancti</span> <span class='ocrx_word' id='word_1_161' title='bbox 1363 1737 1654 1783; x_wconf 77' lang='lat' dir='ltr'>Michahelis⁸⁴</span> 
     </span>
     <span class='ocr_line' id='line_1_22' title="bbox 88 1816 1653 1874; baseline -0.001 -11"><span class='ocrx_word' id='word_1_162' title='bbox 88 1816 396 1874; x_wconf 86' lang='lat' dir='ltr'>Bremensem⁵,</span> <span class='ocrx_word' id='word_1_163' title='bbox 434 1817 875 1873; x_wconf 66' lang='lat' dir='ltr'>11deneshemensemh,</span> <span class='ocrx_word' id='word_1_164' title='bbox 909 1817 1170 1861; x_wconf 90' lang='lat' dir='ltr'>Mindensem</span> <span class='ocrx_word' id='word_1_165' title='bbox 1200 1817 1451 1862; x_wconf 80' lang='lat' dir='ltr'>Wormaciei</span> <span class='ocrx_word' id='word_1_166' title='bbox 1488 1817 1653 1861; x_wconf 85' lang='lat' dir='ltr'>vocavi-</span> 
     </span>
     <span class='ocr_line' id='line_1_23' title="bbox 90 1895 1652 1954; baseline -0.001 -14"><span class='ocrx_word' id='word_1_167' title='bbox 90 1911 198 1952; x_wconf 86' lang='lat' dir='ltr'>mus,</span> <span class='ocrx_word' id='word_1_168' title='bbox 231 1896 407 1954; x_wconf 88' lang='lat' dir='ltr'>quedam</span> <span class='ocrx_word' id='word_1_169' title='bbox 438 1896 523 1939; x_wconf 88' lang='lat' dir='ltr'>illis</span> <span class='ocrx_word' id='word_1_170' title='bbox 554 1896 770 1953; x_wconf 85' lang='lat' dir='ltr'>precipere</span> <span class='ocrx_word' id='word_1_171' title='bbox 790 1895 989 1939; x_wconf 88' lang='lat' dir='ltr'>volentes.</span> <span class='ocrx_word' id='word_1_172' title='bbox 1071 1895 1190 1938; x_wconf 91' lang='lat' dir='ltr'>Unde</span> <span class='ocrx_word' id='word_1_173' title='bbox 1219 1895 1271 1938; x_wconf 89' lang='lat' dir='ltr'>ad</span> <span class='ocrx_word' id='word_1_174' title='bbox 1293 1896 1491 1939; x_wconf 90' lang='lat' dir='ltr'>domnum</span> <span class='ocrx_word' id='word_1_175' title='bbox 1510 1909 1652 1951; x_wconf 86' lang='lat' dir='ltr'>regem</span> 
     </span>
     <span class='ocr_line' id='line_1_24' title="bbox 90 1973 1652 2031; baseline -0.001 -12"><span class='ocrx_word' id='word_1_176' title='bbox 90 1975 192 2019; x_wconf 88' lang='lat' dir='ltr'>ituri</span> <span class='ocrx_word' id='word_1_177' title='bbox 201 1974 230 2031; x_wconf 75' lang='lat'>¹¹,</span> <span class='ocrx_word' id='word_1_178' title='bbox 261 1987 335 2018; x_wconf 90' lang='lat' dir='ltr'>vos</span> <span class='ocrx_word' id='word_1_179' title='bbox 366 1974 544 2018; x_wconf 89' lang='lat' dir='ltr'>libenter</span> <span class='ocrx_word' id='word_1_180' title='bbox 573 1977 810 2031; x_wconf 85' lang='lat' dir='ltr'>presentem</span> <span class='ocrx_word' id='word_1_181' title='bbox 841 1973 1042 2018; x_wconf 88' lang='lat' dir='ltr'>vellemus</span> <span class='ocrx_word' id='word_1_182' title='bbox 1071 1973 1238 2029; x_wconf 90' lang='lat' dir='ltr'>habere,</span> <span class='ocrx_word' id='word_1_183' title='bbox 1268 1976 1328 2029; x_wconf 92' lang='lat' dir='ltr'>ut,</span> <span class='ocrx_word' id='word_1_184' title='bbox 1362 1987 1467 2030; x_wconf 92' lang='lat' dir='ltr'>quae</span> <span class='ocrx_word' id='word_1_185' title='bbox 1488 1987 1583 2017; x_wconf 90' lang='lat' dir='ltr'>cum</span> <span class='ocrx_word' id='word_1_186' title='bbox 1605 1987 1652 2017; x_wconf 89' lang='lat' dir='ltr'>eo</span> 
     </span>
     <span class='ocr_line' id='line_1_25' title="bbox 92 2050 1653 2108; baseline -0.002 -11"><span class='ocrx_word' id='word_1_187' title='bbox 92 2066 214 2108; x_wconf 87' lang='lat' dir='ltr'>agere</span> <span class='ocrx_word' id='word_1_188' title='bbox 253 2052 472 2107; x_wconf 79' lang='lat' dir='ltr'>debemus,</span> <span class='ocrx_word' id='word_1_189' title='bbox 511 2055 553 2096; x_wconf 94' lang='lat' dir='ltr'>et</span> <span class='ocrx_word' id='word_1_190' title='bbox 582 2051 627 2095; x_wconf 93' lang='lat' dir='ltr'>in</span> <span class='ocrx_word' id='word_1_191' title='bbox 656 2051 826 2095; x_wconf 89' lang='lat' dir='ltr'>licentia</span> <span class='ocrx_word' id='word_1_192' title='bbox 857 2051 1144 2108; x_wconf 87' lang='lat' dir='ltr'>suscipienda,</span> <span class='ocrx_word' id='word_1_193' title='bbox 1183 2055 1257 2095; x_wconf 89' lang='lat' dir='ltr'>tua</span> <span class='ocrx_word' id='word_1_194' title='bbox 1286 2050 1406 2094; x_wconf 91' lang='lat' dir='ltr'>nobis</span> <span class='ocrx_word' id='word_1_195' title='bbox 1439 2052 1653 2095; x_wconf 87' lang='lat' dir='ltr'>assisteret</span> 
     </span>
     <span class='ocr_line' id='line_1_26' title="bbox 91 2129 1385 2188; baseline -0.002 -14"><span class='ocrx_word' id='word_1_196' title='bbox 91 2130 314 2188; x_wconf 87' lang='lat' dir='ltr'>prudentia</span> <span class='ocrx_word' id='word_1_197' title='bbox 345 2133 386 2174; x_wconf 87' lang='lat' dir='ltr'>et</span> <span class='ocrx_word' id='word_1_198' title='bbox 416 2130 603 2187; x_wconf 89' lang='lat' dir='ltr'>probitas</span> <span class='ocrx_word' id='word_1_199' title='bbox 634 2143 710 2173; x_wconf 91' lang='lat' dir='ltr'>nos</span> <span class='ocrx_word' id='word_1_200' title='bbox 743 2129 910 2173; x_wconf 89' lang='lat' dir='ltr'>domno¹</span> <span class='ocrx_word' id='word_1_201' title='bbox 941 2129 1032 2185; x_wconf 89' lang='lat' dir='ltr'>regi</span> <span class='ocrx_word' id='word_1_202' title='bbox 1064 2129 1385 2173; x_wconf 89' lang='lat' dir='ltr'>commendaret.</span> 
     </span>
    </p>
   </div>
   <div class='ocr_carea' id='block_1_6' title="bbox 728 2219 1011 2226">
    <p class='ocr_par' dir='ltr' id='par_1_9' title="bbox 728 2219 1011 2226">
     <span class='ocr_line' id='line_1_27' title="bbox 728 2219 1011 2226; baseline 0 1062"><span class='ocrx_word' id='word_1_203' title='bbox 728 2219 1011 2226; x_wconf 95' lang='lat' dir='ltr'> </span> 
     </span>
    </p>
   </div>
   <div class='ocr_carea' id='block_1_7' title="bbox 94 2272 1651 2332">
    <p class='ocr_par' dir='ltr' id='par_1_10' title="bbox 94 2272 1651 2332">
     <span class='ocr_line' id='line_1_28' title="bbox 94 2272 1651 2332; baseline -0.002 -13"><span class='ocrx_word' id='word_1_204' title='bbox 94 2272 212 2319; x_wconf 86' lang='lat'><strong>417.</strong></span> <span class='ocrx_word' id='word_1_205' title='bbox 240 2274 512 2318; x_wconf 74' lang='lat' dir='ltr'>Bernhardus</span> <span class='ocrx_word' id='word_1_206' title='bbox 544 2282 581 2317; x_wconf 85' lang='lat' dir='ltr'>et</span> <span class='ocrx_word' id='word_1_207' title='bbox 605 2274 829 2332; x_wconf 74' lang='lat' dir='ltr'>Greqorius</span> <span class='ocrx_word' id='word_1_208' title='bbox 859 2274 983 2331; x_wconf 71' lang='lat' dir='ltr'>leqati</span> <span class='ocrx_word' id='word_1_209' title='bbox 1011 2273 1223 2331; x_wconf 78' lang='lat' dir='ltr'>apostolici</span> <span class='ocrx_word' id='word_1_210' title='bbox 1242 2273 1474 2316; x_wconf 83' lang='lat' dir='ltr'>Wibaldum</span> <span class='ocrx_word' id='word_1_211' title='bbox 1497 2273 1651 2316; x_wconf 83' lang='lat' dir='ltr'>Wirze-</span> 
     </span>
    </p>
   </div>
   <div class='ocr_carea' id='block_1_8' title="bbox 242 2345 1650 2404">
    <p class='ocr_par' dir='ltr' id='par_1_11' title="bbox 242 2345 1650 2404">
     <span class='ocr_line' id='line_1_29' title="bbox 242 2345 1650 2404; baseline -0.002 -14"><span class='ocrx_word' id='word_1_212' title='bbox 242 2348 414 2404; x_wconf 65' lang='lat' dir='ltr'>burgum</span> <span class='ocrx_word' id='word_1_213' title='bbox 451 2354 614 2400; x_wconf 79' lang='lat' dir='ltr'>vocant,</span> <span class='ocrx_word' id='word_1_214' title='bbox 654 2347 750 2389; x_wconf 81' lang='lat' dir='ltr'>inde</span> <span class='ocrx_word' id='word_1_215' title='bbox 789 2346 846 2389; x_wconf 87' lang='lat' dir='ltr'>ad</span> <span class='ocrx_word' id='word_1_216' title='bbox 881 2347 1171 2388; x_wconf 78' lang='lat' dir='ltr'>monasterium</span> <span class='ocrx_word' id='word_1_217' title='bbox 1210 2345 1450 2389; x_wconf 81' lang='lat' dir='ltr'>Stabulense</span> <span class='ocrx_word' id='word_1_218' title='bbox 1486 2347 1650 2388; x_wconf 79' lang='lat' dir='ltr'>iturum.</span> 
     </span>
    </p>
   </div>
   <div class='ocr_carea' id='block_1_9' title="bbox 96 2415 1794 2694">
    <p class='ocr_par' dir='ltr' id='par_1_12' title="bbox 96 2415 1794 2694">
     <span class='ocr_line' id='line_1_30' title="bbox 1438 2415 1651 2470; baseline 0 -11"><span class='ocrx_word' id='word_1_219' title='bbox 1438 2415 1509 2469; x_wconf 81' lang='lat' dir='ltr'><strong>(M.</strong></span> <span class='ocrx_word' id='word_1_220' title='bbox 1534 2416 1651 2470; x_wconf 75' lang='lat'><strong>392.)</strong></span> 
     </span>
     <span class='ocr_line' id='line_1_31' title="bbox 211 2490 1782 2551; baseline 0 -12"><span class='ocrx_word' id='word_1_221' title='bbox 211 2494 512 2550; x_wconf 88' lang='lat' dir='ltr'>Ber(nhardus)</span> <span class='ocrx_word' id='word_1_222' title='bbox 550 2491 784 2551; x_wconf 84' lang='lat' dir='ltr'>presbiter⁶</span> <span class='ocrx_word' id='word_1_223' title='bbox 817 2498 859 2538; x_wconf 91' lang='lat' dir='ltr'>et</span> <span class='ocrx_word' id='word_1_224' title='bbox 889 2492 1113 2550; x_wconf 89' lang='lat' dir='ltr'>Gregorius</span> <span class='ocrx_word' id='word_1_225' title='bbox 1154 2490 1375 2538; x_wconf 80' lang='lat' dir='ltr'>diaconus⁷</span> <span class='ocrx_word' id='word_1_226' title='bbox 1405 2493 1486 2537; x_wconf 90' lang='lat' dir='ltr'>Dei</span> <span class='ocrx_word' id='word_1_227' title='bbox 1517 2495 1653 2549; x_wconf 81' lang='lat' dir='ltr'>gratia</span> <span class='ocrx_word' id='word_1_228' title='bbox 1691 2503 1782 2539; x_wconf 88' lang='lat'>1153</span> 
     </span>
     <span class='ocr_line' id='line_1_32' title="bbox 190 2554 1794 2641; baseline -0.001 -7"><span class='ocrx_word' id='word_1_229' title='bbox 190 2613 217 2634; x_wconf 77' lang='lat' dir='ltr'><strong>a.</strong></span> <span class='ocrx_word' id='word_1_230' title='bbox 239 2603 304 2634; x_wconf 83' lang='lat' dir='ltr'>eius</span> <span class='ocrx_word' id='word_1_231' title='bbox 325 2603 473 2633; x_wconf 70' lang='lat' dir='ltr'>excidisse</span> <span class='ocrx_word' id='word_1_232' title='bbox 494 2603 621 2632; x_wconf 77' lang='lat' dir='ltr'>videtur.</span> <span class='ocrx_word' id='word_1_233' title='bbox 704 2602 733 2632; x_wconf 88' lang='lat' dir='ltr'>b.</span> <span class='ocrx_word' id='word_1_234' title='bbox 756 2604 839 2632; x_wconf 81' lang='lat' dir='ltr'>Haec</span> <span class='ocrx_word' id='word_1_235' title='bbox 861 2603 990 2641; x_wconf 74' lang='lat' dir='ltr'>epistola</span> <span class='ocrx_word' id='word_1_236' title='bbox 1012 2604 1040 2631; x_wconf 79' lang='grc' dir='ltr'>ιἰι</span> <span class='ocrx_word' id='word_1_237' title='bbox 1062 2602 1165 2632; x_wconf 73' lang='lat' dir='ltr'>codice</span> <span class='ocrx_word' id='word_1_238' title='bbox 1180 2602 1223 2632; x_wconf 77' lang='lat' dir='ltr'>bis</span> <span class='ocrx_word' id='word_1_239' title='bbox 1236 2603 1339 2640; x_wconf 74' lang='lat' dir='ltr'>posita</span> <span class='ocrx_word' id='word_1_240' title='bbox 1354 2607 1414 2631; x_wconf 78' lang='lat' dir='ltr'>est:</span> <span class='ocrx_word' id='word_1_241' title='bbox 1437 2603 1464 2631; x_wconf 92' lang='lat'><strong>1.</strong></span> <span class='ocrx_word' id='word_1_242' title='bbox 1485 2603 1543 2639; x_wconf 78' lang='lat' dir='ltr'>fol.</span> <span class='ocrx_word' id='word_1_243' title='bbox 1556 2603 1614 2632; x_wconf 84' lang='lat'>143</span> <span class='ocrx_word' id='word_1_244' title='bbox 1623 2614 1652 2639; x_wconf 83' lang='lat' dir='ltr'>v,</span> <span class='ocrx_word' id='word_1_245' title='bbox 1677 2562 1702 2583; x_wconf 73' lang='lat'>⁰·</span> <span class='ocrx_word' id='word_1_246' title='bbox 1720 2554 1794 2591; x_wconf 42' lang='lat' dir='ltr'><strong>Aug.</strong></span> 
     </span>
     <span class='ocr_line' id='line_1_33' title="bbox 96 2654 1652 2694; baseline -0.001 -7"><span class='ocrx_word' id='word_1_247' title='bbox 96 2659 125 2687; x_wconf 88' lang='lat'><strong>2.</strong></span> <span class='ocrx_word' id='word_1_248' title='bbox 149 2658 207 2694; x_wconf 74' lang='lat' dir='ltr'><strong>soz.</strong></span> <span class='ocrx_word' id='word_1_249' title='bbox 224 2657 294 2687; x_wconf 84' lang='lat'><strong>145.</strong></span> <span class='ocrx_word' id='word_1_250' title='bbox 399 2665 425 2686; x_wconf 78' lang='lat' dir='ltr'>c.</span> <span class='ocrx_word' id='word_1_251' title='bbox 455 2656 483 2686; x_wconf 87' lang='lat'>.1.</span> <span class='ocrx_word' id='word_1_252' title='bbox 507 2657 542 2692; x_wconf 86' lang='lat'>1,</span> <span class='ocrx_word' id='word_1_253' title='bbox 570 2655 602 2685; x_wconf 88' lang='lat' dir='ltr'><strong>L.</strong></span> <span class='ocrx_word' id='word_1_254' title='bbox 627 2657 655 2686; x_wconf 87' lang='lat'><strong>2.</strong></span> <span class='ocrx_word' id='word_1_255' title='bbox 761 2656 789 2685; x_wconf 87' lang='lat' dir='ltr'>d.</span> <span class='ocrx_word' id='word_1_256' title='bbox 820 2655 942 2685; x_wconf 70' lang='lat' dir='ltr'>substiti</span> <span class='ocrx_word' id='word_1_257' title='bbox 972 2656 999 2684; x_wconf 93' lang='lat'><strong>1.</strong></span> <span class='ocrx_word' id='word_1_258' title='bbox 1104 2663 1130 2684; x_wconf 78' lang='lat' dir='ltr'>e.</span> <span class='ocrx_word' id='word_1_259' title='bbox 1159 2655 1292 2693; x_wconf 81' lang='lat' dir='ltr'>antiqum</span> <span class='ocrx_word' id='word_1_260' title='bbox 1321 2656 1348 2684; x_wconf 88' lang='lat'><strong>1.</strong></span> <span class='ocrx_word' id='word_1_261' title='bbox 1453 2655 1473 2684; x_wconf 80' lang='lat' dir='ltr'><strong>f.</strong></span> <span class='ocrx_word' id='word_1_262' title='bbox 1501 2654 1558 2685; x_wconf 63' lang='grc' dir='ltr'>νῇ</span> <span class='ocrx_word' id='word_1_263' title='bbox 1581 2656 1652 2686; x_wconf 87' lang='lat'><strong>1.2.</strong></span> 
     </span>
    </p>
   </div>
   <div class='ocr_carea' id='block_1_10' title="bbox 96 2679 1753 2749">
    <p class='ocr_par' dir='ltr' id='par_1_13' title="bbox 96 2679 1753 2749">
     <span class='ocr_line' id='line_1_34' title="bbox 96 2679 1753 2749; baseline 0 -9"><span class='ocrx_word' id='word_1_264' title='bbox 96 2719 124 2749; x_wconf 86' lang='lat' dir='ltr'><strong>g.</strong></span> <span class='ocrx_word' id='word_1_265' title='bbox 146 2710 303 2740; x_wconf 78' lang='lat' dir='ltr'>Michaelis</span> <span class='ocrx_word' id='word_1_266' title='bbox 331 2711 360 2741; x_wconf 86' lang='lat'><strong>2.</strong></span> <span class='ocrx_word' id='word_1_267' title='bbox 443 2709 473 2739; x_wconf 88' lang='lat' dir='ltr'><strong>h.</strong></span> <span class='ocrx_word' id='word_1_268' title='bbox 495 2709 662 2739; x_wconf 77' lang='lat' dir='ltr'>Ildeneseffi</span> <span class='ocrx_word' id='word_1_269' title='bbox 690 2710 718 2739; x_wconf 85' lang='lat'><strong>2.</strong></span> <span class='ocrx_word' id='word_1_270' title='bbox 802 2710 822 2739; x_wconf 89' lang='lat' dir='ltr'>i.</span> <span class='ocrx_word' id='word_1_271' title='bbox 844 2708 1024 2739; x_wconf 78' lang='lat' dir='ltr'>Warmatiae</span> <span class='ocrx_word' id='word_1_272' title='bbox 1047 2710 1075 2738; x_wconf 83' lang='lat'><strong>2.</strong></span> <span class='ocrx_word' id='word_1_273' title='bbox 1158 2708 1188 2739; x_wconf 87' lang='lat' dir='ltr'>k.</span> <span class='ocrx_word' id='word_1_274' title='bbox 1216 2709 1323 2738; x_wconf 86' lang='lat' dir='ltr'>iterum</span> <span class='ocrx_word' id='word_1_275' title='bbox 1347 2710 1374 2738; x_wconf 91' lang='lat'><strong>1.</strong></span> <span class='ocrx_word' id='word_1_276' title='bbox 1458 2708 1478 2738; x_wconf 91' lang='lat' dir='ltr'>l.</span> <span class='ocrx_word' id='word_1_277' title='bbox 1500 2709 1602 2740; x_wconf 86' lang='lat' dir='ltr'>domni</span> <span class='ocrx_word' id='word_1_278' title='bbox 1623 2711 1652 2740; x_wconf 84' lang='lat'><strong>2.</strong></span> <span class='ocrx_word' id='word_1_279' title='bbox 1739 2679 1753 2703; x_wconf 55' lang='grc' dir='ltr'><strong><em>ο</em></strong></span> 
     </span>
    </p>
   </div>
   <div class='ocr_carea' id='block_1_11' title="bbox 97 2765 1650 2873">
    <p class='ocr_par' dir='ltr' id='par_1_14' title="bbox 97 2765 1650 2873">
     <span class='ocr_line' id='line_1_35' title="bbox 191 2765 1650 2813; baseline 0 -10"><span class='ocrx_word' id='word_1_280' title='bbox 191 2768 224 2803; x_wconf 92' lang='lat'><strong>1.</strong></span> <span class='ocrx_word' id='word_1_281' title='bbox 256 2767 350 2803; x_wconf 85' lang='lat' dir='ltr'>diac.</span> <span class='ocrx_word' id='word_1_282' title='bbox 377 2767 473 2804; x_wconf 87' lang='lat' dir='ltr'>card.</span> <span class='ocrx_word' id='word_1_283' title='bbox 498 2766 533 2803; x_wconf 90' lang='lat' dir='ltr'>S.</span> <span class='ocrx_word' id='word_1_284' title='bbox 553 2766 701 2813; x_wconf 86' lang='lat' dir='ltr'>Angeli.</span> <span class='ocrx_word' id='word_1_285' title='bbox 804 2768 837 2802; x_wconf 80' lang='lat'><strong>2.</strong></span> <span class='ocrx_word' id='word_1_286' title='bbox 868 2765 1026 2811; x_wconf 88' lang='lat' dir='ltr'>Eugenii</span> <span class='ocrx_word' id='word_1_287' title='bbox 1052 2765 1105 2801; x_wconf 93' lang='lat'>111</span> <span class='ocrx_word' id='word_1_288' title='bbox 1133 2765 1267 2802; x_wconf 86' lang='lat' dir='ltr'>mortui</span> <span class='ocrx_word' id='word_1_289' title='bbox 1298 2766 1358 2802; x_wconf 90' lang='lat' dir='ltr'>die</span> <span class='ocrx_word' id='word_1_290' title='bbox 1390 2767 1412 2802; x_wconf 86' lang='grc'>8</span> <span class='ocrx_word' id='word_1_291' title='bbox 1439 2766 1522 2802; x_wconf 89' lang='lat' dir='ltr'>Iulii</span> <span class='ocrx_word' id='word_1_292' title='bbox 1548 2768 1650 2803; x_wconf 85' lang='lat'><strong>1153.</strong></span> 
     </span>
     <span class='ocr_line' id='line_1_36' title="bbox 97 2824 1650 2873; baseline 0 -10"><span class='ocrx_word' id='word_1_293' title='bbox 97 2826 131 2863; x_wconf 91' lang='lat'>3.</span> <span class='ocrx_word' id='word_1_294' title='bbox 162 2825 349 2863; x_wconf 83' lang='lat' dir='ltr'>Anastasii</span> <span class='ocrx_word' id='word_1_295' title='bbox 381 2827 441 2873; x_wconf 91' lang='lat' dir='ltr'>IV,</span> <span class='ocrx_word' id='word_1_296' title='bbox 474 2826 678 2863; x_wconf 84' lang='lat' dir='ltr'>consecrati</span> <span class='ocrx_word' id='word_1_297' title='bbox 710 2825 770 2862; x_wconf 92' lang='lat' dir='ltr'>die</span> <span class='ocrx_word' id='word_1_298' title='bbox 802 2826 846 2861; x_wconf 82' lang='lat'>12</span> <span class='ocrx_word' id='word_1_299' title='bbox 877 2825 973 2861; x_wconf 89' lang='lat' dir='ltr'>Iulii.</span> <span class='ocrx_word' id='word_1_300' title='bbox 1005 2825 1049 2862; x_wconf 91' lang='lat' dir='ltr'>V.</span> <span class='ocrx_word' id='word_1_301' title='bbox 1074 2825 1164 2872; x_wconf 86' lang='lat' dir='ltr'>Reg.</span> <span class='ocrx_word' id='word_1_302' title='bbox 1183 2824 1314 2871; x_wconf 84' lang='lat' dir='ltr'>pontif.</span> <span class='ocrx_word' id='word_1_303' title='bbox 1339 2825 1491 2862; x_wconf 85' lang='lat' dir='ltr'>Roman.</span> <span class='ocrx_word' id='word_1_304' title='bbox 1516 2837 1552 2872; x_wconf 91' lang='lat' dir='ltr'>p.</span> <span class='ocrx_word' id='word_1_305' title='bbox 1569 2826 1650 2863; x_wconf 87' lang='lat'><strong>653.</strong></span> 
     </span>
    </p>
   </div>
   <div class='ocr_carea' id='block_1_12' title="bbox 96 2884 1648 2991">
    <p class='ocr_par' dir='ltr' id='par_1_15' title="bbox 96 2884 1648 2991">
     <span class='ocr_line' id='line_1_37' title="bbox 96 2884 1648 2932; baseline 0.001 -11"><span class='ocrx_word' id='word_1_306' title='bbox 96 2885 129 2921; x_wconf 84' lang='lat'><strong>4.</strong></span> <span class='ocrx_word' id='word_1_307' title='bbox 163 2884 265 2931; x_wconf 88' lang='lat' dir='ltr'>Sept.</span> <span class='ocrx_word' id='word_1_308' title='bbox 282 2886 340 2921; x_wconf 84' lang='grc'>29.</span> <span class='ocrx_word' id='word_1_309' title='bbox 461 2886 495 2923; x_wconf 84' lang='grc'>5.</span> <span class='ocrx_word' id='word_1_310' title='bbox 528 2886 753 2923; x_wconf 85' lang='lat' dir='ltr'>Hartwicum</span> <span class='ocrx_word' id='word_1_311' title='bbox 783 2884 1109 2932; x_wconf 82' lang='lat' dir='ltr'>archiepiscopum.</span> <span class='ocrx_word' id='word_1_312' title='bbox 1226 2886 1258 2921; x_wconf 89' lang='lat'><strong>6.</strong></span> <span class='ocrx_word' id='word_1_313' title='bbox 1291 2884 1347 2921; x_wconf 82' lang='lat' dir='ltr'>tit.</span> <span class='ocrx_word' id='word_1_314' title='bbox 1379 2884 1416 2922; x_wconf 91' lang='lat' dir='ltr'><strong>S.</strong></span> <span class='ocrx_word' id='word_1_315' title='bbox 1441 2885 1648 2924; x_wconf 85' lang='lat' dir='ltr'>Clementis.</span> 
     </span>
     <span class='ocr_line' id='line_1_38' title="bbox 99 2943 363 2991; baseline 0.004 -10"><span class='ocrx_word' id='word_1_316' title='bbox 99 2945 131 2981; x_wconf 81' lang='grc'>7.</span> <span class='ocrx_word' id='word_1_317' title='bbox 163 2943 200 2981; x_wconf 91' lang='lat' dir='ltr'><strong>S.</strong></span> <span class='ocrx_word' id='word_1_318' title='bbox 216 2943 363 2991; x_wconf 84' lang='lat' dir='ltr'>Angeli.</span> 
     </span>
    </p>
   </div>
  </div>
 </body>
</html>
