1924 3288
590 182 787 215 wmALm
816 181 1037 215 Ems'rom
1067 181 1138 214 385.
1555 171 1643 216 517

78 354 196 404 385.
211 329 433 400 'Amatam
461 353 515 400 ΙΙ
544 355 876 415 archiepiscopus
913 357 1162 401 cotoniensis
1189 355 1442 412 wibaldum,
1479 357 1644 401 hostilia

214 449 412 493 pacm,
453 435 698 479 consolatur.
759 435 891 478 Addit
928 435 979 478 de
1014 436 1139 478 castri
1170 435 1390 494 Seynensis
1419 436 1640 479 obsidione.

79 464 116 554 ᾖ·
1422 511 1495 566 (M.
1519 512 1639 568 361.)

191 589 434 645 U(uibaldo)
472 588 624 633 dilecto
659 588 783 633 fratri
812 603 887 633 suo
917 589 1147 634 venerabili
1178 593 1347 634 sanctae
1376 589 1640 635 Corbeiensis
1666 598 1760 636 1152

73 667 299 716 aecclesiae
329 667 472 712 abbati
490 666 738 722 A(rnoldus)
758 666 840 712 Dei
870 668 1008 723 gratia
1037 668 1074 711 si
1106 668 1208 724 quid
1235 672 1300 712 est
1329 668 1641 714 Coloniensium

71 746 242 793 humilis
271 746 466 791 minister
495 745 674 790 salutem
704 759 800 790 cum
829 745 982 790 intima
1012 745 1236 791 dilectione
1267 750 1309 791 et
1340 747 1600 804 obsequium.

188 824 286 871 Etsi
323 823 625 868 familiaritatis
663 826 833 868 nostrae
871 824 977 868 bene
1022 824 1242 868 inchoatae
1286 824 1394 869 bene
1439 825 1638 884 deinceps

71 906 342 949 conservatae
373 903 502 947 series
532 902 671 946 verbis
703 902 886 959 exprimi
920 916 1005 946 non
1041 903 1196 960 possit,
1234 903 1381 960 paucis
1411 906 1555 949 tamen
1586 905 1639 949 de

70 982 166 1040 ipsa
194 980 312 1039 loqui
341 983 384 1025 et
413 981 502 1025 eius
531 980 823 1024 recordatione
845 980 931 1023 frui
951 980 1054 1024 adeo
1075 994 1203 1024 suave
1225 984 1301 1037 est,
1332 984 1381 1024 ut
1400 995 1526 1026 sensu
1547 983 1639 1040 qui-

70 1060 168 1105 dem
204 1058 386 1115 intelligi
421 1058 558 1117 possit
588 1061 652 1103 set
689 1059 735 1103 in
766 1072 959 1103 sermone
989 1059 1326 1116 experimentum
1354 1073 1441 1103 non
1470 1060 1635 1105 habeat.

70 1137 179 1188 Cum
206 1137 338 1194 igitur
367 1137 560 1181 omnibus
591 1136 915 1181 adversitatibus
945 1137 1097 1181 vestris
1134 1150 1186 1181 ex
1217 1137 1358 1181 debito
1389 1139 1636 1196 compatiar,

69 1217 253 1263 maxime
272 1219 416 1260 tamen
435 1218 477 1259 et
495 1215 648 1259 iustius
670 1214 789 1259 doleo
809 1214 868 1270 id,
885 1215 1009 1272 quod,
1031 1228 1127 1259 cum
1147 1215 1201 1259 ad
1221 1215 1427 1273 synodum
1446 1220 1636 1262 nostram

68 1295 278 1340 veneratis
290 1291 315 1350 ¹,
345 1293 607 1338 invasionem
635 1289 899 1350 iniquorum²
928 1306 1079 1350 passus
1110 1293 1224 1337 estis.
1271 1292 1478 1352 Quicquid
1506 1296 1636 1351 igitur

69 1387 197 1432 super
224 1373 291 1417 his
321 1371 472 1416 honori
501 1374 642 1416 vestro
672 1371 896 1416 convenire
925 1371 1149 1427 videbitur,
1180 1358 1361 1416 libenter
1389 1386 1635 1431 prosequar,

69 1463 284 1510 quousque
313 1449 542 1494 satisfactio
573 1449 702 1505 digna
731 1448 942 1494 offeratur.

185 1528 309 1573 Nunc
338 1531 500 1584 autem,
540 1541 594 1572 ne
624 1530 760 1571 status
790 1530 933 1572 noster
962 1541 1036 1572 vos
1066 1527 1218 1585 lateat,
1250 1528 1415 1586 sciatis,
1447 1530 1560 1586 quod
1588 1531 1634 1574 in

67 1606 283 1653 obsidione
303 1607 432 1651 castri
453 1606 591 1664 Seyne
610 1605 739 1663 positi
767 1619 926 1662 sumus,
958 1606 1118 1650 exitum
1136 1606 1200 1651 rei
1222 1606 1357 1651 adhuc
1376 1608 1633 1666 ignorantes,

68 1689 111 1732 et
144 1688 330 1731 mentem
377 1685 521 1729 domni
559 1680 854 1728 Treverensis³
892 1684 1013 1741 quasi
1055 1684 1102 1728 in
1145 1684 1328 1742 pendulo
1373 1689 1631 1743 reputantes.

66 1763 202 1809 Multa
229 1766 372 1808 tamen
401 1766 491 1807 tam
520 1762 710 1806 timenda
739 1775 866 1819 quam
896 1762 1106 1819 speranda
1135 1763 1305 1807 auribus
1342 1765 1500 1809 nostris
1531 1765 1633 1809 alla-

66 1842 244 1896 buntur3
276 1844 342 1886 set
370 1841 532 1885 karitas
559 1840 674 1884 foras
703 1840 838 1884 mittit
865 1837 1098 1896 timorem⁴‚
1129 1854 1226 1898 spes
1248 1844 1390 1886 autem
1419 1856 1505 1887 non
1534 1856 1632 1888 con-

65 1917 241 1965 fundit⁶.
287 1919 446 1963 Noscat
463 1918 593 1975 Deus,
625 1918 698 1975 qui
728 1921 938 1962 scrutator
967 1919 1156 1962 omnium
1187 1922 1264 1975 est,
1297 1920 1408 1976 quod
1438 1934 1524 1964 non
1552 1935 1631 1979 pro

66 1998 232 2057 privato
263 1997 380 2053 odio,
418 1999 484 2041 set
518 2010 597 2054 pro
634 1996 803 2040 iusticia
840 2000 883 2040 et
917 2010 1043 2041 curae
1071 1997 1298 2055 pastoralis
1329 1998 1469 2042 debito
1499 1999 1631 2043 viola-

65 2080 179 2122 tores
208 2075 326 2134 pacis
345 2088 588 2133 persequar.
635 2074 816 2119 Necesse
836 2075 950 2119 enim
972 2078 1050 2131 est,
1080 2078 1141 2131 ut,
1172 2075 1271 2132 quia
1289 2078 1404 2120 terra
1424 2076 1497 2120 diu
1517 2090 1630 2121 com-

66 2158 182 2200 mota
219 2157 264 2199 et
301 2153 549 2198 conturbata
594 2155 677 2208 est,
723 2156 924 2197 sanentur
968 2153 1057 2197 eius
1103 2154 1388 2198 contritiones.
1509 2155 1631 2199 Nunc

68 2235 231 2288 autem,
264 2231 363 2289 quia
392 2244 536 2275 omnes
565 2230 727 2274 inimici
756 2232 873 2288 pacis
903 2231 1064 2275 inimici
1092 2231 1199 2275 mihi
1226 2232 1329 2276 facti
1358 2237 1477 2289 sunt,
1510 2233 1629 2278 obse-

65 2324 150 2368 cro,
181 2309 392 2355 orationes
424 2308 476 2353 ab
498 2308 700 2353 aecclesia
717 2312 859 2353 vestra
881 2323 959 2367 pro
979 2310 1163 2367 peccatis
1183 2310 1289 2354 meis
1308 2309 1415 2367 fieri,
1446 2314 1506 2367 ut,
1538 2311 1629 2356 sine

65 2403 146 2447 quo
175 2387 308 2433 nichil
337 2390 403 2431 est
421 2386 621 2442 validum,
653 2387 743 2431 eius
775 2387 981 2431 adiutorio
1000 2388 1160 2445 possim
1181 2389 1420 2433 subsistere.
1467 2389 1626 2434 Valete.

66 2466 113 2512 Si
142 2466 245 2524 quid
275 2465 391 2510 aliud
419 2464 541 2509 nobis
573 2465 812 2520 occurrerit,
844 2479 919 2510 vos
949 2479 1035 2509 non
1064 2465 1225 2511 latebit.

159 2585 194 2621 1.
219 2583 280 2620 die
304 2584 351 2620 29
375 2583 482 2620 Iunii.
508 2582 554 2620 V.
573 2593 631 2629 ep.
650 2583 718 2619 381
736 2592 846 2628 supra
861 2593 899 2628 p.
912 2582 994 2620 512.
1089 2584 1124 2620 2.
1149 2582 1327 2620 Folcwini
1344 2587 1383 2620 et
1397 2583 1625 2621 widekindi.

64 2644 111 2682 V.
128 2653 188 2690 ep.
205 2643 276 2680 384
300 2653 412 2690 supra
435 2653 472 2688 p.
489 2642 572 2678 516.
666 2642 700 2678 3.
733 2642 861 2678 Hillini
885 2642 1165 2690 archiepiscopi,
1190 2654 1300 2690 quem
1323 2643 1372 2680 ad
1395 2643 1533 2679 curiam
1557 2645 1626 2680 Ra—

63 2703 313 2741 tisbonensem
337 2703 398 2740 die
423 2702 469 2739 29
493 2702 588 2738 Iunii
613 2701 834 2739 celebratam
859 2712 906 2739 ex
929 2702 1037 2739 Italia
1061 2713 1248 2740 reversum
1272 2714 1371 2750 esse,
1397 2704 1524 2740 retulit
1540 2704 1625 2742 Otto

64 2762 224 2811 Frising.
248 2762 287 2799 in
312 2762 390 2800 Vit.
406 2762 505 2799 Frid.
532 2762 574 2799 L.
590 2761 639 2798 11.
665 2771 698 2798 c.
715 2762 750 2798 6.
844 2761 878 2798 4.
906 2763 926 2798 1
944 2761 1022 2800 Ioh.
1038 2762 1073 2809 4,
1091 2763 1148 2799 18.
1245 2763 1279 2800 5.
1304 2763 1407 2801 Rom.
1427 2763 1460 2810 5,
1478 2763 1512 2802 5.

1681 648 1737 680 Iul.
