1924 3288
327 190 415 236 384
767 204 964 236 wmAnm
991 204 1239 237 nms'ronffl
1267 204 1337 236 258.
1362 205 1431 236 259.

212 300 304 337 1150
327 298 577 355 quebantur‚
614 301 757 356 captos
793 299 1052 354 gravissimis
1083 301 1228 357 poenis
1258 300 1508 345 afflixerunt.
1563 300 1565 302 ’
1603 299 1876 360 'Superstitio

326 388 420 420 cum
450 379 634 420 vestram
671 380 867 433 expetere
902 378 1042 435 parati
1071 391 1255 422 essemus
1283 379 1516 436 iusticiam,
1552 379 1721 424 tandem
1739 382 1877 425 {cuna

325 453 467 497 domni
496 453 734 498 cancellarii
746 451 769 510 ¹,
809 454 880 510 qui
910 454 1090 512 dampno
1120 460 1262 500 nostro
1291 457 1360 514 pie
1390 456 1778 514 condescendebat,v
1792 457 1876 514 <ho-⁴

324 531 458 575 mines
487 534 651 575 nostros
681 545 788 588 pene
817 531 950 576 nudos
982 536 1024 576 et
1054 533 1236 590 aliquam
1265 537 1428 591 partem
1459 534 1619 593 accepti
1636 534 1726 579 vini
1750 538 1878 593 atque

325 608 568 652 animalium
597 609 717 653 nobis
747 609 1030 666 reddiderunt,
1061 611 1367 668 promittentes,
1398 625 1443 656 se
1471 612 1519 656 in
1547 612 1666 657 brevi
1687 612 1877 671 tempore

324 699 464 730 coram
494 687 646 730 domno
667 686 912 731 cancellario
943 688 1083 731 omnia
1111 688 1360 733 reddituros.
1461 689 1552 734 Hac
1579 690 1721 748 itaque
1749 703 1875 749 spon-

324 764 440 808 sione
477 769 667 822 accepta,
704 765 916 823 hucusque
951 766 1217 810 frustratoria
1255 781 1330 824 spe
1360 766 1520 811 seducti
1549 769 1874 826 expectavimus·

323 855 434 885 nunc
463 843 630 886 demum
658 847 756 901 post
783 843 952 899 longam
980 858 1141 888 moram
1165 849 1207 889 et
1225 858 1373 900 graves
1394 858 1598 902 expensas
1615 846 1735 903 certi,
1765 846 1876 904 quod

323 919 452 963 nichil
482 920 533 965 ab
565 921 625 965 eis
655 922 918 979 recipiemus,
949 921 1033 965 nisi
1063 923 1117 966 ad
1146 922 1225 966 hoc
1255 937 1325 967 eos
1354 936 1430 980 per
1450 921 1660 968 efficacem
1677 924 1875 968 nuncium

323 1000 464 1042 vestra
492 999 611 1054 regia
639 999 863 1056 compellat
893 1001 1130 1044 auctoritas.
1185 1000 1304 1052 Quod
1332 1003 1380 1044 ut
1408 1004 1601 1058 respectu
1627 1001 1875 1049 Doi'fiacere

323 1074 566 1133 dignemini,
596 1077 841 1135 suppliciter
871 1077 1094 1122 aecclesiae
1125 1081 1287 1123 vestrae
1317 1078 1505 1136 deposcit
1532 1078 1816 1140 universitas.‚¹
1842 1103 1858 1125 .;

302 1201 443 1276 l259.
467 1232 678 1276 Wibaldus
713 1232 969 1276 Hartwicmn
1008 1234 1358 1292 archiepiscopum
1388 1235 1650 1278 Bremensem
1681 1233 1877 1282 Gorbn‘ae

461 1309 596 1368 fuisse
613 1311 788 1367 qaudet:
811 1310 978 1369 Synodo
994 1312 1202 1355 Mindemi
1219 1313 1408 1354 interesse
1422 1313 1516 1356 vult.
1546 1313 1735 1357 Adonem
1748 1313 1874 1357 abba-

472 1395 551 1430 tem
569 1387 929 1445 Rosenfeldensem
957 1389 1042 1430 iam
1069 1395 1195 1431 totum
1215 1390 1385 1432 arbitrio
1407 1391 1493 1432 eius
1505 1391 1715 1447 permittit.
1753 1389 1875 1443 Petit,

471 1465 652 1508 hortetur
671 1464 956 1508 Her-maumam
975 1466 1170 1517 comitem,
1203 1474 1249 1508 ut
1265 1467 1343 1509 sibi
1361 1466 1600 1524 satisfaciat.
1666 1464 1739 1520 (Μ.
1756 1466 1877 1520 241.)

208 1565 301 1601 1150
441 1552 682 1597 Reverendo
706 1553 819 1610 patri
840 1567 914 1596 suo
935 1556 977 1596 et
997 1553 1163 1597 domino
1184 1553 1428 1608 H(artwico)
1451 1557 1620 1598 sanctae
1637 1553 1874 1599 Bremensis

324 1630 547 1675 aecclesiae
562 1630 791 1674 venerabili
813 1631 1123 1688 archiepiscopo
1146 1631 1277 1674 frater
1291 1630 1541 1686 W(ibaldus)
1561 1631 1642 1676 Dei
1661 1632 1798 1688 gratia
1813 1632 1873 1688 id,

323 1708 433 1765 quod
449 1712 512 1752 est
530 1708 575 1751 in
596 1708 796 1752 aecclesia
809 1708 1024 1764 catholica,
1042 1709 1213 1763 exiguas
1230 1709 1438 1752 orationes
1460 1713 1502 1753 et
1520 1709 1670 1754 devota
1689 1709 1872 1754 ser-vitia.

441 1785 616 1830 Gratum
645 1785 765 1830 nobis
785 1785 906 1830 valde
927 1789 991 1829 est
1011 1789 1053 1829 et
1072 1786 1204 1842 dulce,
1235 1786 1345 1843 quod
1365 1787 1665 1831 monasterium
1682 1790 1874 1832 nostrum

321 1863 478 1908 intrare
509 1867 552 1908 et
579 1864 729 1907 fratres
759 1867 924 1907 nostros
950 1864 1145 1908 visitare·
1177 1867 1219 1907 et
1247 1864 1453 1908 consolari
1481 1867 1726 1922 nostrasque
1755 1877 1874 1910 man-

323 1941 473 1997 siones,
505 1954 607 1998 quas
637 1955 714 1998 pro
743 1941 822 1984 hoc
849 1941 942 1998 ipso
966 1942 1145 1986 cariores
1168 1942 1380 1998 habemus,
1410 1943 1587 1999 ingredi,
1612 1955 1661 1986 ac
1683 1945 1874 1987 nostrum

324 2019 508 2062 studium
536 2018 714 2074 benigno
744 2019 939 2076 preconio
969 2019 1140 2063 laudare
1170 2020 1341 2076 dignata
1371 2024 1435 2064 est
1458 2023 1600 2064 vestra
1623 2018 1871 2064 sublimitas.

325 2095 399 2141 Set
427 2096 506 2140 hoc
534 2096 652 2140 nobis
683 2097 968 2151 gratissimum
998 2101 1040 2141 et
1070 2098 1238 2142 omnino
1259 2099 1374 2142 cordi
1394 2101 1470 2154 est,
1502 2097 1614 2155 quod
1632 2097 1686 2140 ad
1705 2096 1872 2142 easdem

325 2174 420 2218 edes
440 2187 515 2218 vos
534 2173 642 2217 velle
662 2173 804 2218 venire
834 2178 876 2218 et
896 2174 1126 2230 longiorem
1150 2175 1254 2219 inibi
1273 2175 1573 2219 habitationem
1590 2174 1728 2219 facere
1747 2178 1874 2231 atquc

324 2251 495 2295 armarii
530 2251 663 2294 nostri
697 2264 781 2294 non
812 2251 946 2295 solum
975 2252 1189 2296 volumina
1217 2256 1282 2297 set
1311 2253 1439 2296 etiam
1468 2252 1656 2297 scedulas
1686 2254 1872 2296 evertere

325 2332 367 2373 et
394 2328 649 2386 perscrutari
677 2329 942 2385 promisistis.
1003 2329 1174 2374 Utinam
1202 2330 1413 2386 vivamus»,
1451 2330 1613 2374 utinam
1641 2329 1870 2385 videamus,

323 2406 485 2450 utinam
514 2419 617 2463 pace
647 2406 786 2462 quiete
816 2410 858 2450 et
887 2407 976 2450 ocio
1006 2407 1091 2451 frui
1119 2407 1346 2463 valeamus,
1377 2410 1419 2451 et
1446 2407 1491 2450 in
1520 2407 1586 2450 his
1616 2406 1766 2451 studiis
1793 2418 1871 2450 nos

323 2483 503 2528 invicem
541 2496 734 2527 exercere
771 2497 971 2528 exacuere
1010 2488 1052 2529 et
1088 2488 1161 2528 aut
1196 2485 1335 2529 doceri
1362 2484 1428 2528 vel
1464 2484 1611 2528 docere
1649 2483 1871 2541 possimus.

324 2561 438 2614 Quae
456 2561 545 2605 vita
574 2563 691 2604 tanto
722 2565 830 2604 esset
860 2562 1032 2618 beatior,
1065 2565 1218 2618 quanto
1249 2565 1358 2606 esset
1387 2562 1439 2605 ad
1460 2561 1683 2605 videndum
1713 2564 1756 2605 et
1775 2573 1873 2618 pro-

324 2638 567 2683 merendum
586 2638 721 2682 Deum
749 2639 1023 2696 propinquior
1053 2643 1095 2683 et
1125 2640 1176 2684 ab
1206 2639 1328 2683 huius
1350 2639 1495 2682 mundi
1515 2637 1734 2682 cenulenta
1749 2650 1871 2681 vora·-

324 2717 420 2772 gine
448 2715 658 2759 remotior.
709 2714 858 2759 Venite
887 2717 1014 2771 igitur
1044 2721 1086 2760 et
1114 2717 1273 2774 pascite
1302 2717 1485 2760 animam
1514 2718 1710 2771 vestram,
1741 2714 1870 2758 hono-

324 2798 414 2838 rate
444 2793 742 2849 sacerdotium,
780 2793 974 2837 instruite
1004 2794 1180 2851 clerum,
1211 2794 1374 2839 firmate
1404 2793 1610 2848 ordinem,
1639 2794 1870 2849 propagate

418 2898 445 2919 a.
472 2889 588 2919 visitari
610 2888 677 2919 cod.

418 2947 449 2984 1.
475 2945 640 2982 Amoldi.
