1924 3262
522 168 722 199 wrssALm
750 166 1000 199 EP1s'r0LAE
1029 165 1078 197 15.
1101 165 1151 196 16.
1565 152 1620 196 97

52 263 318 309 carissimum
361 266 556 307 nostrum
603 263 804 307 domnum
843 262 1047 306 decanum
1087 258 1317 315 O(ttonem)
1357 263 1400 303 et
1436 259 1621 316 reliquos
1694 260 1788 297 1137

50 342 203 387 iratres
233 345 400 386 nostros
433 346 475 386 et
504 341 694 385 homines
727 341 778 385 de
812 340 964 384 Sancto
996 339 1134 395 Petro,
1168 339 1240 396 qui
1270 337 1450 382 fideliter
1480 339 1622 382 nobis·
1641 309 1849 350 p⁰StN⁰M4

51 434 148 465 cum
185 420 231 465 in
266 420 538 464 tribulatione
573 423 720 463 nostra
750 422 1140 476 perseveraverunt.
1202 417 1471 461 Remittimus
1502 417 1622 461 vobis

53 498 225 543 anulum
260 513 392 542 unum
423 501 465 542 et
495 498 681 554 sigillum
713 497 925 554 quondam
956 500 1170 552 nostrum,
1209 510 1284 554 per
1317 510 1423 553 quae
1453 495 1624 553 plenam

51 577 349 622 refutationem
386 577 437 621 de
476 576 646 620 abbatia
685 575 906 620 Casinensi
943 575 1167 630 facientes,
1211 588 1443 631 numquam
1481 577 1625 618 tamen

53 655 275 700 consilium
322 659 364 699 et
408 654 614 699 auxilium
659 657 852 698 nostrum
900 654 1036 698 eidem
1076 653 1276 697 ecclesiae
1315 653 1623 697 subtrahemus

53 733 222 791 Valete,
261 737 304 778 et
341 734 538 777 nuntium
577 736 771 776 nostrum
810 746 887 790 per
925 746 999 776 vos
1039 734 1329 776 transeuntem
1366 746 1444 789 pro
1480 735 1627 775 nostra

55 812 229 857 caritate
265 812 371 856 bene
410 811 605 855 habetote
651 815 712 867 et,
754 811 791 854 si
829 824 906 868 per
943 824 1018 855 vos
1056 811 1252 867 redierit,
1294 811 1446 856 litteris
1485 824 1627 854 rerum

54 894 292 938 vestrarum
322 893 478 935 statum
508 890 630 934 110018
662 888 907 946 significate.

62 1051 141 1100 16.
172 1054 384 1098 Wibaldus
408 1052 596 1096 Ottonem
627 1054 829 1096 decanum
855 1054 1114 1096 Casinensem
1146 1059 1378 1110 ceterosque
1408 1052 1630 1095 monachos

168 1133 379 1191 promissa
398 1133 476 1175 sibi
497 1132 727 1175 obedientia
747 1132 905 1175 liberat.
942 1131 1074 1173 Addit
1094 1131 1144 1172 de
1164 1131 1371 1172 nonnullis
1385 1132 1631 1188 piyneribus

178 1211 285 1254 datis
316 1218 354 1253 et
381 1211 514 1269 siyillo
546 1210 751 1268 anuloque
782 1209 1005 1268 Raynaldo
1039 1210 1179 1252 abbaci
1207 1210 1386 1251 remissis
1396 1214 1421 1248 ²¹.
1474 1207 1546 1262 (M.
1569 1208 1629 1262 5.)

178 1299 329 1344 Frater
367 1298 600 1344 Guibaldus
639 1299 722 1343 Dei
767 1299 905 1354 gratia
943 1297 1206 1342 Stabulensis
1245 1298 1445 1342 ecclesiae
1485 1312 1629 1341 servus
1703 1306 1795 1341 1137

59 1378 276 1422 carissimo
306 1378 430 1422 fratri
460 1382 501 1422 et
533 1378 666 1422 amico
699 1391 773 1421 suo
802 1376 980 1432 O(tt0ni)
1011 1376 1231 1421 Casinensi
1262 1377 1418 1421 decano
1451 1377 1632 1420 salutem
1650 1355 1858 1395 p⁰⁵tN⁰v'²4

64 1460 106 1501 et
133 1456 479 1501 benedictionem.

182 1533 395 1587 Quantum
414 1535 566 1579 vestris
598 1533 910 1578 calamitatibus
943 1546 1222 1589 commovear,
1255 1537 1460 1590 quantum
1479 1534 1632 1578 vestris

61 1614 353 1658 vexationibus
396 1613 649 1671 compatiar,
690 1613 809 1656 novit
847 1612 1062 1669 inspector
1101 1611 1291 1655 cordium
1321 1612 1450 1656 Deus.
1514 1611 1634 1656 Licet

64 1691 176 1735 enim
206 1692 486 1749 personaliter
514 1692 633 1736 vobis
664 1704 741 1734 nec
773 1690 918 1734 adesse
949 1703 1026 1734 nec
1055 1704 1252 1747 praeesse
1282 1690 1511 1746 valeamus,
1548 1704 1633 1733 non

64 1770 226 1827 dispari
254 1773 397 1813 tamen
427 1770 708 1814 sollicitudine
740 1768 1013 1813 Casinensem
1044 1768 1265 1813 ecclesiam
1296 1773 1338 1813 01
1370 1783 1560 1812 amamus
1593 1772 1635 1812 et

65 1861 231 1905 semper
270 1848 515 1892 amabimus.
574 1847 862 1891 Veruntamen
901 1847 1000 1903 quia
1038 1847 1099 1890 sic
1138 1848 1282 1891 divina
1319 1847 1634 1904 praeordinatio

66 1926 274 1983 disposuit
305 1929 347 1969 et
377 1925 580 1982 temporis
612 1925 793 1981 qualitas
824 1925 982 1968 nostris
1013 1925 1176 1969 meritis
1209 1927 1467 1970 concordans
1490 1926 1634 1981 exigit,

65 2018 119 2048 ne
139 2018 214 2048 vos
237 2004 474 2062 sponsionis
494 2007 660 2048 vestrae
681 2003 976 2061 praevaricata
996 2003 1210 2059 obligatio,
1231 2018 1308 2047 nos
1329 2018 1429 2048 vero
1452 2004 1637 2061 suscepti

66 2082 284 2138 regiminis
315 2082 506 2138 neglecta
527 2081 835 2125 administratio
857 2085 1159 2138 perpetuarum
1178 2096 1412 2139 poenarum
1434 2082 1636 2126 obnoxios

67 2161 215 2217 faciat,
253 2174 327 2205 vos
366 2163 407 2205 et
438 2174 582 2204 omnes
613 2160 764 2203 fratres
797 2159 1037 2203 Casinensis
1070 2159 1268 2204 ecclesiae
1301 2161 1352 2204 ab
1385 2161 1636 2215 obedientia,

70 2252 196 2296 quam
225 2239 346 2283 nobis
377 2238 646 2296 promisistis,
678 2237 867 2295 plenarie
889 2237 1157 2282 absolvimus.
1208 2238 1411 2282 Similiter
1433 2242 1475 2282 et
1493 2238 1636 2293 laicOS,

70 2317 143 2374 qui
178 2317 298 2362 nobis
336 2317 602 2373 iuraverunt,
639 2316 795 2360 liberos
836 2329 861 2359 a
899 2317 1173 2360 sacramentis
1205 2317 1292 2360 suis
1325 2331 1416 2361 esse
1447 2317 1638 2360 concedi-

68 2409 175 2439 mus.
298 2395 361 2440 Ne
394 2399 534 2439 autem
565 2395 691 2438 ullius
725 2394 975 2450 aestimatio,
1007 2394 1127 2438 nobis
1159 2394 1431 2450 detrahendo,
1463 2408 1637 2452 peccare

70 2473 217 2531 possit,
250 2474 359 2518 sicut
387 2474 506 2519 vobis
539 2477 580 2517 01
609 2472 822 2530 plerisque
851 2472 1052 2516 fratribus
1077 2475 1225 2516 notum
1247 2476 1324 2529 est,
1358 2487 1453 2516 cum
1475 2487 1500 2516 a
1519 2473 1638 2523 vobis

73 2551 293 2607 exivimuS,
325 2552 440 2608 haec,
465 2566 570 2609 quae
596 2551 836 2608 subscripta
856 2553 967 2606 sunt,
1001 2550 1204 2594 distracta
1225 2554 1357 2594 erant.
1405 2550 1639 2594 Landulfus

71 2629 253 2674 habebat
290 2630 335 2673 in
372 2631 547 2688 pignore
585 2643 661 2687 pro
695 2630 750 2672 85
782 2628 902 2672 libris
935 2627 1108 2671 calicem
1138 2642 1270 2671 unum
1303 2642 1496 2684 aureum,
1536 2629 1641 2672 duas

74 2720 216 2751 cruces
257 2721 404 2752 aureas
443 2722 540 2752 cum
575 2707 810 2765 lapidibus,
853 2706 934 2749 duo
976 2705 1229 2750 candelabra
1268 2710 1487 2762 argentea,
1529 2707 1641 2764 apud

75 2784 277 2830 Sanctum
307 2785 564 2830 Germanum
601 2785 901 2830 candelabrum
939 2798 1070 2827 unum
1110 2787 1355 2840 argenteum
1392 2799 1469 2842 pro
1505 2785 1640 2829 tribus

72 2862 213 2920 libris,
245 2864 477 2908 turibulum
506 2878 638 2908 unum
667 2877 744 2921 pro
778 2864 835 2907 30
867 2846 1034 2917 solidis}
1073 2876 1180 2919 quae
1211 2863 1354 2906 omnia
1382 2877 1460 2921 per
1490 2877 1640 2907 manus

172 2951 198 2972 a.
228 2944 279 2979 Cf.
300 2954 393 2981 supra
412 2953 444 2981 p.
460 2942 499 2972 95
522 2954 548 2972 n.
567 2954 596 2972 a.

137 2997 241 3032 Jnrfi,
264 3001 454 3029 Bibliotheca
475 3001 498 3029 1.
1312 2999 1332 3035 7
