1924 3288
510 219 710 251 wmALm
738 219 988 251 EPISTOLAE
1018 219 1090 250 289.
1114 219 1184 250 290.
1543 208 1631 252 417

59 311 391 360 walciodorensi
421 315 696 370 constitutus3
737 318 924 359 vestram
954 328 1054 360 vero
1086 314 1332 360 aecclesiam
1363 315 1500 360 eidem
1539 329 1632 360 aec-
1705 318 1799 355 1150

59 391 213 436 clesiae
243 392 458 437 subditam
488 396 531 438 et
561 393 748 438 eiusdem
777 393 860 438 loci
892 394 1043 438 abbate
1074 396 1313 438 contentam
1344 407 1435 438 esse
1466 393 1633 450 debere,
1643 368 1856 408 Aug-⁸⁰¹*

59 469 203 515 nullus
231 473 297 516 est
327 471 400 528 qui
421 471 619 527 ambigat.
667 471 754 516 Nos
775 472 919 528 igitur,
953 473 1025 529 qui
1046 471 1097 516 de
1117 485 1293 516 numero
1313 471 1497 516 filiorum
1516 471 1632 517 Wal-

61 548 318 594 ciodorensis
357 549 556 594 ecclesiae
595 563 760 606 sumus,
807 553 970 595 vestros
1017 564 1182 607 quoque
1218 551 1372 595 fratres
1416 564 1494 594 nos
1542 564 1645 597 esse

62 630 383 684 cognoscentes,
421 627 500 672 hoc
534 627 803 672 universitati
840 631 1007 673 vestrae
1049 628 1272 673 consilium
1301 629 1531 685 mittimus,
1571 632 1633 685 ut,

64 706 310 762 quantocius
340 706 533 764 potestis,
565 706 619 750 ad
649 719 798 764 pacem
829 710 872 751 et
902 707 1170 751 concordiam
1200 721 1295 751 cum
1324 707 1475 752 abbate
1492 710 1635 752 vestro

64 785 108 828 ct
134 783 349 829 fratribus
363 785 503 829 redire
522 784 744 841 festinetis,
776 786 963 830 contenti
983 786 1284 830 consuetudine
1307 789 1350 830 et
1368 786 1494 830 rebus
1515 785 1636 830 vobis

65 861 92 906 a
118 862 311 920 patribus
341 863 492 907 vestris
524 864 785 919 constitutis3
825 878 962 921 neque
1001 864 1114 908 enim
1148 864 1345 909 meliores
1377 865 1478 908 estis
1510 877 1637 920 quam

64 943 207 998 patres
237 941 381 985 vestri.
430 940 477 985 Si
509 944 650 986 autem
681 942 820 1000 primo
845 942 1110 987 discretionis
1141 946 1312 986 nostrae
1343 942 1565 986 consilium
1597 945 1639 986 et

64 1017 229 1064 litteras
261 1019 551 1077 accepissetis,
584 1034 852 1078 nequaquam
862 1028 889 1077 ⁸,
920 1025 969 1065 ut
1001 1022 1231 1078 credimus,
1271 1024 1439 1065 tantum
1469 1034 1638 1079 proces-

66 1096 193 1142 sisset
221 1110 349 1142 causa
376 1101 540 1155 vestra,
579 1112 716 1156 neque
755 1099 858 1143 odor
887 1099 1022 1144 bonae
1053 1099 1263 1157 opinionis
1294 1102 1460 1143 vestrae
1490 1113 1638 1143 versus

65 1174 216 1220 fuisset
250 1175 298 1220 in
331 1176 521 1221 fetorem.
570 1176 748 1233 Quodsi,
789 1177 975 1222 consiliis
1014 1178 1172 1222 nostris
1213 1178 1545 1234 acquiescentes,
1586 1178 1640 1221 ad

66 1254 186 1312 pacis
216 1257 260 1298 et
289 1255 534 1299 concordiae
565 1255 773 1299 unitatem
811 1256 1098 1313 tetenderitis,
1136 1259 1327 1300 nostram
1358 1256 1491 1300 artius
1521 1255 1640 1300 beni—

67 1332 296 1377 volentiam
332 1333 645 1391 consequemini
681 1337 724 1377 et
761 1333 968 1378 bonorum
1005 1334 1188 1379 filiorum
1221 1338 1263 1378 et
1291 1334 1472 1378 fratrum
1502 1334 1640 1378 locum

70 1413 113 1455 et
139 1424 295 1456 nomen
325 1412 438 1470 apud
465 1426 543 1456 nos
575 1412 833 1469 optinebitis.
883 1412 959 1456 Sin
991 1417 1145 1470 autem,
1176 1414 1223 1457 in
1250 1416 1393 1457 vestra
1421 1416 1641 1456 manentes

68 1490 315 1547 pertinacia,
345 1490 503 1534 nostris
532 1490 706 1534 monitis
737 1490 975 1535 salubribus
1006 1505 1091 1535 non
1121 1490 1417 1548 obaudieritis,
1459 1505 1512 1535 ex
1541 1494 1643 1534 tunc

72 1566 126 1611 ad
155 1568 413 1612 audientiam
443 1569 587 1612 domni
623 1582 761 1626 papae
791 1583 865 1613 vos
906 1569 1190 1627 appellamus,
1231 1573 1274 1613 et
1304 1570 1416 1613 diem
1446 1570 1566 1613 vobis
1596 1569 1643 1612 in

71 1645 387 1691 circumcisione
407 1643 605 1690 Domini¹
633 1646 893 1704 prefigimus,
924 1648 987 1691 ita
1005 1648 1182 1705 paratis,
1214 1651 1276 1705 ut,
1308 1648 1360 1692 de
1392 1648 1542 1705 quibus
1567 1660 1642 1691 vos

71 1723 494 1782 interpellaverimus,
524 1725 646 1769 nobis
676 1726 979 1783 respondeatis.

77 1876 194 1926 290.
220 1881 433 1925 Wibaldus
454 1897 480 1924 a
503 1881 713 1940 Stephano
737 1882 927 1939 episeopo
951 1882 1126 1926 Metensi
1146 1884 1266 1940 petit,
1299 1890 1344 1925 ut
1366 1882 1646 1926 Hasterienses

225 1959 416 2002 ecclesiae
446 1959 770 2002 Walciodorensi
791 1975 949 2017 parere
980 1968 1110 2018 coyat.
1427 1958 1500 2014 (M.
1525 1959 1643 2013 271.)

194 2047 438 2092 Reverendo
468 2049 581 2106 patri
614 2062 688 2092 suo
718 2051 760 2092 et
788 2048 957 2092 domino
981 2048 1230 2106 S(tephan0)
1254 2051 1423 2093 sanctae
1443 2048 1644 2093 Metensis
1719 2056 1813 2092 1150

78 2125 277 2170 ecclesiae
297 2125 528 2170 venerabili
549 2125 745 2184 episcopo
765 2126 896 2170 frater
916 2126 1169 2182 W(ibaldus)
1193 2127 1275 2171 Dei
1295 2128 1434 2183 gratia
1452 2127 1510 2184 id,
1534 2127 1647 2184 quod
1658 2106 1774 2144 ΑΨ-
1786 2106 1871 2145 80Ρί

79 2207 144 2248 est
162 2204 208 2247 in
233 2203 436 2248 aecclesia
462 2203 680 2260 catholica,
702 2205 876 2260 exiguas
898 2205 1108 2248 orationes
1131 2208 1173 2248 et
1194 2205 1392 2250 devotum
1413 2206 1644 2250 servitium.

131 2300 134 2307 ·
197 2281 344 2338 Novit,
383 2282 612 2325 reverende
650 2285 792 2339 pater,
831 2286 973 2327 vestra
1008 2284 1254 2341 prudentia,
1294 2284 1406 2341 quod
1437 2284 1489 2328 ab
1519 2284 1646 2328 inicio

80 2358 315 2404 dilectionis
345 2363 523 2416 vestrae,
557 2373 680 2415 quam
709 2359 831 2404 nobis
854 2361 1120 2405 familiariter
1142 2361 1291 2406 offerre
1312 2363 1509 2418 dignatus
1531 2362 1647 2418 estiS,

81 2438 242 2482 sincere
271 2437 468 2482 karitatis
501 2436 652 2481 affectu
682 2451 756 2481 vos
789 2441 830 2481 et
859 2442 1002 2482 vestra
1032 2440 1176 2483 omnia
1206 2440 1430 2484 dileximus
1463 2443 1524 2495 et,
1555 2440 1648 2484 ubi-

81 2528 244 2573 cunque
272 2515 461 2560 locorum
490 2515 662 2570 fuimus,
692 2515 842 2558 honori
865 2529 1070 2572 personae
1101 2521 1144 2561 et
1165 2517 1365 2562 ecclesiae
1386 2521 1550 2561 vestrae
1570 2531 1648 2574 pro

81 2593 251 2638 modulo
287 2596 431 2638 nostro
464 2593 688 2637 astitimus
740 2591 806 2636 Ea
842 2591 1093 2637 confidentia
1128 2596 1427 2652 paternitatem
1465 2599 1650 2639 vestram

82 2672 248 2729 precari
279 2672 480 2716 audemus
518 2674 560 2715 et
591 2673 807 2714 exoratam
845 2684 936 2714 esse
969 2671 1251 2728 deposcimus,
1292 2673 1488 2729 quatinus
1521 2672 1651 2716 eccle-

85 2749 193 2793 siam
207 2749 604 2805 Walciodorensem,
627 2762 733 2806 quae
753 2748 874 2792 nobis
890 2749 1157 2805 naufragium
1177 2750 1325 2793 mundi
1344 2750 1468 2794 huius
1488 2751 1651 2806 fugien-

85 2827 198 2871 tibus
236 2827 427 2872 habitum
461 2827 753 2872 monachicum
783 2826 921 2871 induit
929 2823 958 2883 ²,
997 2826 1042 2870 in
1079 2841 1157 2871 sua
1193 2827 1363 2872 iusticia
1401 2832 1444 2872 et
1478 2828 1650 2884 honore,

184 2931 211 2954 a.
238 2932 368 2963 nequam
389 2937 415 2955 c.

183 2982 216 3017 1.
242 2982 332 3018 1151
358 2982 434 3018 Ian.
454 2983 487 3018 1.
583 2982 618 3018 2.
643 2991 740 3018 anno
758 2980 848 3017 1117
875 2980 978 3017 Mart.
999 2981 1055 3017 19.
1081 2980 1126 3018 V.
1146 2981 1228 3018 Not.
1249 2980 1390 3018 Stabul.
1411 2991 1521 3027 supra
1537 2992 1573 3027 p.
1593 2982 1648 3017 74.

149 3046 254 3080 Jun'.
277 3049 467 3077 Bibliotheca
489 3049 511 3077 1.
1322 3048 1367 3084 27
