1924 3288
518 207 717 240 wmALm
745 205 994 239 nms'ronAn
1023 204 1093 235 231.
1118 203 1188 234 232.
1547 185 1631 231 351

73 305 215 352 valere
249 317 510 350 eonsensum.
573 303 643 347 Ad
679 302 990 348 reformandam
1026 301 1169 357 itaque
1206 296 1451 354 religionem
1490 296 1533 338 et
1569 307 1636 337 re·
1673 295 1767 332 1150

75 383 348 430 staurandum
386 383 506 439 regni
534 382 735 426 honorem
764 380 1016 438 prefecimus
1048 378 1185 422 eidem
1214 374 1468 420 monasterio
1498 373 1637 416 virum
1662 375 1780 406 Febr·2

74 461 357 508 venerabilem
386 474 436 505 ac
463 460 707 516 religiosum
737 458 942 503 Eilulfum
963 457 1249 502 Erliacensem
1279 454 1486 508 abbatem,
1519 450 1638 494 cuius

76 541 291 586 annitente
319 539 527 583 industria
556 538 792 596 predictum
819 536 1120 581 monasterium
1141 535 1193 579 ab
1215 531 1399 590 antiquis
1420 529 1639 588 spurciciis

76 619 336 664 emundetur.
398 617 518 670 Quod
554 617 713 660 factum
750 619 798 659 ut
837 629 862 659 a
891 618 1056 659 vestrae
1087 612 1321 658 sanctitatis
1351 608 1640 654 benedictione

75 697 314 752 roboretur,
355 698 513 740 attente
551 694 759 739 monendo
790 707 1008 750 rogamus3
1047 705 1125 736 nec
1154 689 1363 735 inclinetis
1395 701 1540 732 aurem
1569 699 1640 730 ve-

77 778 210 820 stram
243 773 482 819 cursoribus
511 772 597 816 illis
626 771 1022 830 pseudomonachiS,
1061 770 1133 828 qui
1163 770 1407 827 episcopum
1435 765 1640 810 Basilien-

77 867 179 910 sem,
210 852 340 896 nichil
369 852 421 897 de
451 851 598 896 eodem
619 851 787 906 negotio
806 853 1073 905 tractantem,
1106 848 1160 892 ad
1179 850 1365 892 vestram
1383 844 1640 903 presentiam

78 930 406 990 appellaverunt.
450 929 622 974 Etenim
650 932 740 973 tam
768 929 1018 973 temerariae
1048 926 1365 985 provocationes
1394 927 1529 968 totam
1550 935 1642 966 aec-

78 1009 354 1055 clesiasticam
385 1008 651 1066 disciplinam
682 1007 929 1052 subvertunt
959 1010 1002 1051 et
1025 1019 1191 1050 omnem
1210 1004 1314 1048 iuris
1336 1002 1525 1047 ordinem
1545 1014 1643 1045 con-

78 1088 272 1132 fundunt.
369 1086 567 1131 Preterea
597 1085 898 1130 sublimitatem
918 1088 1102 1129 vestram
1131 1083 1280 1127 intime
1300 1095 1510 1137 rogamus,
1543 1093 1644 1136 qua-

79 1167 193 1211 tinus
231 1166 440 1224 quendam
475 1165 655 1209 liberum
691 1164 905 1208 hominem
942 1166 1133 1207 nostrum
1165 1161 1385 1216 Ottonem,
1425 1159 1497 1216 qui
1533 1157 1645 1215 apud

79 1248 262 1290 vestram
294 1244 589 1289 discretionem
606 1243 833 1287 infamatus
854 1245 930 1298 est,
963 1241 1074 1299 quod
1093 1240 1312 1285 cuiusdam
1332 1238 1475 1283 clerici
1494 1235 1645 1282 Wirci-

79 1323 312 1380 burgensis,
344 1322 527 1368 Conradi
556 1321 764 1377 videlicet,
794 1333 944 1364 nasum
974 1318 1246 1374 truncaverit,
1278 1317 1330 1361 ab
1362 1314 1645 1360 excommuni-

81 1402 242 1446 catione
274 1401 433 1446 absolvi
461 1400 645 1455 faciatis3
679 1399 889 1457 quoniam,
922 1398 973 1442 ab
995 1397 1140 1442 eodem
1160 1396 1310 1440 clerico
1342 1408 1469 1452 super
1500 1393 1647 1437 eadem

81 1493 128 1525 re
156 1480 199 1526 in
230 1483 376 1524 nostra
405 1479 521 1524 curia
549 1477 756 1536 pulsatus,
786 1476 940 1520 iudicio
961 1476 1097 1532 gentis
1119 1489 1220 1519 suae
1241 1477 1283 1519 et
1302 1476 1472 1517 nostrae
1492 1472 1646 1527 curiae,

83 1558 194 1616 quod
213 1558 412 1603 innocens
433 1561 556 1613 esset,
581 1555 880 1613 comprobavit.
924 1553 1003 1598 Cui
1024 1553 1179 1598 actioni
1198 1552 1309 1596 filius
1329 1555 1483 1608 vester,
1504 1554 1649 1595 noster

82 1636 227 1694 utique
258 1636 430 1692 amicus,
462 1634 598 1680 Guido
629 1633 853 1679 cardinalis
867 1629 878 1650 ¹
907 1632 1110 1677 interfuit.

88 1813 204 1862 232.
246 1816 457 1860 Wibaldus
486 1814 677 1873 Enyenio
706 1814 789 1857 III
805 1829 951 1872 papae
983 1813 1033 1856 de
1065 1811 1251 1870 Weffone
1282 1818 1401 1869 capto
1431 1810 1649 1869 siqmflcat.

1434 1879 1505 1935 (M.
1530 1880 1648 1934 218.)

204 1964 445 2009 Reverendo
476 1964 590 2021 patri
620 1976 693 2006 suo
726 1965 767 2007 et
797 1962 965 2006 domino
992 1960 1216 2017 E(ugenio)
1246 1959 1322 2003 uni
1352 1962 1394 2003 et
1422 1957 1650 2003 universali
1676 1962 1769 1998 1150

86 2043 276 2101 pontifici
305 2043 436 2086 frater
466 2040 717 2095 W(ibaldus)
749 2040 830 2084 Dei
861 2043 902 2083 et
932 2043 1073 2084 vestra
1102 2038 1240 2095 gratia
1268 2037 1334 2094 id,
1371 2037 1483 2094 quod
1513 2040 1577 2082 est
1605 2036 1650 2079 in
1678 2012 1766 2044 Febr.

89 2121 290 2166 aecclesia
319 2119 536 2175 catholica,
569 2133 614 2164 se
643 2120 784 2176 ipsum
816 2122 858 2162 et
888 2132 965 2162 sua
993 2117 1201 2161 universa.

206 2198 434 2257 Apostolus
456 2197 659 2241 Iohannes
682 2197 802 2241 dicit:
824 2198 926 2240 Non
948 2197 1173 2254 diliqamue
1194 2195 1316 2238 verbo
1336 2209 1468 2251 neque
1490 2194 1649 2251 linqua,

90 2287 147 2322 eet
179 2293 300 2336 opere
331 2286 369 2321 et
396 2272 601 2320 veritate².
648 2275 734 2318 Nos
760 2274 903 2330 igitur,
933 2273 1102 2318 illorum
1132 2273 1346 2317 imitantes
1378 2271 1651 2327 diligentiam,

92 2355 164 2412 qui
192 2368 328 2412 pauca
356 2354 472 2411 loqui
503 2358 545 2398 et
573 2353 698 2411 plura
726 2353 862 2397 facere
893 2355 1218 2408 consueverunt,
1248 2364 1344 2394 raro
1376 2353 1540 2394 vestrae
1570 2349 1652 2393 cel-

92 2433 266 2477 situdini
304 2433 490 2477 studium
528 2445 576 2475 ac
606 2431 869 2475 devotionem
899 2434 1088 2474 nostram
1118 2430 1230 2474 circa
1259 2443 1332 2473 vos
1365 2431 1407 2472 et
1437 2440 1653 2471 sacrosan-

92 2513 203 2555 ctam
239 2514 419 2555 matrem
455 2514 643 2554 nostram
678 2508 910 2552 Romanam
949 2508 1193 2552 aecclesiam
1231 2507 1518 2565 predicamus,
1559 2519 1654 2549 cum

94 2592 235 2633 tamen
266 2589 495 2632 cottidiana
525 2592 567 2632 et
598 2586 766 2631 assidua
795 2586 996 2629 instantia
1028 2585 1217 2630 sedulum
1249 2585 1303 2628 ad
1333 2585 1446 2628 beati
1468 2583 1583 2628 Petri
1614 2586 1656 2627 et

94 2670 277 2711 vestram
320 2666 566 2711 fidelitatem
615 2664 833 2709 servitium
877 2663 1074 2707 exhibere
1121 2677 1206 2707 non
1252 2675 1482 2716 cessemus3
1531 2661 1654 2718 quod,

94 2748 307 2803 prestante
338 2745 533 2800 Domino,
564 2746 727 2788 vestrae
759 2741 1008 2785 beatitudini
1037 2754 1114 2798 per
1144 2741 1247 2785 alias
1280 2740 1529 2784 excellentes
1558 2753 1655 2797 per-

96 2837 218 2868 sonas
257 2826 401 2867 notum
443 2823 533 2867 fore
571 2836 656 2865 non
693 2820 943 2864 dubitamus.
1069 2818 1114 2862 Si
1151 2819 1252 2875 quid
1289 2832 1387 2862 vero
1426 2818 1478 2862 de
1515 2817 1654 2874 rebus,

191 2912 223 2947 1.
241 2911 333 2947 diac.
349 2910 446 2947 card.
462 2909 498 2947 S.
513 2910 648 2946 Mariae
665 2909 703 2944 in
720 2908 882 2954 porti0u3
902 2917 1009 2952 quem
1028 2906 1087 2943 die
1099 2907 1143 2942 21
1158 2905 1256 2953 Aug.
1271 2906 1362 2943 1149
1379 2906 1417 2942 in
1432 2906 1534 2942 curia
1544 2906 1655 2942 Fran-

97 2969 298 3008 cofurtensi
315 2970 440 3016 fuisse,
458 2970 566 3007 docet
582 2969 707 3006 tabula
724 2968 762 3005 in
778 2968 873 3004 Mon.
890 2966 1011 3004 Germ.
1026 2967 1139 3013 Legg.
1155 2966 1202 3002 II.
1216 2967 1297 3002 565.
1370 2966 1404 3002 2.
1424 2967 1442 3002 1
1459 2966 1537 3003 Ioh.
1550 2967 1583 3013 3,
1599 2967 1655 3004 18.
