1924 3288
309 188 395 232 352
750 200 949 231 wmALm
977 199 1225 231 nprsromn
1253 199 1324 230 232.
1347 199 1416 230 233.

190 298 283 334 1150
308 308 415 352 quae
443 294 498 339 ad
526 308 600 339 vos
630 295 864 352 pertinent,
903 294 1015 352 apud
1042 294 1234 339 inclitum
1262 293 1397 338 filium
1424 297 1620 339 vestrum
1642 293 1856 339 dem'm'n

253 357 496 417 ”nostrum
530 372 815 416 Romanorum
859 386 1003 428 regem
1045 371 1248 417 finaliter·
1285 376 1396 416 esset
1439 371 1859 427 deliberatm‚m

307 450 462 508 absque
482 464 623 494 morae
642 450 883 508 prolixioris
902 450 1220 507 interpositione
1240 463 1315 494 seu
1335 463 1412 507 per
1429 453 1619 494 nostram
1635 452 1860 507 personam

307 542 381 572 seu
417 542 493 585 per
530 528 688 586 scripta
723 532 869 572 nostra
897 528 1016 572 vobis
1054 528 1250 572 intimare
1280 527 1503 584 vigilanter
1538 526 1859 572 curavissemus.

307 605 426 658 Quod
455 606 596 662 etiam,
627 620 722 650 cum
749 607 907 650 factum
925 606 1065 662 fuerit,
1095 605 1296 663 perficere
1322 605 1638 650 maturabimus.
1707 602 1862 648 ‹Gerta

309 684 437 727 etiam
466 684 522 727 sit
540 687 681 728 vestra
699 684 927 740 beatitudO,
960 683 1084 741 quod,
1114 683 1160 727 in
1188 687 1390 741 quantum
1408 683 1522 728 valet
1538 681 1861 729 nostramedioe

308 761 435 805 critas
465 765 508 806 et
536 762 582 805 in
612 766 815 819 quantum
845 762 990 806 divina
1018 761 1239 806 clementia
1266 762 1387 806 nobis
1419 761 1532 819 apud
1549 759 1862 806 serenissimum

307 839 542 897 principem
572 841 732 896 gratiae
763 844 805 885 et
833 839 1044 884 facultatis
1074 839 1262 896 indulsit,
1292 843 1474 884 mentem
1501 838 1635 896 ipsius
1665 839 1708 882 et
1734 836 1863 882 verba

310 920 352 961 et
382 931 503 962 omne
540 931 644 976 opus
684 918 739 962 ad
776 918 1041 962 dilectionem
1080 921 1122 961 et
1158 918 1436 962 reverentiam
1465 919 1642 978 vestrae·
1656 927 1862 974 personae

309 998 352 1038 et
380 995 580 1040 honorem
611 1001 899 1041 sacrosanctae
929 996 1077 1040 matris
1110 1009 1209 1039 suae
1231 994 1443 1039 Romanae
1471 993 1708 1050 aecclesiae,
1737 992 1808 1038 cui
1832 1006 1863 1036 a

308 1072 398 1116 Deo
430 1073 622 1118 defensor
651 1074 868 1118 ordinatus
907 1074 1072 1129 existit,
1109 1073 1421 1117 mansuefacere
1460 1075 1502 1116 et
1538 1071 1742 1116 inclinare
1776 1072 1863 1115 11011

310 1150 561 1195 desistimus.
682 1151 789 1195 Cum
817 1152 920 1196 haec
951 1151 1098 1209 Spirae
1127 1152 1174 1195 in
1203 1152 1320 1195 curia
1350 1149 1492 1194 domni
1520 1149 1632 1205 regis
1661 1148 1863 1197 scribere-

309 1242 416 1285 mus,
445 1232 618 1287 repente
647 1229 893 1273 nunciatum
924 1233 988 1274 est
1017 1230 1151 1286 nobis,
1184 1229 1294 1286 quod
1309 1227 1458 1272 Guelfo
1488 1230 1637 1285 captus
1667 1216 1865 1283 essogaet

310 1305 574 1351 Godeboldus
605 1310 648 1351 et
675 1307 799 1351 multi
829 1307 880 1351 de
909 1307 1112 1352 militibus
1144 1307 1233 1351 eius
1263 1307 1309 1350 in
1335 1305 1468 1363 prelio
1489 1304 1735 1350 cecidissent
1744 1300 1771 1360 ¹,
1799 1303 1863 1347 di-

309 1385 490 1428 micante
512 1388 657 1429 contra
678 1399 774 1429 eum
794 1385 938 1428 inclito
960 1384 1045 1428 filio
1067 1387 1206 1429 vestro
1227 1384 1390 1428 iuniore
1409 1397 1520 1439 rege,
1550 1382 1710 1427 domini
1727 1381 1865 1426 nostri

309 1463 421 1518 regis
449 1461 548 1506 filio.
594 1462 675 1506 Per
706 1463 816 1519 quod
846 1462 1089 1506 confidimus
1126 1461 1411 1519 complanatas
1451 1474 1543 1505 6886
1581 1473 1724 1504 omnes
1754 1457 1864 1503 diffi-

310 1540 505 1597 cultates,
545 1554 624 1597 que
653 1540 902 1584 videbantur
942 1540 1144 1584 obsistere
1174 1539 1228 1583 ad
1256 1539 1476 1583 introitum
1505 1538 1649 1583 domni
1676 1537 1789 1593 regis
1804 1536 1863 1590 »1η

311 1617 487 1662 Italiam.
1786 1639 1792 1643 -

315 1770 431 1818 233.
458 1772 721 1817 Her-mannus
772 1775 984 1831 episcopus
1031 1773 1343 1816 constantiensis
1386 1771 1618 1815 Wibaldum
1664 1770 1863 1825 hortatur,

461 1859 577 1909 ayat,
616 1859 661 1894 ut
689 1850 908 1894 Heinrious
946 1851 1268 1908 corosanquineus
1299 1865 1396 1892 suus
1426 1865 1447 1892 e
1476 1847 1673 1907 Welfom's
1702 1862 1865 1891 carcere

460 1929 663 1972 liberetur.
1649 1922 1722 1979 (M.
1746 1922 1863 1978 185.)

198 2023 290 2060 1150
431 2016 656 2072 W(ibaldo)
686 2015 768 2060 Dei
797 2017 934 2072 gratia
953 2015 1182 2061 venerabili
1211 2015 1352 2060 abbati
1381 2013 1623 2060 corbeiensi
1642 2013 1865 2068 Herman-

198 2074 285 2104 ΜΕ
314 2095 409 2150 11118)
433 2095 579 2139 eadem
599 2094 737 2150 gratia
756 2093 1088 2138 Constantiensis
1114 2093 1336 2138 aecclesiae
1356 2092 1525 2138 humilis
1545 2091 1749 2148 minister,
1767 2103 1867 2136 cum

313 2171 428 2217 fideli
457 2172 653 2230 obsequio
683 2172 854 2216 devotas
885 2172 1093 2216 orationes
1122 2173 1169 2216 in
1197 2171 1390 2215 Domino·

431 2249 514 2294 Pro
544 2263 614 2306 eo,
650 2250 762 2307 quod
791 2250 949 2294 domini
978 2250 1112 2294 nostri
1141 2250 1252 2305 regis
1282 2249 1422 2292 curiae
1451 2247 1505 2291 ad
1534 2259 1727 2304 presens,
1757 2245 1867 2290 sicut

314 2327 464 2372 decens
494 2330 571 2383 est,
601 2328 827 2383 interestis,
858 2341 942 2371 non
971 2327 1238 2372 mediocriter
1266 2326 1399 2382 gavisi
1429 2337 1584 2369 sumus.
1637 2323 1866 2368 Discretio-

315 2420 412 2450 nem
441 2406 595 2450 etenim
624 2409 808 2449 vestram
838 2405 937 2449 licet
966 2406 1011 2448 in
1041 2405 1184 2448 multis
1200 2403 1378 2461 vexperti
1406 2402 1551 2457 simus,
1580 2414 1692 2445 nunc
1719 2399 1867 2459 procul

316 2484 455 2541 dubio,
486 2486 688 2541 quantum
710 2483 972 2528 discretionis
1002 2486 1166 2526 vestrae
1194 2482 1328 2526 virtus
1357 2479 1506 2535 valeat,
1538 2478 1720 2536 experiri
1748 2477 1867 2535 cupi-

315 2575 431 2618 mus3
476 2564 525 2605 ut
559 2560 753 2606 videlicet
796 2561 840 2603 in
877 2560 1063 2617 presenti
1099 2558 1378 2617 prosperitate
1422 2557 1483 2601 816
1516 2559 1662 2610 vestro=
1693 2555 1864 2600 consilio

317 2639 612 2684 dilectissimus
641 2637 833 2682 dominus
863 2642 1005 2682 noster
1033 2642 1189 2693 utatur,
1220 2637 1330 2681 unde
1358 2634 1547 2679 fidelibus
1577 2633 1696 2689 regni
1724 2632 1864 2678 nobis-

318 2731 411 2774 que,
441 2731 518 2775 pre
546 2715 695 2761 ceteris
726 2729 850 2772 quam
880 2716 1073 2773 plurimis
1096 2716 1295 2759 honorem
1314 2713 1433 2768 regni
1453 2711 1734 2767 diligentibus,
1763 2723 1865 2766 gau-

318 2794 434 2839 dium
471 2796 691 2850 augeatur,
727 2791 825 2836 filiis
862 2797 1000 2837 autem
1030 2794 1206 2851 perditis
1238 2796 1280 2837 61
1307 2789 1554 2849 perditionis
1584 2792 1720 2834 terror
1747 2787 1865 2832 incu-

414 2898 442 2920 ι.
467 2892 513 2922 cic
532 2901 571 2920 cz
589 2888 721 2920 fideliter
740 2894 899 2919 correctum
920 2895 965 2919 est
985 2890 1015 2919 in
1037 2900 1063 2919 e.

413 2948 445 2985 1.
473 2948 565 2983 1150
587 2947 696 2984 Febr.
711 2947 744 2983 8.
