1924 3288
306 169 392 215 248
808 181 1007 213 wmAnm
1035 180 1253 214 Emsrom
1284 181 1354 212 ιω.

82 280 293 318 1147-1148
306 277 434 321 etiam
462 276 726 321 familiariter
757 279 880 333 atque
910 276 955 320 in
985 276 1076 320 cibo
1107 280 1150 321 et
1178 279 1281 334 potu
1312 278 1354 320 et
1381 289 1528 322 somno
1557 280 1857 335 tanquan-201,

306 354 470 399 stodem
499 354 686 411 corporis
715 353 958 410 habuimus,
998 367 1121 411 quem
1151 355 1279 399 etiam
1307 353 1486 411 honore,
1522 355 1859 417 possessione-et

305 431 479 475 honesto
499 431 765 475 matrimonio
786 431 1113 476 sublimavimus.
1203 431 1387 475 Puerum
1407 431 1614 489 quendam
1631 432 1859 491 reliquant

307 508 518 564 Corbeiae,
548 507 682 552 filium
713 509 868 553 sororis
899 523 1012 566 suae,
1042 509 1116 554 illo
1135 509 1368 553 nativitatis
1400 509 1546 554 ordine
1573 510 1779 568 genitum,
1804 511 1858 557 dc

307 600 387 643 quo
418 586 530 642 leges
563 588 605 630 et
632 589 802 644 patrum
830 587 1024 631 instituta
1053 587 1294 642 decernunt,
1325 589 1374 630 ut
1398 586 1444 630 in
1464 587 1685 644 ergastulis
1713 601 1858 641 mom*

307 664 529 708 steriorum
560 663 620 708 sic
650 664 840 722 concepti
868 664 1150 720 retrudantur,
1181 678 1305 722 quem
1324 664 1417 722 ipse
1437 664 1483 708 in
1501 666 1755 711 monasterio
1769 665 1858 711 col-

306 741 444 786 locare
472 742 737 798 nequiverat;
768 745 833 786 set
859 755 937 786 nos
967 755 1063 786 eum
1091 741 1247 786 intuitu
1268 742 1432 786 divinae
1459 743 1859 790 retributionistom

307 822 494 863 soratum
526 822 568 863 et
597 820 859 864 vestimentis
883 819 1052 876 reg-ulae
1081 819 1273 863 indutum
1304 818 1476 876 collegio
1505 820 1683 865 fratrum
1712 835 1859 879 aggre-

191 904 283 940 1148
306 897 509 952 gavimus.
625 896 800 949 Quidam
833 912 886 942 ex
916 898 990 954 eis,
1022 897 1171 954 quibus
1202 910 1335 954 nuper
1364 897 1654 943 reconciliatus
1684 901 1761 956 est,
1791 899 1860 944 cui

306 975 546 1032 frequenter
572 974 732 1030 legatos
763 975 927 1031 dirigit,
965 975 1085 1031 gravi
1115 988 1209 1018 eum
1238 974 1493 1030 ignominiae
1521 976 1705 1021 cauterio
1735 977 1859 1026 adun-

308 1057 439 1109 serat,
478 1053 681 1110 quasdam
718 1052 814 1097 edes
854 1067 986 1110 prope
1016 1052 1316 1096 monasterium
1347 1052 1595 1098 destruendo
1626 1056 1669 1099 et
1695 1053 1860 1100 inhabi-

307 1134 445 1175 tantes
475 1131 522 1175 in
553 1131 612 1175 eis
644 1130 696 1174 ab
725 1130 917 1186 ingressu
947 1130 1192 1174 monasterii
1222 1130 1420 1185 arcend03
1452 1144 1578 1187 quam
1595 1135 1740 1177 notam
1760 1146 1859 1190 snm,

306 1208 579 1252 humanitatis
617 1208 868 1252 verecundia
906 1207 1126 1264 suadente,
1170 1206 1335 1251 abolere
1371 1207 1672 1254 festinavimus.
1738 1209 1861 1255 Hunc

306 1286 445 1330 locum
466 1286 754 1330 erubescentes
775 1289 899 1342 atque
920 1288 1161 1329 cunctantes
1183 1285 1425 1341 attingimus
1445 1289 1618 1344 propter
1636 1286 1742 1332 illud
1761 1301 1861 1346 apo-

309 1363 426 1407 stoli:
460 1363 736 1408 Considamus
756 1373 794 1408 te
812 1367 965 1422 ipsum,
997 1379 1049 1407 ne
1069 1372 1107 1407 et
1126 1372 1170 1407 tu
1190 1366 1397 1421 temptem
1410 1360 1442 1415 ¹,-
1472 1367 1532 1408 et:
1567 1364 1654 1420 Qui
1671 1374 1766 1420 etat,
1795 1366 1860 1410 υό-

309 1443 405 1486 deat
431 1457 484 1485 ne
514 1438 671 1486 oadat².
732 1441 839 1485 Illud
858 1455 971 1497 ver0,
1003 1441 1114 1498 quod
1143 1440 1242 1484 licet
1266 1454 1418 1484 munus
1438 1441 1578 1498 fuerit,
1607 1455 1693 1487 non
1719 1445 1862 1488 tamen

311 1519 337 1563 a
364 1519 485 1563 nobis
515 1518 760 1563 beneficium
790 1522 1026 1576 reputatur,
1061 1518 1386 1576 pretereundum
1413 1522 1631 1576 putamus,
1667 1519 1863 1565 videlicet

155 1610 228 1641 nee.
248 1610 287 1642 29
310 1596 421 1653 quod
451 1597 476 1640 a
504 1596 625 1640 nobis
654 1597 831 1641 vestitus
861 1597 943 1640 fuit
971 1596 1130 1640 cunctis
1161 1595 1395 1653 duplicibus
1429 1596 1574 1640 eadem
1604 1597 1693 1654 die,
1724 1611 1816 1655 qun.>
1836 1597 1863 1642 ά

310 1674 544 1718 summissis
572 1673 806 1718 latronibus
836 1674 968 1718 vitam
997 1674 1084 1718 fere
1115 1687 1211 1717 cum
1240 1672 1411 1718 caballis
1441 1674 1669 1718 amisimus.
1758 1673 1862 1720 Pro-

309 1755 455 1809 pterea
485 1752 731 1796 detestanda
760 1755 824 1796 est
854 1751 1045 1808 ambicio,
1077 1765 1182 1808 quae
1212 1751 1365 1795 mentis
1386 1751 1550 1796 oculum
1571 1755 1725 1809 caecat,
1756 1765 1862 1811 quac

310 1829 525 1885 religionis
554 1829 753 1873 intuitum
782 1830 987 1886 tenebrat,
1017 1843 1124 1886 quae
1153 1828 1235 1872 Dei
1263 1829 1458 1873 timorem
1488 1832 1530 1874 et
1558 1829 1774 1874 hominum
1793 1843 1862 1876 re-

310 1908 541 1952 verentiam
572 1907 772 1951 annullat.
865 1907 899 1951 O
932 1907 1107 1952 altitudo
1139 1907 1270 1951 divini
1300 1907 1482 1952 consilii!
1544 1906 1580 1951 Ο
1609 1907 1861 1965 profundum

310 1985 564 2030 iustissimae
593 1985 902 2043 providentiae!
965 1984 999 2029 O
1030 1985 1340 2041 investigabiles
1370 1985 1463 2030 viae
1492 1984 1592 2029 Dei!
1646 1983 1760 2028 Dum
1786 1983 1861 2030 ho·-

311 2077 457 2107 norem
481 2063 636 2107 conscii
663 2063 903 2119 fiagilitatis
930 2062 1141 2119 reicimus,
1172 2062 1343 2107 consilio
1366 2063 1506 2107 divino
1527 2061 1735 2119 capimur3
1766 2074 1862 2107 cum

313 2140 367 2184 ad
397 2141 579 2197 quietem
608 2140 681 2184 diu
702 2141 980 2185 desideratam
1001 2143 1043 2184 et
1062 2153 1235 2198 corpore
1254 2144 1297 2184 et
1316 2141 1454 2184 animo
1474 2139 1699 2196 tendimus,
1729 2142 1862 2184 aeter-

311 2232 390 2262 nae
404 2218 693 2276 providentiae
707 2219 862 2262 iudicio
882 2218 1045 2262 labores
1065 2217 1375 2262 inextricabiles
1396 2220 1439 2261 et
1458 2217 1606 2261 anxios
1626 2216 1861 2273 incidimus,

314 2299 356 2340 et
375 2297 419 2340 in
438 2296 518 2340 hac
536 2296 606 2340 via
625 2295 810 2352 Domini,
842 2308 937 2339 cum
958 2309 1159 2352 amamus,
1191 2296 1331 2340 odium
1352 2295 1592 2352 recipimus,
1622 2307 1719 2338 cum
1736 2278 1861 2339 mise-

313 2388 467 2430 remur,
499 2372 734 2430 affligimur.
781 2373 1056 2417 Accusatores
1086 2373 1256 2430 quidam
1286 2375 1328 2416 et
1355 2375 1483 2416 testes
1515 2375 1638 2429 atque
1666 2385 1862 2430 cooperte

313 2455 425 2496 tores
455 2451 728 2509 depositionis
758 2451 938 2495 hominis
968 2450 1082 2495 illius
1113 2450 1262 2495 elisum
1290 2449 1556 2506 recolligunt,
1596 2449 1693 2493 odia
1720 2449 1861 2494 incen-

314 2530 431 2585 dunt,
462 2532 628 2573 armant
655 2530 755 2585 iras,
786 2529 1142 2586 presumptionem
1171 2528 1382 2583 roborant,
1411 2540 1496 2571 non
1523 2527 1622 2584 quia
1641 2540 1737 2571 eum
1766 2525 1861 2570 dili-

314 2610 430 2663 gunt,
461 2610 525 2651 set
554 2607 653 2663 quia
681 2607 764 2664 ipsi
792 2606 968 2663 inquieti
998 2609 1107 2650 sunt.

433 2683 551 2736 Quod
571 2687 710 2728 autem
728 2687 869 2727 vestra
888 2683 1065 2728 eruditio
1090 2683 1272 2740 scripsit,
1300 2685 1349 2726 ut
1367 2682 1452 2726 iam
1473 2695 1571 2739 sepe
1601 2681 1860 2725 nominatum

315 2763 488 2806 fratrem
518 2762 563 2805 in
593 2761 821 2805 claustrum
847 2761 1117 2819 professionis
1139 2774 1238 2804 suae
1257 2758 1435 2814 benigne
1454 2759 1705 2816 recipiamus
1725 2761 1768 2802 et
1786 2771 1861 2815 pa-

316 2843 435 2883 terna
465 2838 746 2883 consolatione
773 2838 1071 2883 contricionem
1091 2838 1180 2882 eius
1201 2836 1453 2882 sublevando
1473 2836 1700 2892 foveamus,
1731 2849 1860 2893 quan-

410 2927 443 2962 1.
468 2926 587 2963 Galat.
605 2927 638 2972 e,
655 2927 689 2962 1.
783 2927 818 2963 2.
844 2926 864 2962 1
881 2925 1044 2963 corinth.
1064 2925 1118 2970 10,
1136 2925 1192 2961 12.
