<?xml version="1.0" encoding="UTF-8"?>
<!DOCTYPE html PUBLIC "-//W3C//DTD XHTML 1.0 Transitional//EN"
    "http://www.w3.org/TR/xhtml1/DTD/xhtml1-transitional.dtd">
<html xmlns="http://www.w3.org/1999/xhtml" xml:lang="en" lang="en">
 <head>
  <title>
</title>
<meta http-equiv="Content-Type" content="text/html;charset=utf-8" />
  <meta name='ocr-system' content='tesseract 3.04.00' />
  <meta name='ocr-capabilities' content='ocr_page ocr_carea ocr_par ocr_line ocrx_word'/>
</head>
<body>
  <div class='ocr_page' id='page_1' title='image "bibliothecarerum01wattuoft_0159.png"; bbox 0 0 1924 3288; ppageno 0'>
   <div class='ocr_carea' id='block_1_1' title="bbox 524 177 1632 225">
    <p class='ocr_par' dir='ltr' id='par_1_1' title="bbox 524 177 1632 225">
     <span class='ocr_line' id='line_1_1' title="bbox 524 177 1632 225; baseline -0.005 0"><span class='ocrx_word' id='word_1_1' title='bbox 524 194 723 225; x_wconf 70' lang='lat' dir='ltr'>wmALm</span> <span class='ocrx_word' id='word_1_2' title='bbox 751 192 1000 224; x_wconf 69' lang='lat' dir='ltr'>Ems&#39;romn</span> <span class='ocrx_word' id='word_1_3' title='bbox 1031 192 1070 222; x_wconf 84' lang='lat'>63</span> <span class='ocrx_word' id='word_1_4' title='bbox 1083 191 1175 222; x_wconf 83' lang='lat'>—65.</span> <span class='ocrx_word' id='word_1_5' title='bbox 1550 177 1632 220; x_wconf 90' lang='grc'>141</span> 
     </span>
    </p>
   </div>
   <div class='ocr_carea' id='block_1_2' title="bbox 71 285 1636 816">
    <p class='ocr_par' dir='ltr' id='par_1_2' title="bbox 71 285 1636 816">
     <span class='ocr_line' id='line_1_2' title="bbox 72 285 1632 336; baseline -0.006 0"><span class='ocrx_word' id='word_1_6' title='bbox 72 291 239 336; x_wconf 79' lang='lat' dir='ltr'>votione</span> <span class='ocrx_word' id='word_1_7' title='bbox 269 303 454 335; x_wconf 79' lang='lat' dir='ltr'>essemus</span> <span class='ocrx_word' id='word_1_8' title='bbox 486 293 527 334; x_wconf 89' lang='lat' dir='ltr'>et</span> <span class='ocrx_word' id='word_1_9' title='bbox 547 291 658 334; x_wconf 91' lang='lat' dir='ltr'>inter</span> <span class='ocrx_word' id='word_1_10' title='bbox 677 291 1034 333; x_wconf 81' lang='lat' dir='ltr'>remurmurantes</span> <span class='ocrx_word' id='word_1_11' title='bbox 1055 286 1170 330; x_wconf 92' lang='lat' dir='ltr'>nullo</span> <span class='ocrx_word' id='word_1_12' title='bbox 1190 285 1314 330; x_wconf 91' lang='lat' dir='ltr'>modo</span> <span class='ocrx_word' id='word_1_13' title='bbox 1336 285 1632 329; x_wconf 86' lang='lat' dir='ltr'>inveniremur.</span> 
     </span>
     <span class='ocr_line' id='line_1_3' title="bbox 74 364 1635 423; baseline -0.004 -10"><span class='ocrx_word' id='word_1_14' title='bbox 74 367 334 414; x_wconf 78' lang='lat' dir='ltr'>Stabulensis</span> <span class='ocrx_word' id='word_1_15' title='bbox 365 368 586 423; x_wconf 88' lang='lat' dir='ltr'>aecclesia,</span> <span class='ocrx_word' id='word_1_16' title='bbox 627 368 744 411; x_wconf 92' lang='lat' dir='ltr'>cuius</span> <span class='ocrx_word' id='word_1_17' title='bbox 775 381 848 411; x_wconf 90' lang='lat' dir='ltr'>vos</span> <span class='ocrx_word' id='word_1_18' title='bbox 882 366 1009 410; x_wconf 90' lang='lat' dir='ltr'>abbas</span> <span class='ocrx_word' id='word_1_19' title='bbox 1042 365 1162 420; x_wconf 86' lang='lat' dir='ltr'>estis,</span> <span class='ocrx_word' id='word_1_20' title='bbox 1201 364 1267 408; x_wconf 84' lang='lat' dir='ltr'>sui</span> <span class='ocrx_word' id='word_1_21' title='bbox 1299 364 1462 408; x_wconf 89' lang='lat' dir='ltr'>abbatis</span> <span class='ocrx_word' id='word_1_22' title='bbox 1492 366 1635 420; x_wconf 90' lang='lat' dir='ltr'>patro-</span> 
     </span>
     <span class='ocr_line' id='line_1_4' title="bbox 72 441 1634 503; baseline -0.004 -12"><span class='ocrx_word' id='word_1_23' title='bbox 72 447 197 503; x_wconf 82' lang='lat' dir='ltr'>cinio,</span> <span class='ocrx_word' id='word_1_24' title='bbox 224 446 303 491; x_wconf 88' lang='lat' dir='ltr'>hoc</span> <span class='ocrx_word' id='word_1_25' title='bbox 323 450 388 490; x_wconf 90' lang='lat' dir='ltr'>est</span> <span class='ocrx_word' id='word_1_26' title='bbox 407 450 560 502; x_wconf 85' lang='lat' dir='ltr'>vestro,</span> <span class='ocrx_word' id='word_1_27' title='bbox 590 459 853 502; x_wconf 89' lang='lat' dir='ltr'>summopere</span> <span class='ocrx_word' id='word_1_28' title='bbox 872 444 1055 500; x_wconf 83' lang='lat' dir='ltr'>indiget3</span> <span class='ocrx_word' id='word_1_29' title='bbox 1088 443 1168 499; x_wconf 86' lang='lat' dir='ltr'>cui,</span> <span class='ocrx_word' id='word_1_30' title='bbox 1191 443 1298 486; x_wconf 92' lang='lat' dir='ltr'>sicut</span> <span class='ocrx_word' id='word_1_31' title='bbox 1317 445 1482 500; x_wconf 91' lang='lat' dir='ltr'>patrem</span> <span class='ocrx_word' id='word_1_32' title='bbox 1503 441 1634 496; x_wconf 83' lang='lat' dir='ltr'>decet,</span> 
     </span>
     <span class='ocr_line' id='line_1_5' title="bbox 73 519 1636 583; baseline -0.004 -14"><span class='ocrx_word' id='word_1_33' title='bbox 73 527 268 583; x_wconf 86' lang='lat' dir='ltr'>prompte</span> <span class='ocrx_word' id='word_1_34' title='bbox 314 528 356 569; x_wconf 91' lang='lat' dir='ltr'>et</span> <span class='ocrx_word' id='word_1_35' title='bbox 399 524 625 568; x_wconf 89' lang='lat' dir='ltr'>clementer</span> <span class='ocrx_word' id='word_1_36' title='bbox 663 523 930 567; x_wconf 84' lang='lat' dir='ltr'>subvenietis.</span> <span class='ocrx_word' id='word_1_37' title='bbox 996 522 1123 565; x_wconf 90' lang='lat' dir='ltr'>Cuius</span> <span class='ocrx_word' id='word_1_38' title='bbox 1164 520 1468 577; x_wconf 88' lang='lat' dir='ltr'>querimoniam</span> <span class='ocrx_word' id='word_1_39' title='bbox 1505 519 1636 562; x_wconf 87' lang='lat' dir='ltr'>frater</span> 
     </span>
     <span class='ocr_line' id='line_1_6' title="bbox 71 599 1636 659; baseline -0.004 -11"><span class='ocrx_word' id='word_1_40' title='bbox 71 607 216 648; x_wconf 87' lang='lat' dir='ltr'>noster</span> <span class='ocrx_word' id='word_1_41' title='bbox 247 628 302 634; x_wconf 91' lang='lat'>—</span> <span class='ocrx_word' id='word_1_42' title='bbox 334 612 471 647; x_wconf 83' lang='lat' dir='ltr'>noster</span> <span class='ocrx_word' id='word_1_43' title='bbox 499 603 671 659; x_wconf 90' lang='lat' dir='ltr'>inquam</span> <span class='ocrx_word' id='word_1_44' title='bbox 700 615 786 644; x_wconf 91' lang='lat' dir='ltr'>non</span> <span class='ocrx_word' id='word_1_45' title='bbox 817 615 869 645; x_wconf 85' lang='lat' dir='ltr'>ex</span> <span class='ocrx_word' id='word_1_46' title='bbox 901 600 1201 644; x_wconf 86' lang='lat' dir='ltr'>consuetudine</span> <span class='ocrx_word' id='word_1_47' title='bbox 1239 599 1461 643; x_wconf 89' lang='lat' dir='ltr'>locutionis</span> <span class='ocrx_word' id='word_1_48' title='bbox 1490 611 1636 642; x_wconf 87' lang='lat' dir='ltr'>mona-</span> 
     </span>
     <span class='ocr_line' id='line_1_7' title="bbox 73 677 1636 737; baseline -0.004 -11"><span class='ocrx_word' id='word_1_49' title='bbox 73 681 267 737; x_wconf 82' lang='lat' dir='ltr'>chorum,</span> <span class='ocrx_word' id='word_1_50' title='bbox 306 684 370 725; x_wconf 88' lang='lat' dir='ltr'>set</span> <span class='ocrx_word' id='word_1_51' title='bbox 409 683 547 724; x_wconf 88' lang='lat' dir='ltr'>vester</span> <span class='ocrx_word' id='word_1_52' title='bbox 583 683 626 723; x_wconf 90' lang='lat' dir='ltr'>et</span> <span class='ocrx_word' id='word_1_53' title='bbox 661 683 804 723; x_wconf 87' lang='lat' dir='ltr'>noster</span> <span class='ocrx_word' id='word_1_54' title='bbox 839 679 1037 736; x_wconf 90' lang='lat' dir='ltr'>proprius</span> <span class='ocrx_word' id='word_1_55' title='bbox 1077 682 1118 722; x_wconf 92' lang='lat' dir='ltr'>et</span> <span class='ocrx_word' id='word_1_56' title='bbox 1155 677 1349 735; x_wconf 88' lang='lat' dir='ltr'>specialis</span> <span class='ocrx_word' id='word_1_57' title='bbox 1382 702 1436 707; x_wconf 91' lang='lat'>—</span> <span class='ocrx_word' id='word_1_58' title='bbox 1471 680 1636 721; x_wconf 87' lang='lat' dir='ltr'>vestrae</span> 
     </span>
     <span class='ocr_line' id='line_1_8' title="bbox 73 758 764 816; baseline -0.004 -12"><span class='ocrx_word' id='word_1_59' title='bbox 73 759 312 804; x_wconf 81' lang='lat' dir='ltr'>celsitudini</span> <span class='ocrx_word' id='word_1_60' title='bbox 341 758 507 816; x_wconf 89' lang='lat' dir='ltr'>plenius</span> <span class='ocrx_word' id='word_1_61' title='bbox 538 758 764 801; x_wconf 78' lang='lat' dir='ltr'>intimabit.</span> 
     </span>
    </p>
   </div>
   <div class='ocr_carea' id='block_1_3' title="bbox 717 872 998 878">
    <p class='ocr_par' dir='ltr' id='par_1_3' title="bbox 717 872 998 878">
     <span class='ocr_line' id='line_1_9' title="bbox 717 872 998 878; baseline 0 0"><span class='ocrx_word' id='word_1_62' title='bbox 717 872 998 878; x_wconf 95' lang='lat' dir='ltr'> </span> 
     </span>
    </p>
   </div>
   <div class='ocr_carea' id='block_1_4' title="bbox 79 952 1638 1096">
    <p class='ocr_par' dir='ltr' id='par_1_4' title="bbox 79 952 1638 1096">
     <span class='ocr_line' id='line_1_10' title="bbox 79 952 1637 1015; baseline -0.005 -13"><span class='ocrx_word' id='word_1_63' title='bbox 79 955 159 1003; x_wconf 91' lang='grc'>64.</span> <span class='ocrx_word' id='word_1_64' title='bbox 190 957 402 1001; x_wconf 76' lang='lat' dir='ltr'>Wibaldus</span> <span class='ocrx_word' id='word_1_65' title='bbox 430 957 609 1000; x_wconf 61' lang='lat' dir='ltr'>Iov-dano</span> <span class='ocrx_word' id='word_1_66' title='bbox 627 958 866 1015; x_wconf 79' lang='lat' dir='ltr'>presbytero</span> <span class='ocrx_word' id='word_1_67' title='bbox 896 954 1101 998; x_wconf 77' lang='lat' dir='ltr'>cardinali</span> <span class='ocrx_word' id='word_1_68' title='bbox 1129 954 1180 996; x_wconf 87' lang='lat' dir='ltr'>de</span> <span class='ocrx_word' id='word_1_69' title='bbox 1199 955 1320 997; x_wconf 80' lang='lat' dir='ltr'>rebus</span> <span class='ocrx_word' id='word_1_70' title='bbox 1341 953 1491 995; x_wconf 78' lang='lat' dir='ltr'>eisdem</span> <span class='ocrx_word' id='word_1_71' title='bbox 1510 952 1637 1009; x_wconf 68' lang='lat' dir='ltr'>siqni-</span> 
     </span>
     <span class='ocr_line' id='line_1_11' title="bbox 186 1028 1638 1096; baseline -0.005 -18"><span class='ocrx_word' id='word_1_72' title='bbox 186 1036 303 1096; x_wconf 81' lang='lat' dir='ltr'>ficat.</span> <span class='ocrx_word' id='word_1_73' title='bbox 1452 1028 1523 1084; x_wconf 86' lang='lat' dir='ltr'>(M.</span> <span class='ocrx_word' id='word_1_74' title='bbox 1549 1029 1638 1083; x_wconf 85' lang='lat'>49.)</span> 
     </span>
    </p>
   </div>
   <div class='ocr_carea' id='block_1_5' title="bbox 76 1119 1641 2105">
    <p class='ocr_par' dir='ltr' id='par_1_5' title="bbox 76 1119 1639 1337">
     <span class='ocr_line' id='line_1_12' title="bbox 193 1119 1639 1181; baseline -0.005 -13"><span class='ocrx_word' id='word_1_75' title='bbox 193 1123 434 1168; x_wconf 89' lang='lat' dir='ltr'>Reverendo</span> <span class='ocrx_word' id='word_1_76' title='bbox 465 1123 579 1181; x_wconf 90' lang='lat' dir='ltr'>patri</span> <span class='ocrx_word' id='word_1_77' title='bbox 610 1137 684 1167; x_wconf 93' lang='lat' dir='ltr'>suo</span> <span class='ocrx_word' id='word_1_78' title='bbox 725 1126 767 1166; x_wconf 90' lang='lat' dir='ltr'>et</span> <span class='ocrx_word' id='word_1_79' title='bbox 804 1122 972 1165; x_wconf 92' lang='lat' dir='ltr'>domino</span> <span class='ocrx_word' id='word_1_80' title='bbox 1011 1120 1187 1164; x_wconf 85' lang='lat' dir='ltr'>Iordane</span> <span class='ocrx_word' id='word_1_81' title='bbox 1228 1123 1396 1163; x_wconf 87' lang='lat' dir='ltr'>sanctae</span> <span class='ocrx_word' id='word_1_82' title='bbox 1426 1119 1639 1162; x_wconf 85' lang='lat' dir='ltr'>Romanae</span> 
     </span>
     <span class='ocr_line' id='line_1_13' title="bbox 77 1197 1638 1259; baseline -0.004 -13"><span class='ocrx_word' id='word_1_83' title='bbox 77 1202 275 1247; x_wconf 88' lang='lat' dir='ltr'>ecclesiae</span> <span class='ocrx_word' id='word_1_84' title='bbox 313 1202 515 1246; x_wconf 82' lang='lat' dir='ltr'>cardinali</span> <span class='ocrx_word' id='word_1_85' title='bbox 553 1197 810 1259; x_wconf 86' lang='lat' dir='ltr'>presbitero¹</span> <span class='ocrx_word' id='word_1_86' title='bbox 839 1200 970 1244; x_wconf 82' lang='lat' dir='ltr'>frater</span> <span class='ocrx_word' id='word_1_87' title='bbox 990 1199 1207 1244; x_wconf 90' lang='lat' dir='ltr'>Wibaldus</span> <span class='ocrx_word' id='word_1_88' title='bbox 1239 1198 1319 1242; x_wconf 89' lang='lat' dir='ltr'>Dei</span> <span class='ocrx_word' id='word_1_89' title='bbox 1348 1198 1485 1253; x_wconf 86' lang='lat' dir='ltr'>gratia</span> <span class='ocrx_word' id='word_1_90' title='bbox 1504 1197 1638 1240; x_wconf 91' lang='lat' dir='ltr'>modi-</span> 
     </span>
     <span class='ocr_line' id='line_1_14' title="bbox 76 1280 754 1337; baseline -0.003 -13"><span class='ocrx_word' id='word_1_91' title='bbox 76 1293 173 1324; x_wconf 89' lang='lat' dir='ltr'>cum</span> <span class='ocrx_word' id='word_1_92' title='bbox 201 1280 246 1324; x_wconf 90' lang='lat' dir='ltr'>id</span> <span class='ocrx_word' id='word_1_93' title='bbox 277 1280 388 1337; x_wconf 92' lang='lat' dir='ltr'>quod</span> <span class='ocrx_word' id='word_1_94' title='bbox 419 1283 495 1335; x_wconf 86' lang='lat' dir='ltr'>est,</span> <span class='ocrx_word' id='word_1_95' title='bbox 528 1293 571 1323; x_wconf 89' lang='lat' dir='ltr'>se</span> <span class='ocrx_word' id='word_1_96' title='bbox 602 1280 754 1337; x_wconf 92' lang='lat' dir='ltr'>ipsum.</span> 
     </span>
    </p>

    <p class='ocr_par' dir='ltr' id='par_1_6' title="bbox 77 1354 1641 2105">
     <span class='ocr_line' id='line_1_15' title="bbox 194 1354 1638 1414; baseline -0.004 -12"><span class='ocrx_word' id='word_1_97' title='bbox 194 1357 408 1414; x_wconf 82' lang='lat' dir='ltr'>Fecimus,</span> <span class='ocrx_word' id='word_1_98' title='bbox 448 1358 559 1414; x_wconf 92' lang='lat' dir='ltr'>quod</span> <span class='ocrx_word' id='word_1_99' title='bbox 594 1357 776 1401; x_wconf 89' lang='lat' dir='ltr'>iussistis</span> <span class='ocrx_word' id='word_1_100' title='bbox 787 1363 812 1399; x_wconf 75' lang='lat'>⁸.</span> <span class='ocrx_word' id='word_1_101' title='bbox 875 1356 939 1399; x_wconf 91' lang='lat' dir='ltr'>De</span> <span class='ocrx_word' id='word_1_102' title='bbox 978 1355 1151 1400; x_wconf 83' lang='lat' dir='ltr'>servitio</span> <span class='ocrx_word' id='word_1_103' title='bbox 1189 1354 1301 1398; x_wconf 91' lang='lat' dir='ltr'>enim</span> <span class='ocrx_word' id='word_1_104' title='bbox 1330 1354 1638 1411; x_wconf 82' lang='lat' dir='ltr'>procurationis</span> 
     </span>
     <span class='ocr_line' id='line_1_16' title="bbox 77 1433 1640 1494; baseline -0.004 -14"><span class='ocrx_word' id='word_1_105' title='bbox 77 1436 221 1480; x_wconf 87' lang='lat' dir='ltr'>domni</span> <span class='ocrx_word' id='word_1_106' title='bbox 249 1450 399 1494; x_wconf 86' lang='lat' dir='ltr'>papae,</span> <span class='ocrx_word' id='word_1_107' title='bbox 432 1436 543 1493; x_wconf 91' lang='lat' dir='ltr'>quod</span> <span class='ocrx_word' id='word_1_108' title='bbox 572 1436 617 1479; x_wconf 93' lang='lat' dir='ltr'>in</span> <span class='ocrx_word' id='word_1_109' title='bbox 639 1435 862 1479; x_wconf 86' lang='lat' dir='ltr'>Leodiensi</span> <span class='ocrx_word' id='word_1_110' title='bbox 894 1434 1140 1491; x_wconf 89' lang='lat' dir='ltr'>episcopatu</span> <span class='ocrx_word' id='word_1_111' title='bbox 1171 1433 1410 1476; x_wconf 89' lang='lat' dir='ltr'>ordinatum</span> <span class='ocrx_word' id='word_1_112' title='bbox 1442 1435 1518 1488; x_wconf 86' lang='lat' dir='ltr'>est,</span> <span class='ocrx_word' id='word_1_113' title='bbox 1554 1446 1640 1475; x_wconf 91' lang='lat' dir='ltr'>non</span> 
     </span>
     <span class='ocr_line' id='line_1_17' title="bbox 78 1510 1639 1568; baseline -0.003 -10"><span class='ocrx_word' id='word_1_114' title='bbox 78 1514 214 1558; x_wconf 88' lang='lat' dir='ltr'>solum</span> <span class='ocrx_word' id='word_1_115' title='bbox 244 1514 414 1558; x_wconf 84' lang='lat' dir='ltr'>solliciti</span> <span class='ocrx_word' id='word_1_116' title='bbox 444 1518 508 1558; x_wconf 91' lang='lat' dir='ltr'>set</span> <span class='ocrx_word' id='word_1_117' title='bbox 540 1514 667 1558; x_wconf 87' lang='lat' dir='ltr'>etiam</span> <span class='ocrx_word' id='word_1_118' title='bbox 698 1513 875 1557; x_wconf 90' lang='lat' dir='ltr'>studiosi</span> <span class='ocrx_word' id='word_1_119' title='bbox 904 1513 1081 1568; x_wconf 83' lang='lat' dir='ltr'>fuimus,</span> <span class='ocrx_word' id='word_1_120' title='bbox 1121 1515 1169 1554; x_wconf 91' lang='lat' dir='ltr'>ut</span> <span class='ocrx_word' id='word_1_121' title='bbox 1197 1511 1293 1568; x_wconf 90' lang='lat' dir='ltr'>plus</span> <span class='ocrx_word' id='word_1_122' title='bbox 1326 1525 1452 1567; x_wconf 88' lang='lat' dir='ltr'>quam</span> <span class='ocrx_word' id='word_1_123' title='bbox 1481 1510 1639 1567; x_wconf 89' lang='lat' dir='ltr'>portio-</span> 
     </span>
     <span class='ocr_line' id='line_1_18' title="bbox 78 1589 1639 1649; baseline -0.004 -12"><span class='ocrx_word' id='word_1_124' title='bbox 78 1591 213 1648; x_wconf 86' lang='lat' dir='ltr'>nem¹’‚</span> <span class='ocrx_word' id='word_1_125' title='bbox 254 1607 358 1649; x_wconf 89' lang='lat' dir='ltr'>quae</span> <span class='ocrx_word' id='word_1_126' title='bbox 397 1592 643 1636; x_wconf 87' lang='lat' dir='ltr'>Stabulense</span> <span class='ocrx_word' id='word_1_127' title='bbox 685 1591 987 1635; x_wconf 88' lang='lat' dir='ltr'>monasterium</span> <span class='ocrx_word' id='word_1_128' title='bbox 1026 1591 1288 1645; x_wconf 78' lang='lat' dir='ltr'>contingere⁰</span> <span class='ocrx_word' id='word_1_129' title='bbox 1328 1589 1523 1633; x_wconf 84' lang='lat' dir='ltr'>estimata</span> <span class='ocrx_word' id='word_1_130' title='bbox 1563 1591 1639 1643; x_wconf 89' lang='lat' dir='ltr'>est,</span> 
     </span>
     <span class='ocr_line' id='line_1_19' title="bbox 77 1666 1639 1728; baseline -0.004 -13"><span class='ocrx_word' id='word_1_131' title='bbox 77 1671 207 1728; x_wconf 79' lang='lat' dir='ltr'>primi</span> <span class='ocrx_word' id='word_1_132' title='bbox 245 1671 557 1727; x_wconf 82' lang='lat' dir='ltr'>exhiberemus,</span> <span class='ocrx_word' id='word_1_133' title='bbox 604 1683 681 1714; x_wconf 91' lang='lat' dir='ltr'>nec</span> <span class='ocrx_word' id='word_1_134' title='bbox 719 1669 1072 1713; x_wconf 88' lang='lat' dir='ltr'>murmurantium</span> <span class='ocrx_word' id='word_1_135' title='bbox 1109 1682 1332 1711; x_wconf 90' lang='lat' dir='ltr'>numerum</span> <span class='ocrx_word' id='word_1_136' title='bbox 1368 1666 1478 1710; x_wconf 81' lang='lat' dir='ltr'>ullod</span> <span class='ocrx_word' id='word_1_137' title='bbox 1515 1667 1639 1710; x_wconf 91' lang='lat' dir='ltr'>modo</span> 
     </span>
     <span class='ocr_line' id='line_1_20' title="bbox 79 1746 1641 1804; baseline -0.003 -12"><span class='ocrx_word' id='word_1_138' title='bbox 79 1762 339 1804; x_wconf 86' lang='lat' dir='ltr'>augeremus.</span> <span class='ocrx_word' id='word_1_139' title='bbox 460 1748 671 1792; x_wconf 88' lang='lat' dir='ltr'>Dilectam</span> <span class='ocrx_word' id='word_1_140' title='bbox 708 1749 849 1804; x_wconf 90' lang='lat' dir='ltr'>itaque</span> <span class='ocrx_word' id='word_1_141' title='bbox 883 1747 1004 1791; x_wconf 87' lang='lat' dir='ltr'>nobis</span> <span class='ocrx_word' id='word_1_142' title='bbox 1034 1746 1332 1804; x_wconf 88' lang='lat' dir='ltr'>paternitatem</span> <span class='ocrx_word' id='word_1_143' title='bbox 1361 1749 1547 1789; x_wconf 87' lang='lat' dir='ltr'>vestram</span> <span class='ocrx_word' id='word_1_144' title='bbox 1578 1747 1641 1788; x_wconf 90' lang='lat' dir='ltr'>at-</span> 
     </span>
     <span class='ocr_line' id='line_1_21' title="bbox 78 1824 1641 1882; baseline -0.003 -11"><span class='ocrx_word' id='word_1_145' title='bbox 78 1830 193 1871; x_wconf 89' lang='lat' dir='ltr'>tente</span> <span class='ocrx_word' id='word_1_146' title='bbox 223 1827 430 1870; x_wconf 90' lang='lat' dir='ltr'>monendo</span> <span class='ocrx_word' id='word_1_147' title='bbox 451 1840 660 1882; x_wconf 85' lang='lat' dir='ltr'>rogamus,</span> <span class='ocrx_word' id='word_1_148' title='bbox 690 1829 738 1869; x_wconf 91' lang='lat' dir='ltr'>ut</span> <span class='ocrx_word' id='word_1_149' title='bbox 759 1825 1021 1869; x_wconf 88' lang='lat' dir='ltr'>devotionem</span> <span class='ocrx_word' id='word_1_150' title='bbox 1040 1828 1229 1868; x_wconf 87' lang='lat' dir='ltr'>nostram</span> <span class='ocrx_word' id='word_1_151' title='bbox 1247 1824 1427 1880; x_wconf 85' lang='lat' dir='ltr'>benigno</span> <span class='ocrx_word' id='word_1_152' title='bbox 1450 1836 1641 1867; x_wconf 85' lang='lat' dir='ltr'>sermone</span> 
     </span>
     <span class='ocr_line' id='line_1_22' title="bbox 80 1902 1641 1961; baseline -0.003 -13"><span class='ocrx_word' id='word_1_153' title='bbox 80 1905 378 1948; x_wconf 87' lang='lat' dir='ltr'>commendetis</span> <span class='ocrx_word' id='word_1_154' title='bbox 400 1908 441 1948; x_wconf 91' lang='lat' dir='ltr'>et</span> <span class='ocrx_word' id='word_1_155' title='bbox 462 1904 675 1961; x_wconf 88' lang='lat' dir='ltr'>querelam</span> <span class='ocrx_word' id='word_1_156' title='bbox 697 1903 956 1947; x_wconf 85' lang='lat' dir='ltr'>Stabulensis</span> <span class='ocrx_word' id='word_1_157' title='bbox 977 1903 1235 1958; x_wconf 82' lang='lat' dir='ltr'>monasterii,</span> <span class='ocrx_word' id='word_1_158' title='bbox 1267 1917 1372 1959; x_wconf 91' lang='lat' dir='ltr'>quae</span> <span class='ocrx_word' id='word_1_159' title='bbox 1394 1916 1471 1960; x_wconf 88' lang='lat' dir='ltr'>per</span> <span class='ocrx_word' id='word_1_160' title='bbox 1489 1902 1641 1945; x_wconf 83' lang='lat' dir='ltr'>fratres</span> 
     </span>
     <span class='ocr_line' id='line_1_23' title="bbox 79 1974 1640 2039; baseline -0.002 -13"><span class='ocrx_word' id='word_1_161' title='bbox 79 1974 259 2026; x_wconf 81' lang='lat' dir='ltr'>nostros</span> <span class='ocrx_word' id='word_1_162' title='bbox 276 1986 438 2026; x_wconf 87' lang='lat' dir='ltr'>vestrae</span> <span class='ocrx_word' id='word_1_163' title='bbox 468 1982 619 2039; x_wconf 86' lang='lat' dir='ltr'>pietati</span> <span class='ocrx_word' id='word_1_164' title='bbox 646 1982 996 2038; x_wconf 84' lang='lat' dir='ltr'>manifestabitur,</span> <span class='ocrx_word' id='word_1_165' title='bbox 1033 1982 1078 2025; x_wconf 91' lang='lat' dir='ltr'>in</span> <span class='ocrx_word' id='word_1_166' title='bbox 1109 1982 1247 2026; x_wconf 89' lang='lat' dir='ltr'>sinum</span> <span class='ocrx_word' id='word_1_167' title='bbox 1278 1980 1531 2038; x_wconf 87' lang='lat' dir='ltr'>apostolicae</span> <span class='ocrx_word' id='word_1_168' title='bbox 1561 1979 1640 2023; x_wconf 92' lang='lat' dir='ltr'>mi-</span> 
     </span>
     <span class='ocr_line' id='line_1_24' title="bbox 80 2060 820 2105; baseline -0.003 0"><span class='ocrx_word' id='word_1_169' title='bbox 80 2061 330 2105; x_wconf 85' lang='lat' dir='ltr'>sericordiae</span> <span class='ocrx_word' id='word_1_170' title='bbox 361 2060 541 2104; x_wconf 89' lang='lat' dir='ltr'>fideliter</span> <span class='ocrx_word' id='word_1_171' title='bbox 570 2060 820 2105; x_wconf 87' lang='lat' dir='ltr'>recondatis.</span> 
     </span>
    </p>
   </div>
   <div class='ocr_carea' id='block_1_6' title="bbox 722 2173 1002 2179">
    <p class='ocr_par' dir='ltr' id='par_1_7' title="bbox 722 2173 1002 2179">
     <span class='ocr_line' id='line_1_25' title="bbox 722 2173 1002 2179; baseline 0 0"><span class='ocrx_word' id='word_1_172' title='bbox 722 2173 1002 2179; x_wconf 95' lang='lat' dir='ltr'> </span> 
     </span>
    </p>
   </div>
   <div class='ocr_carea' id='block_1_7' title="bbox 85 2262 1640 2399">
    <p class='ocr_par' dir='ltr' id='par_1_8' title="bbox 85 2262 1640 2399">
     <span class='ocr_line' id='line_1_26' title="bbox 85 2262 1640 2322; baseline -0.003 -13"><span class='ocrx_word' id='word_1_173' title='bbox 85 2262 166 2309; x_wconf 84' lang='lat'>65.</span> <span class='ocrx_word' id='word_1_174' title='bbox 198 2263 408 2307; x_wconf 78' lang='lat' dir='ltr'>Wibaldus</span> <span class='ocrx_word' id='word_1_175' title='bbox 439 2263 616 2306; x_wconf 77' lang='lat' dir='ltr'>Iohanni</span> <span class='ocrx_word' id='word_1_176' title='bbox 646 2264 851 2306; x_wconf 77' lang='lat' dir='ltr'>cardinali</span> <span class='ocrx_word' id='word_1_177' title='bbox 879 2280 922 2306; x_wconf 76' lang='lat' dir='ltr'>se</span> <span class='ocrx_word' id='word_1_178' title='bbox 950 2271 1126 2316; x_wconf 76' lang='lat' dir='ltr'>excusat,</span> <span class='ocrx_word' id='word_1_179' title='bbox 1161 2264 1274 2322; x_wconf 82' lang='lat' dir='ltr'>quod</span> <span class='ocrx_word' id='word_1_180' title='bbox 1298 2279 1380 2306; x_wconf 88' lang='lat' dir='ltr'>non</span> <span class='ocrx_word' id='word_1_181' title='bbox 1402 2265 1526 2320; x_wconf 78' lang='lat' dir='ltr'>prius</span> <span class='ocrx_word' id='word_1_182' title='bbox 1549 2279 1640 2306; x_wconf 84' lang='lat' dir='ltr'>eum</span> 
     </span>
     <span class='ocr_line' id='line_1_27' title="bbox 201 2339 1638 2399; baseline -0.001 -16"><span class='ocrx_word' id='word_1_183' title='bbox 201 2342 362 2395; x_wconf 76' lang='lat' dir='ltr'>adierit,</span> <span class='ocrx_word' id='word_1_184' title='bbox 399 2357 570 2399; x_wconf 80' lang='lat' dir='ltr'>eumque</span> <span class='ocrx_word' id='word_1_185' title='bbox 593 2343 888 2398; x_wconf 77' lang='lat' dir='ltr'>protectionem</span> <span class='ocrx_word' id='word_1_186' title='bbox 918 2349 1050 2398; x_wconf 63' lang='grc' dir='ltr'><em>φοραί.</em></span> <span class='ocrx_word' id='word_1_187' title='bbox 1455 2339 1525 2394; x_wconf 89' lang='grc' dir='ltr'>(Μ.</span> <span class='ocrx_word' id='word_1_188' title='bbox 1549 2340 1638 2393; x_wconf 80' lang='lat'>50.)</span> 
     </span>
    </p>
   </div>
   <div class='ocr_carea' id='block_1_8' title="bbox 84 2429 1643 2797">
    <p class='ocr_par' dir='ltr' id='par_1_9' title="bbox 84 2429 1642 2642">
     <span class='ocr_line' id='line_1_28' title="bbox 199 2429 1640 2487; baseline -0.001 -14"><span class='ocrx_word' id='word_1_189' title='bbox 199 2429 441 2473; x_wconf 86' lang='lat' dir='ltr'>Reverendo</span> <span class='ocrx_word' id='word_1_190' title='bbox 472 2430 585 2487; x_wconf 87' lang='lat' dir='ltr'>patri</span> <span class='ocrx_word' id='word_1_191' title='bbox 617 2444 690 2472; x_wconf 89' lang='lat' dir='ltr'>suo</span> <span class='ocrx_word' id='word_1_192' title='bbox 731 2432 772 2473; x_wconf 91' lang='lat' dir='ltr'>et</span> <span class='ocrx_word' id='word_1_193' title='bbox 802 2430 969 2473; x_wconf 91' lang='lat' dir='ltr'>domino</span> <span class='ocrx_word' id='word_1_194' title='bbox 1001 2430 1198 2473; x_wconf 80' lang='lat' dir='ltr'>Iohanni⁰</span> <span class='ocrx_word' id='word_1_195' title='bbox 1231 2433 1400 2473; x_wconf 88' lang='lat' dir='ltr'>sanctae</span> <span class='ocrx_word' id='word_1_196' title='bbox 1427 2429 1640 2472; x_wconf 89' lang='lat' dir='ltr'>Romanae</span> 
     </span>
     <span class='ocr_line' id='line_1_29' title="bbox 84 2505 1642 2564; baseline -0.002 -13"><span class='ocrx_word' id='word_1_197' title='bbox 84 2507 282 2552; x_wconf 86' lang='lat' dir='ltr'>ecclesiae</span> <span class='ocrx_word' id='word_1_198' title='bbox 303 2507 506 2551; x_wconf 86' lang='lat' dir='ltr'>cardinali</span> <span class='ocrx_word' id='word_1_199' title='bbox 526 2505 783 2564; x_wconf 76' lang='lat' dir='ltr'>presbitero²</span> <span class='ocrx_word' id='word_1_200' title='bbox 804 2507 935 2551; x_wconf 89' lang='lat' dir='ltr'>frater</span> <span class='ocrx_word' id='word_1_201' title='bbox 950 2507 1196 2562; x_wconf 86' lang='lat' dir='ltr'>W(ibaldus)</span> <span class='ocrx_word' id='word_1_202' title='bbox 1212 2508 1292 2551; x_wconf 90' lang='lat' dir='ltr'>Dei</span> <span class='ocrx_word' id='word_1_203' title='bbox 1309 2507 1446 2563; x_wconf 85' lang='lat' dir='ltr'>gratia</span> <span class='ocrx_word' id='word_1_204' title='bbox 1466 2507 1509 2549; x_wconf 87' lang='lat' dir='ltr'>id</span> <span class='ocrx_word' id='word_1_205' title='bbox 1531 2506 1642 2562; x_wconf 90' lang='lat' dir='ltr'>quod</span> 
     </span>
     <span class='ocr_line' id='line_1_30' title="bbox 84 2586 598 2642; baseline -0.002 -13"><span class='ocrx_word' id='word_1_206' title='bbox 84 2588 160 2641; x_wconf 84' lang='lat' dir='ltr'>est,</span> <span class='ocrx_word' id='word_1_207' title='bbox 193 2599 238 2629; x_wconf 88' lang='lat' dir='ltr'>se</span> <span class='ocrx_word' id='word_1_208' title='bbox 268 2586 409 2642; x_wconf 93' lang='lat' dir='ltr'>ipsum</span> <span class='ocrx_word' id='word_1_209' title='bbox 440 2589 481 2629; x_wconf 87' lang='lat' dir='ltr'>et</span> <span class='ocrx_word' id='word_1_210' title='bbox 511 2599 598 2628; x_wconf 89' lang='lat' dir='ltr'>sua.</span> 
     </span>
    </p>

    <p class='ocr_par' dir='ltr' id='par_1_10' title="bbox 85 2661 1643 2797">
     <span class='ocr_line' id='line_1_31' title="bbox 202 2661 1643 2719; baseline -0.002 -12"><span class='ocrx_word' id='word_1_211' title='bbox 202 2663 376 2707; x_wconf 88' lang='lat' dir='ltr'>Habetis</span> <span class='ocrx_word' id='word_1_212' title='bbox 406 2677 526 2706; x_wconf 90' lang='lat' dir='ltr'>reum</span> <span class='ocrx_word' id='word_1_213' title='bbox 557 2662 835 2717; x_wconf 85' lang='lat' dir='ltr'>confitentem,</span> <span class='ocrx_word' id='word_1_214' title='bbox 867 2662 964 2706; x_wconf 88' lang='lat' dir='ltr'>date</span> <span class='ocrx_word' id='word_1_215' title='bbox 985 2677 1111 2719; x_wconf 91' lang='lat' dir='ltr'>queso</span> <span class='ocrx_word' id='word_1_216' title='bbox 1134 2662 1313 2716; x_wconf 88' lang='lat' dir='ltr'>veniam,</span> <span class='ocrx_word' id='word_1_217' title='bbox 1344 2675 1429 2704; x_wconf 93' lang='lat' dir='ltr'>non</span> <span class='ocrx_word' id='word_1_218' title='bbox 1450 2661 1643 2718; x_wconf 83' lang='lat' dir='ltr'>equidem</span> 
     </span>
     <span class='ocr_line' id='line_1_32' title="bbox 85 2739 1642 2797; baseline -0.002 -11"><span class='ocrx_word' id='word_1_219' title='bbox 85 2741 251 2797; x_wconf 84' lang='lat' dir='ltr'>erroris,</span> <span class='ocrx_word' id='word_1_220' title='bbox 283 2755 367 2784; x_wconf 92' lang='lat' dir='ltr'>non</span> <span class='ocrx_word' id='word_1_221' title='bbox 397 2741 689 2796; x_wconf 82' lang='lat' dir='ltr'>negligentiae,</span> <span class='ocrx_word' id='word_1_222' title='bbox 722 2753 827 2796; x_wconf 87' lang='lat' dir='ltr'>quae</span> <span class='ocrx_word' id='word_1_223' title='bbox 855 2743 1017 2784; x_wconf 86' lang='lat' dir='ltr'>remota</span> <span class='ocrx_word' id='word_1_224' title='bbox 1044 2743 1142 2784; x_wconf 90' lang='lat' dir='ltr'>sunt</span> <span class='ocrx_word' id='word_1_225' title='bbox 1163 2740 1187 2783; x_wconf 75' lang='lat' dir='ltr'>a</span> <span class='ocrx_word' id='word_1_226' title='bbox 1208 2739 1415 2797; x_wconf 86' lang='lat' dir='ltr'>sapientia</span> <span class='ocrx_word' id='word_1_227' title='bbox 1436 2764 1491 2769; x_wconf 89' lang='lat'>-—</span> <span class='ocrx_word' id='word_1_228' title='bbox 1516 2754 1642 2796; x_wconf 90' lang='lat' dir='ltr'>quam</span> 
     </span>
    </p>
   </div>
   <div class='ocr_carea' id='block_1_9' title="bbox 84 2835 1643 2929">
    <p class='ocr_par' dir='ltr' id='par_1_11' title="bbox 84 2835 1643 2929">
     <span class='ocr_line' id='line_1_33' title="bbox 179 2835 1643 2876; baseline 0 -10"><span class='ocrx_word' id='word_1_229' title='bbox 179 2845 206 2866; x_wconf 81' lang='lat' dir='ltr'>a.</span> <span class='ocrx_word' id='word_1_230' title='bbox 234 2837 351 2867; x_wconf 83' lang='lat' dir='ltr'>insistis</span> <span class='ocrx_word' id='word_1_231' title='bbox 379 2849 405 2867; x_wconf 83' lang='lat' dir='ltr'>c.</span> <span class='ocrx_word' id='word_1_232' title='bbox 489 2836 518 2867; x_wconf 92' lang='lat' dir='ltr'>b.</span> <span class='ocrx_word' id='word_1_233' title='bbox 546 2837 646 2876; x_wconf 86' lang='lat' dir='ltr'>portio</span> <span class='ocrx_word' id='word_1_234' title='bbox 674 2848 698 2866; x_wconf 85' lang='lat' dir='ltr'>c.</span> <span class='ocrx_word' id='word_1_235' title='bbox 787 2844 813 2865; x_wconf 90' lang='lat' dir='ltr'>c.</span> <span class='ocrx_word' id='word_1_236' title='bbox 840 2835 962 2873; x_wconf 55' lang='lat' dir='ltr'>conting</span> <span class='ocrx_word' id='word_1_237' title='bbox 991 2848 1017 2866; x_wconf 85' lang='lat' dir='ltr'>c.</span> <span class='ocrx_word' id='word_1_238' title='bbox 1107 2835 1136 2866; x_wconf 85' lang='lat' dir='ltr'>d.</span> <span class='ocrx_word' id='word_1_239' title='bbox 1165 2835 1246 2865; x_wconf 92' lang='lat' dir='ltr'>nullo</span> <span class='ocrx_word' id='word_1_240' title='bbox 1276 2847 1302 2865; x_wconf 86' lang='lat' dir='ltr'>c.</span> <span class='ocrx_word' id='word_1_241' title='bbox 1392 2845 1418 2865; x_wconf 88' lang='lat' dir='ltr'>e.</span> <span class='ocrx_word' id='word_1_242' title='bbox 1446 2835 1490 2865; x_wconf 75' lang='lat'>161</span> <span class='ocrx_word' id='word_1_243' title='bbox 1519 2836 1643 2866; x_wconf 78' lang='lat' dir='ltr'>addidit</span> 
     </span>
     <span class='ocr_line' id='line_1_34' title="bbox 84 2891 363 2929; baseline -0.007 -9"><span class='ocrx_word' id='word_1_244' title='bbox 84 2900 190 2920; x_wconf 81' lang='lat' dir='ltr'>manus</span> <span class='ocrx_word' id='word_1_245' title='bbox 209 2891 363 2929; x_wconf 72' lang='lat' dir='ltr'>posterior.</span> 
     </span>
    </p>
   </div>
   <div class='ocr_carea' id='block_1_10' title="bbox 181 2946 1381 2984">
    <p class='ocr_par' dir='ltr' id='par_1_12' title="bbox 181 2946 1381 2984">
     <span class='ocr_line' id='line_1_35' title="bbox 181 2946 1381 2984; baseline -0.002 0"><span class='ocrx_word' id='word_1_246' title='bbox 181 2948 214 2984; x_wconf 90' lang='lat'>1.</span> <span class='ocrx_word' id='word_1_247' title='bbox 238 2947 296 2984; x_wconf 86' lang='lat' dir='ltr'>tit.</span> <span class='ocrx_word' id='word_1_248' title='bbox 314 2946 352 2984; x_wconf 83' lang='lat' dir='ltr'>S.</span> <span class='ocrx_word' id='word_1_249' title='bbox 369 2947 569 2984; x_wconf 85' lang='lat' dir='ltr'>Susannae.</span> <span class='ocrx_word' id='word_1_250' title='bbox 665 2948 699 2983; x_wconf 82' lang='lat'>2.</span> <span class='ocrx_word' id='word_1_251' title='bbox 724 2947 835 2983; x_wconf 92' lang='lat' dir='ltr'>immo</span> <span class='ocrx_word' id='word_1_252' title='bbox 860 2946 1016 2983; x_wconf 84' lang='lat' dir='ltr'>diacono</span> <span class='ocrx_word' id='word_1_253' title='bbox 1040 2946 1078 2983; x_wconf 83' lang='lat' dir='ltr'>S.</span> <span class='ocrx_word' id='word_1_254' title='bbox 1095 2946 1229 2983; x_wconf 85' lang='lat' dir='ltr'>Mariae</span> <span class='ocrx_word' id='word_1_255' title='bbox 1254 2957 1381 2984; x_wconf 81' lang='lat' dir='ltr'>novae.</span> 
     </span>
    </p>
   </div>
   <div class='ocr_carea' id='block_1_11' title="bbox 1673 286 1765 322">
    <p class='ocr_par' dir='ltr' id='par_1_13' title="bbox 1673 286 1765 322">
     <span class='ocr_line' id='line_1_36' title="bbox 1673 286 1765 322; baseline -0.011 0"><span class='ocrx_word' id='word_1_256' title='bbox 1673 286 1765 322; x_wconf 80' lang='lat'>1147</span> 
     </span>
    </p>
   </div>
   <div class='ocr_carea' id='block_1_12' title="bbox 1662 336 1778 366">
    <p class='ocr_par' dir='ltr' id='par_1_14' title="bbox 1662 336 1778 366">
     <span class='ocr_line' id='line_1_37' title="bbox 1662 336 1778 366; baseline -0.009 0"><span class='ocrx_word' id='word_1_257' title='bbox 1662 345 1688 366; x_wconf 90' lang='lat' dir='ltr'>c.</span> <span class='ocrx_word' id='word_1_258' title='bbox 1706 336 1778 366; x_wconf 85' lang='lat' dir='ltr'>Dec.</span> 
     </span>
    </p>
   </div>
   <div class='ocr_carea' id='block_1_13' title="bbox 1676 1129 1767 1164">
    <p class='ocr_par' dir='ltr' id='par_1_15' title="bbox 1676 1129 1767 1164">
     <span class='ocr_line' id='line_1_38' title="bbox 1676 1129 1767 1164; baseline -0.011 0"><span class='ocrx_word' id='word_1_259' title='bbox 1676 1129 1767 1164; x_wconf 82' lang='lat'>1147</span> 
     </span>
    </p>
   </div>
   <div class='ocr_carea' id='block_1_14' title="bbox 1663 1178 1780 1208">
    <p class='ocr_par' dir='ltr' id='par_1_16' title="bbox 1663 1178 1780 1208">
     <span class='ocr_line' id='line_1_39' title="bbox 1663 1178 1780 1208; baseline 0 0"><span class='ocrx_word' id='word_1_260' title='bbox 1663 1187 1689 1208; x_wconf 89' lang='lat' dir='ltr'>e.</span> <span class='ocrx_word' id='word_1_261' title='bbox 1706 1178 1780 1208; x_wconf 86' lang='lat' dir='ltr'>Dec.</span> 
     </span>
    </p>
   </div>
   <div class='ocr_carea' id='block_1_15' title="bbox 1681 2437 1770 2472">
    <p class='ocr_par' dir='ltr' id='par_1_17' title="bbox 1681 2437 1770 2472">
     <span class='ocr_line' id='line_1_40' title="bbox 1681 2437 1770 2472; baseline -0.011 0"><span class='ocrx_word' id='word_1_262' title='bbox 1681 2437 1770 2472; x_wconf 78' lang='lat'>1147</span> 
     </span>
    </p>
   </div>
   <div class='ocr_carea' id='block_1_16' title="bbox 1666 2486 1783 2516">
    <p class='ocr_par' dir='ltr' id='par_1_18' title="bbox 1666 2486 1783 2516">
     <span class='ocr_line' id='line_1_41' title="bbox 1666 2486 1783 2516; baseline -0.017 0"><span class='ocrx_word' id='word_1_263' title='bbox 1666 2495 1691 2516; x_wconf 84' lang='lat' dir='ltr'>e.</span> <span class='ocrx_word' id='word_1_264' title='bbox 1708 2486 1783 2516; x_wconf 84' lang='lat' dir='ltr'>Dec.</span> 
     </span>
    </p>
   </div>
  </div>
 </body>
</html>
