1924 3288
306 197 392 241 190
757 206 955 238 wmALm
982 203 1231 236 nns'ronffl
1259 203 1330 235 115.
1351 203 1422 236 116.

186 306 278 343 1148
302 303 562 359 nominatae,
600 306 690 346 tam
725 301 912 344 famosae
951 302 994 344 et
1023 299 1246 356 aliquando
1275 302 1365 343 tam
1396 298 1595 344 honestae
1625 296 1863 354 aeeclesia,

193 356 276 396 δορὶ
302 380 521 425 mallemus
550 382 782 437 presentes,
814 378 851 422 si
879 378 1084 435 temporis
1108 376 1310 421 articulus
1339 377 1617 434 permitteret,
1647 374 1762 434 apud
1787 387 1864 420 vos

302 459 522 516 deplorare
553 471 679 514 quam
709 456 901 500 absentes
933 455 1102 513 scriptis
1124 453 1372 511 significare.
1419 454 1625 506 Quoniam
1651 465 1752 500 vero
1777 453 1865 497 iam

303 550 356 580 ex
387 537 557 592 antiquo
588 535 777 578 omnium
805 537 995 578 vestrum
1031 533 1294 577 honestatem
1329 532 1560 590 plurimum
1591 542 1778 590 semper
1794 529 1865 578 di·

302 613 496 668 leximus,
531 613 576 655 in
606 612 876 656 tribulatione
909 624 1035 668 quam
1064 611 1109 654 in
1138 610 1448 668 presentiarum
1476 609 1596 654 vobis
1624 607 1866 658 incumbffl

302 690 607 748 perspeximus,
637 693 826 733 nostram
857 703 1020 746 quoque
1042 688 1380 744 consolationem,
1411 688 1449 732 si
1478 701 1562 744 qua
1588 689 1731 746 potest
1752 699 1864 742 esse,

303 771 346 812 et
383 768 770 824 commonitorium,
811 767 922 824 quod
957 766 1076 811 vobis
1114 770 1330 823 presentes
1369 766 1469 810 dare
1507 765 1751 822 nequimus,
1787 776 1866 822 per

304 846 442 902 apices
473 849 639 889 nostros
669 848 834 890 vestrae
864 844 1078 889 dilectioni
1097 844 1245 888 devote
1265 844 1644 888 subministramus.
1691 841 1867 889 Summa

302 923 432 979 igitur
461 927 630 967 nostrae
661 923 996 967 commonitionis
1025 922 1129 966 haec
1159 925 1242 966 est:
1280 925 1328 966 ut
1357 922 1395 965 si
1425 945 1482 952 —
1514 919 1866 978 quemadmodum

303 1001 587 1045 intelleximus
627 1001 762 1045 adhuc
797 1001 1013 1045 constituti
1043 1000 1155 1058 apud
1184 1000 1384 1043 domnum
1412 1012 1568 1057 papam
1598 1022 1661 1028 ——-
1687 997 1865 1046 electum

304 1076 514 1124 vestrum¹
542 1079 696 1123 habere
735 1092 821 1122 non
850 1078 1048 1136 potestis,
1089 1078 1142 1122 ad
1181 1077 1445 1124 concordiam
1475 1080 1518 1121 et
1543 1074 1867 1126 unanimitatem

305 1157 550 1214 quantocius
580 1157 776 1212 redeatis,
808 1160 850 1201 et
879 1157 989 1200 sicut
1019 1155 1193 1211 diligitis
1223 1155 1424 1199 honorem
1443 1157 1631 1199 vestrm
1657 1155 1701 1198 et
1718 1163 1867 1211 pacm

305 1235 503 1279 ecclesiae
531 1238 710 1290 vestrae,
742 1234 966 1278 concordes
997 1237 1039 1278 et
1065 1233 1284 1277 unanimes
1304 1233 1501 1289 redeatis,
1532 1231 1726 1287 scienteS,
1756 1229 1867 1288 quud

304 1326 390 1356 non
418 1312 618 1356 mentitur
649 1312 720 1368 qui
751 1312 877 1355 dixit:
920 1312 1050 1355 Omne
1079 1327 1251 1370 reynum
1281 1313 1325 1354 in
1354 1327 1397 1354 se
1425 1313 1561 1368 ipsum
1590 1310 1765 1355 divisum
1794 1309 1866 1358 dg—

303 1387 537 1435 solabitufl.
584 1389 640 1434 Et
670 1390 707 1433 si
729 1389 897 1446 quidem
918 1389 1071 1433 habere
1099 1388 1274 1445 potestis
1294 1388 1405 1431 inter
1424 1400 1499 1431 vos
1530 1399 1655 1443 quem
1685 1385 1865 1442 eligatis,

303 1482 389 1512 non
419 1467 642 1522 differatis3
683 1467 720 1511 si
751 1471 891 1511 autem
922 1466 1108 1522 aliunde,
1149 1469 1192 1510 et
1220 1466 1299 1510 hoc
1329 1465 1581 1509 acceleretis·
1643 1463 1730 1509 Sub
1759 1462 1866 1510 dilm-

304 1546 418 1589 tione
449 1545 562 1589 enim
593 1545 756 1601 aliquae
786 1545 1111 1602 inportunitates
1142 1544 1322 1588 suboriri
1351 1546 1561 1601 poterunt.
1606 1541 1694 1586 Nos
1724 1543 1866 1588 autem

305 1623 356 1667 de
387 1623 560 1667 consilio
590 1626 735 1667 nostro
766 1623 884 1667 vobis
915 1622 1101 1679 inparati
1129 1635 1215 1665 non
1246 1621 1414 1667 erimus.

311 1765 425 1812 116.
452 1767 672 1810 Heinricus
706 1768 991 1810 Romanorum
1028 1782 1104 1809 rex
1133 1764 1325 1823 Euyenio
1355 1764 1431 1808 HI
1453 1779 1597 1821 papae
1625 1745 1866 1807 Ham-im

455 1845 804 1903 archiepiscopum
842 1844 1153 1901 Moyuntinum,
1191 1845 1264 1901 qui
1301 1842 1359 1886 ad
1394 1841 1595 1900 synodum
1622 1839 1866 1892 Rementem

453 1938 536 1966 non
574 1923 804 1976 accesserit,
845 1929 1032 1977 excusat5
1072 1936 1243 1979 eumque
1282 1920 1341 1962 ad
1371 1934 1532 1977 papam
1569 1925 1728 1965 euntem
1755 1931 1865 1965 come·

454 2000 630 2043 mendat.
1679 1991 1752 2048 (Μ.
1775 1992 1864 2047 99.)

187 2097 280 2134 1148
425 2088 709 2132 Dilectissimo
740 2088 786 2131 111
807 2087 973 2131 Christo
1002 2087 1115 2144 patri
1134 2085 1323 2141 Eugenio
1354 2087 1522 2128 sanctae
1541 2083 1752 2127 Romanae
1770 2088 1864 2127 aocss·

196 2147 279 2187 sept'
307 2166 457 2210 clesiae
488 2179 650 2209 summo
682 2164 871 2223 pontifici
900 2164 1123 2209 Heinricus
1153 2163 1234 2207 Dei
1263 2163 1398 2219 gratia
1426 2162 1565 2205 iunior
1583 2160 1864 2204 Romanorum

306 2257 395 2299 rex,
426 2242 536 2286 filius
565 2243 708 2298 magni
729 2243 940 2287 Cuonradi
960 2242 1095 2286 incliti
1115 2240 1432 2298 triumphatoris
1451 2238 1735 2282 Romanorum
1752 2227 1864 2294 regis

308 2325 351 2366 et
379 2334 546 2379 semper
577 2321 755 2376 augusti,
786 2320 956 2365 filialem
985 2334 1062 2378 per
1093 2319 1235 2363 omnia
1264 2317 1529 2362 dilectionem
1553 2319 1596 2360 et
1614 2315 1799 2360 debitam
1817 2315 1864 2359 in

307 2399 488 2445 Domino
517 2398 808 2443 reverentiam.
1843 2406 1861 2410 ·’

427 2477 678 2522 Carissimus
708 2479 829 2533 pater
859 2477 1021 2531 noster,
1053 2473 1281 2519 catholicae
1309 2471 1407 2516 fidei
1437 2470 1584 2527 cultor,
1617 2484 1642 2514 a
1669 2470 1791 2516 nobis
1821 2473 1864 2516 et

309 2570 335 2599 a
362 2568 491 2611 regno
524 2568 598 2598 suo
631 2553 860 2608 discedens,
891 2552 1011 2596 nobis
1042 2552 1144 2596 haee
1174 2542 1399 2609 supprema
1428 2552 1470 2593 et
1499 2549 1700 2592 memorie
1730 2548 1863 2593 anius

307 2633 514 2690 impressa
542 2631 743 2675 mandata
771 2630 899 2686 dedit,
930 2633 979 2673 ut
997 2642 1220 2687 personam
1240 2631 1423 2672 vestram
1444 2639 1606 2669 summo
1629 2625 1861 2670 dilectionis

309 2709 459 2754 affectu
489 2709 847 2766 amplecteremur,
878 2711 926 2751 ut
955 2709 1263 2751 sacrosanctam
1292 2707 1469 2748 matrem
1498 2707 1685 2748 nostram
1709 2703 1862 2748 Roma·

308 2802 406 2831 nam
437 2787 680 2831 aecclesiam
711 2787 912 2844 precipua
941 2784 1158 2840 diligentia
1187 2782 1414 2827 coleremus
1445 2784 1487 2825 et
1511 2795 1579 2825 res
1600 2781 1732 2839 ipsius
1751 2780 1861 2825 tueri

310 2878 358 2909 ac
387 2864 623 2921 defensare,
661 2864 896 2921 ubieunque
926 2876 971 2907 se
1001 2860 1262 2920 oportunitas
1293 2857 1478 2915 offerret,
1517 2872 1601 2903 non
1630 2848 1860 2916 negligere-

404 2953 436 2987 1.
462 2952 683 2998 Roggerum.
779 2952 813 2988 2.
839 2951 928 2987 Luc.
949 2950 1003 2996 ll,
1022 2950 1077 2986 17.
