1924 3262
318 196 402 240 102
783 208 981 239 wmALm
1008 207 1258 239 Ems'rom
1285 208 1335 238 23.
1356 208 1407 239 24.

317 301 398 348 23.
437 304 651 347 Comadus
669 304 744 347 IH
761 319 835 347 rem
858 303 1118 346 stabulenses
1148 304 1199 347 de
1222 303 1411 348 Wibaldo
1435 305 1626 349 eeclesiae
1645 305 1877 350 Gorbmend

424 380 641 439 praefecto
673 383 863 424 certiores
883 380 1007 439 facit.
1054 380 1209 436 Monet,
1240 388 1287 424 ut
1315 382 1402 424 eius
1427 383 1653 427 absentiam
1665 384 1876 442 patimur

422 458 604 516 ferant⁰.
1716 458 1792 514 (Ἠ.
1811 459 1874 516 9.)
1893 448 1912 469 ⁸

197 556 290 592 1146
433 546 648 590 Conradus
686 545 767 590 Dei
807 546 945 602 gratia
979 545 1263 590 Romanorum
1300 561 1377 591 rex
1412 546 1598 605 Ruperto
1634 547 1875 594 Stabulensi

207 605 281 636 ¹³⁰⁰·
315 624 469 668 decano
508 627 550 667 et
588 624 737 668 ceteris
774 624 999 680 fratribus,
1037 624 1382 669 ministerialibus
1425 638 1588 682 quoque
1625 638 1675 671 ac
1702 626 1783 671 toti
1810 626 1875 672 h-

314 701 455 745 miliae
486 702 673 745 eiusdem
704 702 902 746 ecclesiae
932 702 1113 758 gratiam
1143 715 1264 746 suam
1294 706 1336 746 et
1365 716 1487 747 omne
1516 703 1686 748 bonum.

433 778 551 822 Sicut
582 779 725 823 divina
753 780 964 823 ordinavit
981 779 1259 837 providentia,
1289 780 1409 824 iuxta
1427 779 1615 824 fidelium
1633 783 1875 826 nostrornm

314 856 534 900 consilium
573 857 626 900 ad
662 857 910 914 petitionem
946 857 1209 902 Gorbeiensis
1248 857 1446 902 ecclesiae
1481 857 1648 903 fidelem
1682 861 1874 904 nostrum

312 933 554 978 Wibaldum
592 935 785 979 abbatem
824 938 1031 990 vestrum,
1070 938 1236 979 retenta
1263 939 1406 980 vestra
1432 936 1671 993 provisione
1701 939 1744 982 et
1772 949 1874 982 cura

313 1024 440 1067 quam
476 1013 595 1069 prius
631 1012 856 1068 habuerat,
904 1013 1158 1057 monasterio
1196 1012 1439 1057 Corbeiensi
1474 1014 1763 1071 praefecimus.
1815 1014 1876 1060 Et

313 1089 412 1146 quia
442 1103 495 1133 ex
524 1089 616 1145 hoc,
646 1093 695 1133 ut
725 1104 942 1147 speramus
965 1094 1007 1134 et
1025 1090 1230 1146 volumus,
1261 1091 1448 1134 maxima
1467 1091 1692 1136 eeclesiae·
1710 1090 1873 1139 utilius

310 1167 534 1224 provenire
571 1170 732 1224 potest,
771 1168 1091 1212 universitatem
1126 1171 1311 1212 vestram
1340 1181 1418 1226 per
1446 1170 1687 1226 praesentia
1711 1163 1876 1229 ’κύρω

313 1247 472 1289 attente
500 1246 707 1289 monendo
738 1259 949 1301 rogamus,
988 1249 1193 1302 quatenus
1224 1246 1455 1290 absentiam
1486 1247 1589 1303 eius,
1619 1248 1873 1307 regnoqniu

230 1336 234 1339 ·
312 1322 408 1366 dem
445 1323 726 1367 necessariam
763 1326 806 1367 et
842 1323 963 1367 nobis
1000 1337 1085 1367 non
1122 1323 1336 1379 inutilem,
1375 1324 1586 1382 patienter
1615 1325 1875 1383 supportetis

312 1403 355 1445 et
389 1401 436 1444 in
473 1400 673 1445 ecclesiae
709 1403 875 1444 vestrae
915 1401 1288 1459 oportunitatibus,
1328 1402 1365 1445 si
1402 1415 1485 1458 qua
1514 1403 1709 1458 graviora
1738 1413 1877 1449 emer*

312 1478 463 1534 serint,
502 1479 599 1536 piae
635 1478 927 1522 sollicitudinis
959 1492 1130 1536 operam
1160 1479 1345 1523 studiose
1373 1479 1640 1537 impendatis.
1687 1480 1807 1534 Quod
1834 1482 1873 1526 si

310 1556 356 1599 in
387 1556 596 1613 aliquibus
626 1559 820 1600 nostrum
851 1557 1106 1600 adiutorium
1134 1556 1253 1600 vobis
1282 1557 1411 1601 fuerit
1436 1558 1732 1615 necessarium,
1764 1559 1874 1604 sicut

310 1634 512 1678 hactenus
550 1648 716 1692 semper
754 1634 873 1678 vobis
908 1633 1064 1678 fuimus
1102 1635 1297 1692 propitii,
1335 1636 1397 1679 ita
1430 1648 1544 1680 nunc
1580 1636 1766 1682 maxime
1792 1646 1873 1683 nos

313 1720 479 1770 semper
508 1711 734 1756 clementes
763 1711 983 1756 habebitis.

316 1870 397 1918 24.
433 1874 647 1917 conradus
675 1872 751 1917 HI
770 1889 846 1916 rea·
874 1873 1071 1916 Heinrico
1102 1872 1240 1916 Leom·
1269 1873 1365 1916 duci
1392 1873 1644 1930 wibaldum,
1684 1867 1871 1920 abbatem

434 1951 714 1994 corbeiensem
733 1951 911 2010 factum,
944 1951 1210 1993 commendat.
1684 1950 1757 2006 (Μ.
1783 1952 1868 2008 18.)

197 2044 290 2080 1146
433 2038 683 2094 C(onradus)
728 2039 809 2084 Dei
861 2040 999 2095 gratia
1041 2039 1325 2083 Romanorum
1375 2053 1453 2084 rex
1497 2039 1728 2096 H(einrieo)
1773 2040 1870 2098 duci

206 2093 280 2125 Dec.
315 2116 523 2162 Saxoniae
553 2117 733 2173 gratiam
764 2131 885 2161 suam
914 2121 956 2162 et
985 2131 1108 2161 omne
1138 2117 1306 2161 bonum.

433 2194 551 2238 Siout
580 2195 724 2238 divina
752 2195 963 2239 ordinavit
980 2195 1258 2253 providentia,
1288 2195 1408 2238 iuxta
1425 2193 1611 2238 fidelium
1630 2198 1869 2242 nostrorum

314 2271 535 2316 consilium
573 2273 627 2316 ad
663 2273 915 2330 peticionem
946 2272 1209 2317 Corbeiensis
1248 2271 1445 2316 ecclesiae
1481 2270 1647 2317 fidelem
1676 2277 1868 2319 nostrum

313 2349 553 2394 Wibaldum
584 2349 873 2394 Stabulensem
910 2350 1104 2395 abbatem
1138 2350 1391 2394 monasterio
1422 2349 1663 2394 Corbeiensi
1690 2351 1867 2408 prefeci-

312 2441 419 2471 mus.
467 2427 647 2471 Proinde
676 2427 928 2471 industriam
957 2431 1075 2471 tuam
1105 2431 1263 2472 attente
1283 2426 1488 2471 monendo
1508 2440 1717 2485 rogamus,
1747 2432 1796 2474 ut
1824 2433 1867 2475 et

312 2518 537 2563 personam
572 2505 706 2562 ipsius
744 2504 969 2549 honorifice
1006 2505 1052 2548 in
1086 2505 1278 2549 omnibus
1309 2504 1517 2548 custodias
1549 2508 1591 2548 et
1621 2505 1674 2549 ad
1701 2506 1865 2551 recolli-

313 2583 470 2639 gendas
501 2585 543 2626 et
569 2582 820 2626 ordinandas
841 2583 1124 2640 possessiones
1145 2581 1407 2626 Corbeiensis
1428 2580 1626 2626 ecclesiae
1645 2583 1865 2629 consilium

314 2661 353 2705 ei
383 2664 426 2704 et
451 2660 653 2704 auxilium
673 2660 870 2718 prebeas3
902 2660 1013 2717 quod
1031 2660 1151 2704 nobis
1172 2659 1455 2716 gratissimum
1474 2659 1576 2715 fore,
1606 2659 1721 2705 nullo
1740 2661 1863 2707 modo

314 2737 583 2782 dubitaveris.
688 2737 753 2781 De
782 2737 906 2781 rebus
938 2740 1078 2782 autem
1099 2738 1198 2793 suis,
1231 2750 1333 2794 quas
1354 2736 1465 2794 apud
1485 2735 1721 2794 Gruninge¹
1739 2738 1863 2784 homo

411 2841 437 2862 a.
466 2833 634 2863 Edidemnt
655 2834 792 2862 Matiene
812 2838 841 2862 ee
859 2833 1006 2870 Dav-and,
1035 2834 1088 2873 qm·
1106 2832 1236 2872 epistola
1256 2831 1334 2863 unde
1355 2837 1455 2862 tracia
1476 2838 1553 2863 eecce
1578 2844 1637 2864 non
1666 2834 1862 2867 ostendant.

314 2884 344 2915 b.
364 2887 482 2916 vestrae
503 2886 652 2916 excidisse
671 2885 786 2916 videtur

409 2948 441 2985 1.
467 2947 678 2995 Groningen
701 2947 748 2986 ab
771 2947 1007 2985 Halberstadt
1029 2947 1077 2984 ad
1099 2947 1289 2985 orientem.
