1930 3224
189 282 260 318 836

174 331 260 362 Iunio

286 171 343 215 22
829 181 1118 213 TRANSLATIO
1149 181 1185 213 s.
1206 182 1302 213 v1¹1=1

283 277 404 322 fleret
431 292 534 335 prae
564 277 731 333 gaudio,
763 279 836 320 aut
861 276 953 332 quis
974 289 1060 318 non
1080 275 1289 320 exultaret
1307 290 1385 334 pro
1405 279 1496 321 tam
1514 277 1689 327 devotae
1708 291 1847 326 811800-

283 355 441 413 ptionis
480 355 681 399 occursu?
733 354 854 398 Tales
887 353 1000 415 enim
1030 355 1073 396 et
1101 356 1243 398 tantos
1273 355 1447 399 comites
1475 355 1697 413 habentes,
1734 356 1849 415 apud

284 432 430 477 villam
460 433 720 491 praedictam
750 434 917 475 noctem
936 444 1065 474 unam
1086 431 1344 487 quieverunt.
1392 432 1536 490 Ibique
1557 434 1728 491 quidam
1746 434 1847 479 ado-

283 510 443 555 lescens
475 523 570 553 cum
600 513 735 553 matre
765 508 970 564 interfuit,
1003 508 1076 565 qui
1103 508 1285 554 habebat
1313 524 1486 554 manum
1512 510 1674 557 aridam
1693 525 1720 556 0
1737 512 1848 558 nati-

283 588 433 642 vitate3
481 588 729 643 statimque³
766 590 815 629 ut
860 586 998 643 coepit
1034 586 1260 644 implorare
1298 587 1607 646 Omnipotentis
1646 589 1849 637 auxilium

284 668 327 710 et
356 665 491 708 sancti
520 665 719 722 martyris
751 663 997 720 subsidium,
1028 664 1224 708 manumb
1253 679 1400 710 sanam
1425 666 1573 711 habuit
1590 670 1639 711 ut
1657 667 1846 717 alteram.

283 743 332 786 In
362 743 455 800 ipso
487 742 614 786 etiam
644 741 735 785 1000
766 745 960 799 repertus
992 745 1056 785 est
1086 743 1269 799 quidam,
1306 744 1374 787 0111
1403 744 1539 788 01111118
1568 747 1756 802 potestas
1785 745 1848 791 lo-

285 820 438 877 quendi
470 819 611 863 ablata
631 823 714 874 est3
748 820 819 876 qui
838 822 1002 863 tantam
1023 820 1248 865 sanitatem
1269 821 1444 879 adeptus
1466 825 1543 878 est,
1572 825 1621 867 ut
1640 822 1692 868 ab
1713 823 1848 869 omni-

283 898 360 941 bus
407 897 479 953 qui
521 897 697 940 aderant
742 898 1002 942 rectissime⁰
1043 898 1258 942 audiretur
1294 913 1491 944 resonare
1529 900 1671 945 verba.
1759 900 1849 947 „Et

282 975 470 1018 mulieris
510 974 727 1018 cuiusdam
765 975 949 1020 debiles'¹
979 975 1108 1032 pedes
1145 976 1240 1033 ipsa
1275 980 1398 1022 nocte
1433 977 1618 1022 naturali
1650 962 1747 1023 usui
1780 992 1848 1024 re-

283 1052 422 1096 stituti
452 1055 562 1095 sunt.

400 1129 667 1174 Praedictam
697 1130 869 1174 tandem
898 1130 1044 1175 villam
1073 1131 1371 1188 relinquentes,
1402 1135 1608 1176 venerunt
1637 1132 1693 1177 ad
1721 1132 1849 1179 aliam

282 1207 350 1251 cui
379 1221 535 1252 nomen
571 1211 636 1252 est
663 1207 836 1252 Bracal‘
850 1206 873 1265 ¹,
913 1209 987 1253 ubi
1023 1209 1249 1253 multitudo
1287 1223 1441 1266 magna
1469 1210 1618 1268 populi
1647 1210 1846 1256 advenit'.

281 1285 429 1329 Plures
461 1285 590 1330 etiam
621 1286 796 1330 aderant
826 1286 984 1330 debiles
1016 1289 1058 1330 et
1086 1286 1256 1343 infirmi,
1289 1288 1360 1344 qui
1391 1288 1534 1345 cupidi
1563 1291 1685 1333 erant
1703 1288 1764 1335 ab
1782 1289 1849 1335 in-

282 1362 531 1407 firmitatum
561 1364 740 1408 vinculis
773 1364 891 1408 solvi.
954 1364 1069 1408 Inter
1100 1378 1203 1421 quos
1234 1378 1329 1408 011111
1361 1366 1565 1422 quaedam
1593 1365 1746 1411 mulier
1773 1366 1849 1412 ud·-

283 1441 487 1498 venisset,
528 1456 634 1498 quae
672 1442 854 1486 habebat
892 1443 1112 1487 dexterum
1149 1442 1367 1487 brachium
1401 1444 1464 1487 ita
1500 1446 1761 1489 contractum
1794 1445 1849 1491 ab

284 1519 404 1563 annis
437 1522 529 1563 octo
539 1526 568 1575 ⁸,
607 1523 656 1563 ut
684 1534 762 1564 nec
793 1534 839 1564 os
869 1534 948 1565 1100
978 1523 1105 1578 caput
1133 1524 1277 1578 posset
1306 1521 1512 1576 attingere
1540 1534 1618 1566 neo
1646 1521 1724 1566 ulli
1751 1523 1849 1568 usui

285 1597 454 1654 aptumh
487 1601 610 1653 esset,
643 1601 869 1655 antequam
900 1599 954 1642 ad
974 1599 1177 1642 feretrum
1197 1599 1452 1655 accessisset,
1484 1603 1715 1658 coeperunt
1727 1599 1853 1645 nervi·

283 1675 490 1732 paulatim
517 1675 701 1719 relaxari
721 1679 763 1720 et
782 1690 927 1732 venae,
960 1690 1066 1732 quae
1085 1676 1252 1720 fuerant
1272 1677 1426 1732 aridae,
1458 1677 1661 1733 sanguine
1678 1677 1846 1736 repleri,

285 1753 635 1810 cernentibusque
672 1753 878 1810 pluribusi
919 1753 1159 1798 brachium*
1188 1753 1264 1798 110Ι
1294 1768 1444 1798 sanum
1480 1755 1639 1799 factum
1677 1758 1764 1812 est,
1799 1759 1850 1801 ut

283 1830 448 1874 nullum
487 1832 743 1877 curvationis
782 1832 949 1887 signum
986 1832 1032 1875 in
1069 1845 1117 1875 eo
1157 1835 1391 1889 appareret.
1453 1831 1544 1884 Qua
1580 1833 1632 1877 de
1667 1847 1714 1878 re
1751 1846 1848 1880 cum

286 1909 540 1965 dubitarent,
571 1912 699 1953 testes
732 1909 860 1953 etiam
888 1913 1200 1966 quaererentur,
1230 1909 1392 1954 inventi
1412 1913 1510 1954 sunt
1527 1909 1702 1968 plurimi
1719 1911 1849 1957 vicim’

286 1991 329 2032 et
366 1987 553 2043 cognati3
593 1987 763 2030 domina
801 1987 929 2031 etiam
966 1987 1134 2044 ipsiusm
1164 1987 1352 2031 mulieris
1392 1986 1511 2031 affuit
1545 1988 1590 2031 in
1619 1988 1712 2046 ipso
1740 1988 1846 2035 1000.

286 2065 464 2123 Ipsaque
494 2067 616 2108 nocte
648 2065 800 2109 etiamn
832 2068 976 2108 curata
1006 2068 1071 2109 est
1100 2064 1184 2108 alia
1211 2065 1375 2121 mulier,
1407 2079 1513 2122 quae
1541 2065 1644 2110 adeo
1665 2069 1756 2110 erat
1774 2066 1847 2111 de-

285 2143 453 2187 bilitata
490 2143 577 2186 iam
607 2143 728 2186 annis
760 2142 924 2198 decem,
963 2145 1032 2199 ut,
1070 2142 1108 2186 si
1137 2143 1302 2199 quando
1333 2143 1384 2186 de
1412 2142 1503 2186 1000
1535 2143 1589 2186 ad
1615 2142 1755 2187 locum
1782 2143 1847 2189 ire

286 2220 425 2276 vellet,
458 2224 530 2264 aut
559 2220 744 2264 iumento
775 2220 997 2264 veheretur
1027 2223 1101 2264 aut
1128 2220 1320 2264 manibus
1352 2234 1474 2264 versa
1502 2220 1594 2267 vice
1621 2235 1700 2278 pro
1727 2221 1846 2279 pedi-

286 2299 364 2343 bus
395 2301 603 2353 uteretur3
636 2311 763 2355 quae,
797 2298 905 2342 sieut
934 2298 1094 2342 dictum
1125 2302 1210 2354 est,
1241 2298 1485 2354 curabatur,
1515 2301 1564 2342 ut
1593 2298 1845 2344 adminiculo

288 2376 459 2420 alterius
497 2376 543 2419 in
581 2375 831 2420 ambulando
870 2389 955 2419 11011
984 2376 1203 2432 indigeret.
1323 2375 1469 2422 Puella
1497 2376 1624 2420 etiam
1653 2377 1844 2434 parvula,

289 2468 314 2498 a
342 2453 563 2498 nativitate
599 2453 758 2498 habens
797 2467 968 2497 manum
1007 2453 1169 2497 aridam
1207 2455 1250 2497 et
1278 2456 1554 2509 contractam,
1591 2457 1738 2499 curata
1766 2458 1842 2500 est.

287 2531 345 2576 Et
373 2534 490 2575 muto
521 2531 687 2575 cuidam
715 2530 882 2587 loquela
911 2531 1107 2575 restituta
1137 2533 1213 2575 est.

406 2609 618 2653 Hactenus
650 2622 756 2665 quae
785 2611 1011 2652 narrantur
1042 2611 1084 2652 et
1114 2608 1197 2652 alia
1217 2621 1341 2665 quam
1360 2606 1555 2665 plurima,
1587 2622 1692 2664 quae
1713 2608 1843 2654 oculis

288 2688 580 2745 perspeximus
612 2690 654 2730 et
681 2686 869 2744 probatis
899 2686 1076 2730 testibus
1108 2684 1409 2729 affirmantibus
1428 2685 1737 2743 requisivimus,
1766 2701 1844 2745 per

383 2774 409 2794 a.
432 2764 539 2795 Statim
562 2766 591 2794 2.
655 2763 684 2794 b.
706 2773 826 2793 manum
848 2774 904 2794 om.
920 2764 948 2793 2.
1012 2772 1037 2793 0.
1059 2763 1228 2794 rectissima
1249 2763 1277 2792 2.
1340 2762 1371 2792 d.
1392 2762 1501 2793 debilis
1524 2763 1552 2793 1.
1618 2773 1644 2794 e.
1665 2763 1792 2795 Brochnl
1813 2766 1843 2796 2.

290 2816 311 2846 f.
333 2817 464 2847 adunata
484 2818 532 2847 est
553 2818 581 2847 2.
644 2826 672 2855 g.
694 2826 802 2847 novem
823 2817 852 2847 2.
914 2815 945 2846 h.
967 2817 1038 2856 apta
1055 2818 1084 2847 2.
1146 2816 1167 2846 i.
1189 2815 1379 2846 cernentibus
1392 2814 1530 2855 plurimis
1545 2817 1574 2847 2.
1635 2816 1666 2847 k.
1687 2816 1842 2849 brachium

293 2870 412 2900 addidi.
476 2870 497 2900 1.
518 2879 597 2908 genu
618 2870 708 2900 addit
731 2870 758 2899 1.
821 2879 861 2900 m.
882 2869 964 2900 illius
986 2871 1015 2900 2.
1077 2879 1107 2899 n.
1129 2869 1220 2899 etiam
1240 2879 1296 2900 om.
1311 2869 1341 2899 2.

386 2928 420 2962 1.
451 2927 585 2963 Brakel
607 2938 631 2963 a
654 2926 887 2964 Paderborna
909 2926 957 2963 ad
981 2926 1170 2964 orientem.
