1924 3288
544 250 743 282 wmALm
771 249 993 282 nmsrom
1022 249 1092 280 202.
1511 236 1597 280 321

37 344 207 404 quidem
234 344 436 390 hactenus
455 346 631 391 fecimus
653 345 707 391 ad
725 345 998 404 voluptatem,
1030 347 1095 389 set
1112 357 1225 389 nunc
1242 356 1392 401 rogare
1412 343 1602 400 cogimur
1654 345 1748 382 1149

36 436 114 482 per
148 423 455 469 necessitatem.
523 423 695 468 Etenim
733 427 911 481 quantas
949 422 1222 468 contumelias
1261 425 1303 467 et
1339 422 1385 467 in
1421 434 1603 480 persona
1624 395 1779 427 ⁰⁰t‘N‘W‘

37 503 184 546 nostra
212 504 255 546 et
283 502 330 546 in
358 503 484 547 rebus
515 503 816 559 sustineamus,
847 502 1027 559 litterae,
1060 515 1163 559 quas
1194 501 1348 546 domno
1377 501 1470 557 regi
1500 500 1604 544 scri-

36 579 214 637 psimus,
244 583 343 625 tuae
374 580 588 626 dilectioni
618 584 812 639 patenter
841 581 1100 625 indicabunt.
1147 579 1257 624 Sane
1276 579 1356 623 hoc
1374 578 1605 636 plurimum

38 669 111 702 cor
145 661 339 703 nostrum
373 659 462 703 urit
499 662 542 703 et
577 659 850 715 cogitationes
889 662 1056 703 nostras
1092 659 1139 702 in
1175 657 1363 702 dolorem
1404 657 1607 712 accendit,

41 735 152 792 quod
188 736 241 781 ab
279 737 428 781 emulis
464 738 619 781 nostris
649 738 851 794 iactatur,
889 737 1022 794 mala,
1062 750 1168 794 quae
1198 736 1320 781 nobis
1352 735 1607 791 acciderunt,

39 817 146 858 nutu
174 827 225 859 ac
243 815 460 859 voluntate
489 815 649 859 domini
677 816 814 859 nostri
842 816 955 871 regis
987 815 1196 870 evenisse3
1230 828 1278 859 ac
1306 813 1451 859 fideles
1473 813 1609 858 nostri

41 905 169 951 super
197 892 276 937 hoc
295 894 579 938 coniecturam
599 897 784 950 sumunt,
816 893 927 951 quod
948 894 1120 938 absente
1141 893 1311 937 domino
1331 896 1475 937 nostro
1495 905 1609 948 rege,

40 982 137 1014 cum
165 984 342 1028 regnum
372 972 679 1029 quodammodo
709 971 943 1017 claudicare
972 975 1208 1030 putaretur,
1238 971 1370 1015 nichil
1399 971 1484 1016 tale
1513 984 1610 1029 pre-

41 1052 258 1107 sumptum
294 1050 387 1094 fuit.
459 1049 534 1094 Set
570 1050 784 1095 recordari
823 1051 943 1095 decet
980 1050 1284 1107 experientiam
1322 1053 1441 1094 tuam
1478 1052 1521 1093 et
1558 1049 1612 1092 ad

41 1128 289 1172 memoriam
317 1128 518 1173 reducere
549 1129 717 1173 domino
747 1131 891 1173 nostro
922 1128 1026 1185 regi,
1059 1127 1239 1185 qualiter
1269 1127 1323 1171 ad
1352 1128 1512 1185 primas
1541 1126 1613 1170 lit-

41 1208 155 1250 teras
193 1209 382 1263 nostras,
421 1220 519 1251 cum
554 1208 601 1251 in
632 1207 691 1252 eis
721 1207 807 1265 ipsi
835 1206 1065 1251 revertenti
1095 1206 1262 1251 devotio
1292 1209 1439 1250 nostra
1469 1218 1614 1249 occur-
1635 1215 1712 1247 1uni.

41 1287 156 1329 reret
185 1297 235 1328 ac
263 1284 316 1329 de
345 1285 679 1342 impedimentis,
712 1299 819 1343 quae
848 1285 969 1329 nobis
1001 1284 1114 1342 apud
1143 1284 1414 1328 Kaminatam
1445 1287 1488 1328 et
1517 1283 1614 1328 Vis-

42 1361 141 1406 bick
161 1363 412 1420 acciderant,
444 1363 680 1422 supplicem
700 1364 739 1408 61
760 1363 973 1421 (11161616111
993 1363 1291 1421 optulissemus
1303 1360 1328 1420 ¹,
1358 1362 1614 1420 respondere

43 1440 239 1497 dignatus
269 1442 338 1486 sit.
384 1441 499 1495 Quae
518 1442 648 1486 verba
676 1442 918 1486 huiusmodi
938 1445 1055 1486 sunt:
1091 1442 1209 1497 Quae
1230 1441 1469 1486 Corbeiensi
1488 1441 1612 1485 eccle-

44 1521 133 1563 siae
153 1535 239 1578 pro
271 1529 345 1564 tua
368 1522 586 1565 dilectione
605 1523 652 1564 in
674 1522 867 1576 abbatiis,
900 1522 1132 1565 Kaminata
1155 1522 1346 1565 videlieet
1366 1530 1404 1564 et
1431 1520 1612 1574 Visbick,

45 1599 307 1654 contulimus,
331 1601 389 1643 ad
406 1615 507 1643 usus
529 1602 616 1643 eius
631 1600 726 1644 Deo
748 1608 954 1644 annuente
974 1600 1308 1644 conservabimus
1315 1615 1331 1651 ,·
1362 1601 1476 1653 certi,
1502 1599 1617 1656 quod

46 1675 306 1722 Corbeienses
334 1680 585 1735 pecuniam,
629 1693 756 1735 quam
792 1680 1021 1721 iuramenti
1055 1681 1282 1722 assertione
1312 1679 1613 1736 promiserant,

45 1756 330 1800 indubitanter
348 1756 468 1799 nobis
483 1752 765 1814 persolvant².
807 1754 856 1798 In
877 1755 1036 1799 eisdem
1054 1755 1207 1800 litteris
1227 1755 1350 1801 nobis
1369 1755 1618 1799 mandatum

46 1831 147 1888 fuit,
179 1833 376 1889 quatinus
406 1833 453 1876 in
484 1833 772 1891 assumptione
803 1836 973 1877 sanctae
1002 1831 1184 1878 Μ611663
1214 1834 1534 1878 Frankenevort
1565 1832 1620 1876 ad

48 1910 210 1954 curiam
238 1911 501 1967 veniremus,
531 1911 605 1955 ubi
634 1914 723 1954 tam
755 1910 808 1955 de
839 1911 1016 1968 privatis
1048 1925 1174 1968 quam
1205 1912 1257 1956 de
1287 1911 1468 1970 publicis
1498 1911 1620 1967 regni

48 1988 228 2044 negotiis
266 1988 385 2045 regia
423 1988 626 2032 celsitudo
664 2001 760 2033 cum
797 1993 944 2033 nostra
972 1990 1182 2047 parvitate
1212 1990 1414 2034 familiari
1444 1989 1619 2035 consilio

50 2067 272 2112 convenire
303 2067 560 2123 dignaretur.
619 2066 739 2111 ¹Intra
769 2067 880 2124 quod
908 2068 1112 2125 temporis
1144 2069 1335 2126 spacium
1365 2068 1484 2112 curia
1514 2066 1622 2112 cele-

50 2144 174 2189 brata
210 2142 296 2189 est⁴
332 2145 445 2203 apud
480 2143 779 2201 Werzeborch,
825 2145 900 2189 ubi
943 2146 1156 2204 principes
1198 2146 1406 2190 Saxoniae
1452 2146 1621 2190 domino
1646 2158 1701 2189 Iul.
1717 2158 1756 2189 25

52 2226 196 2267 nostro
234 2223 325 2280 regi
363 2226 646 2267 occurrerunt.
708 2223 779 2266 Ad
817 2237 911 2267 eam
948 2224 1110 2268 curiam
1140 2225 1256 2269 venit
1294 2225 1467 2282 quidam
1501 2238 1621 2282 pres-

51 2299 197 2357 biter,
231 2301 283 2346 ab
330 2302 544 2346 abbatissa
580 2301 631 2344 de
677 2299 855 2345 Giseka⁵
900 2303 1093 2347 mercede
1135 2317 1212 2360 pro
1259 2303 1436 2347 dimidia
1479 2316 1624 2347 marca

53 2379 302 2436 conductus,
342 2380 411 2424 6111
440 2379 571 2424 nichil
601 2379 653 2422 de
683 2378 974 2423 Kaminatensi
1002 2394 1049 2424 re
1078 2381 1338 2438 pertinebat,
1371 2380 1444 2438 qui
1475 2380 1623 2425 adver-

55 2470 149 2501 sum
178 2469 269 2514 nos,
299 2461 347 2502 ut
375 2458 499 2502 modo
531 2458 716 2515 primum
747 2457 996 2514 audivimus,
1027 2459 1182 2503 multas
1204 2459 1394 2516 querelas
1416 2459 1622 2516 deposuit.

55 2534 156 2592 Qui,
197 2549 293 2580 cum
327 2536 492 2582 litteras
532 2535 691 2580 domini
726 2535 861 2579 nostri
890 2536 1002 2592 regis
1031 2537 1242 2581 nescimus
1273 2551 1355 2594 quo
1385 2537 1626 2580 interventu

57 2614 285 2671 acceperit,
331 2628 510 2671 quarum
555 2613 857 2658 continentiam
893 2614 1072 2658 necdum
1108 2628 1357 2671 cognoscere
1396 2614 1625 2672 potuimus,

57 2690 347 2736 disseminavit
383 2706 459 2750 per
496 2696 630 2737 totam
662 2692 912 2747 Saxoniam,
953 2705 998 2735 se
1032 2692 1111 2736 hoc
1140 2693 1187 2736 in
1214 2693 1368 2736 litteris
1401 2692 1624 2749 accepisse,

57 2772 118 2826 ut,
151 2783 420 2827 quaecunque
450 2784 527 2828 per
546 2785 623 2815 nos
649 2770 762 2828 apud
781 2769 1050 2814 Kaminatam
1079 2774 1200 2826 gesta
1229 2774 1362 2827 erant,
1393 2770 1554 2814 cassari
1583 2772 1626 2815 et

155 2892 188 2929 1.
214 2903 273 2939 ep.
291 2893 361 2930 180
385 2904 496 2939 supra
519 2905 555 2940 p.
574 2894 656 2931 300.
729 2894 762 2929 2.
789 2904 846 2939 ep.
862 2893 930 2929 181
949 2903 1061 2939 supra
1077 2903 1112 2938 p.
1127 2893 1210 2930 302.
1281 2893 1316 2930 3.
1343 2893 1435 2930 1149
1454 2892 1551 2940 Aug.
1567 2893 1624 2930 15.

60 2951 96 2990 4.
128 2952 221 2988 1149
245 2953 314 2989 Iul.
331 2953 389 2989 25.
420 2953 468 2991 V.
484 2952 649 2990 Annales
679 2953 894 2989 Palidenses
927 2953 1018 2989 1149
1052 2953 1161 2999 (Mon.
1188 2952 1312 2990 Germ.
1336 2951 1401 2990 SS.
1425 2952 1527 2991 XVI.
1551 2953 1625 3000 84),

61 3015 100 3050 et
123 3012 259 3049 librum
282 3023 404 3049 meum
428 3013 475 3050 de
499 3013 667 3051 Conrado
690 3013 746 3050 111
768 3023 806 3059 p.
824 3013 892 3049 171
917 3022 954 3049 n.
972 3012 1029 3049 15.
1126 3012 1162 3050 5.
1186 3012 1347 3050 Iuditha.

133 3077 238 3114 «luri,
259 3079 449 3110 Bibliotheca
469 3080 493 3109 1.
1295 3080 1340 3115 21
