1924 3288
534 175 734 208 wmALm
763 175 1012 207 EPISTOLAE
1043 174 1113 205 120.
1137 174 1206 204 121.
1572 160 1655 204 195

87 271 402 327 commendare,
442 285 547 329 opus
584 285 726 316 meum
754 272 954 330 prosequi
983 270 1185 326 veritate,
1224 268 1518 327 sponsionibus
1550 268 1656 312 meis
1682 270 1775 307 1148

89 347 282 396 effectum
319 349 530 394 adhibere.
577 349 711 407 Atqui
747 363 834 393 non
870 363 1036 406 semper
1075 351 1139 392 est
1174 347 1221 391 in
1255 347 1529 405 promittente
1558 360 1657 404 pro-

86 427 218 472 missa
247 427 478 486 complere;
515 427 764 486 plerumque
796 428 908 472 enim
938 428 983 471 in
1015 440 1142 471 causa
1173 429 1236 470 est
1264 426 1316 482 is,
1348 425 1416 470 cui
1445 425 1657 483 promitti-

86 508 180 563 tur,
215 519 312 551 cum
340 520 418 565 per
449 520 545 550 eum
576 509 802 550 evacuatur
831 505 900 550 vel
930 504 1121 549 differtur
1150 504 1388 562 promissio.
1441 503 1575 560 Igitur
1607 503 1656 559 si,

87 587 136 628 ut
165 584 284 641 dicis,
315 585 522 629 currentis
555 599 599 629 es
627 584 839 640 desiderii,
873 588 914 628 et
940 583 1051 641 quod
1070 583 1150 639 vis,
1182 583 1328 626 statim
1347 583 1425 638 vis,
1458 582 1657 637 accelera,

88 665 137 706 ut
173 677 249 719 ego
287 663 334 707 in
371 677 497 721 opere
527 666 600 706 tuo
633 676 812 706 curram.
860 662 971 705 Nam
1002 675 1123 705 curro
1156 664 1198 705 et
1228 675 1415 718 curram,
1453 661 1538 704 nisi
1568 674 1658 704 mo-

88 754 182 784 ram
218 741 446 786 necessitas
491 740 650 785 afferat.
706 739 924 798 Marsupia
962 740 1075 784 6111111
1111 743 1257 783 nostra
1295 740 1500 783 exhausta
1537 742 1656 793 sunt3

87 832 212 863 nemo
234 833 392 876 eorum,
415 819 564 876 quibus
586 819 754 875 servivi,
779 818 924 862 intulit
946 819 1181 875 quicquam.
1215 817 1317 862 Hic³
1340 819 1481 874 etiam,
1504 818 1555 861 de
1577 831 1658 874 quo

88 897 301 955 pollicitus
340 911 384 942 es
421 897 547 953 mihi,
585 893 815 941 luminaria
844 897 968 940 uxori
998 911 1116 941 meae
1148 897 1366 953 daturum,
1406 910 1514 954 pene
1543 899 1660 940 tene-

88 975 186 1020 bras
206 975 396 1032 ingessit,
428 976 528 1019 dum
549 975 840 1033 expectatione
860 974 1110 1019 beneficium
1131 975 1362 1032 suspendit.
1408 975 1542 1031 Igitur
1563 975 1662 1031 quia

89 1053 274 1098 humana
302 1054 532 1099 necessitas
562 1057 660 1111 post
688 1053 1018 1098 exinanitionem
1039 1054 1194 1110 gaudet
1213 1053 1459 1111 repletione,
1492 1053 1662 1096 consule

89 1133 343 1189 necessitati,
383 1128 536 1177 adhibe
565 1132 813 1189 remedium,
854 1132 908 1176 da
938 1132 1020 1176 cito
1051 1135 1099 1176 ut
1129 1132 1194 1176 bis
1227 1132 1314 1188 des,
1347 1135 1389 1175 et
1418 1145 1486 1175 me
1515 1130 1661 1186 fidum,

90 1213 372 1267 constantem,
413 1214 626 1268 postremo
659 1211 856 1255 devotum
888 1211 1006 1268 operi
1036 1214 1109 1254 tuo
1139 1210 1339 1268 reperies.
1387 1209 1505 1254 Vale.
1554 1209 1662 1253 Con-

91 1289 231 1333 sidera
259 1292 411 1346 tecum,
444 1293 648 1346 quantum
678 1290 881 1348 temporis
913 1289 969 1333 sit
1001 1303 1025 1332 a
1056 1289 1194 1347 capite
1219 1288 1323 1332 Maii
1353 1302 1486 1345 usque
1519 1288 1572 1331 ad
1601 1288 1662 1331 fe-

91 1371 204 1411 stum
241 1371 412 1412 sanctae
442 1367 706 1424 Margaretae
719 1365 743 1424 ¹,
783 1372 826 1412 et
863 1382 915 1412 ex
952 1371 1054 1412 tunc
1091 1381 1226 1425 usque
1258 1367 1312 1411 ad
1341 1367 1498 1411 festum
1529 1366 1664 1409 sancti

90 1443 340 1491 Lamberti'.
389 1445 580 1504 Sapienti
611 1449 677 1490 sat
708 1447 867 1491 dictum
898 1450 976 1491 est.

97 1599 212 1647 121.
243 1602 381 1647 Guido
413 1603 684 1646 cancellarius
707 1604 880 1661 papalis
903 1604 1096 1647 Amelmo
1130 1604 1320 1661 episcopo
1344 1601 1667 1659 Havelberyensi

233 1697 317 1738 per
355 1680 588 1724 Guidonem
627 1682 903 1736 cardinalem,
948 1683 992 1724 in
1030 1682 1252 1725 Poloniam
1292 1688 1471 1734 euntem,
1511 1680 1667 1722 litteras

241 1760 373 1802 mittit.
428 1758 617 1803 Wibaldo
647 1760 820 1802 salutem
851 1761 1028 1804 ascribit.
1451 1755 1523 1811 (M.
1550 1757 1665 1811 139.)

213 1847 445 1891 Karissimo
483 1847 606 1891 fratri
644 1851 687 1892 et
725 1848 858 1892 amico
889 1848 1127 1903 A(nselmo)
1168 1847 1400 1892 venerabili
1438 1847 1667 1891 Havelber-
1693 1857 1785 1892 1148

94 1926 213 1982 gensi
233 1926 430 1983 episcopo
451 1924 636 1982 G(uido),
669 1930 839 1970 sanctae
858 1926 1072 1971 Romanae
1095 1926 1321 1971 aecclesiae
1350 1926 1550 1969 diaconus
1576 1939 1667 1969 car·
1694 1906 1778 1945 sept·

95 2001 271 2048 dinalis³
297 2007 339 2048 et
369 2003 657 2060 cancellarius,
689 2004 880 2048 salutem.

215 2082 321 2127 Cum
359 2085 475 2125 tuam
521 2095 606 2125 non
651 2083 862 2140 possimus
907 2083 1148 2139 frequenter
1192 2082 1347 2126 habere
1393 2082 1664 2140 presentiam,

97 2161 255 2219 scripta
273 2164 361 2217 tua,
391 2164 608 2217 tamquam
631 2174 838 2218 personae
863 2161 999 2204 vicem
1030 2161 1232 2216 gerentia,
1263 2160 1347 2204 leto
1380 2161 1504 2204 corde
1535 2161 1666 2204 susci-

95 2239 234 2297 pimus
244 2238 271 2282 ¹³.
334 2238 415 2283 Per
443 2239 620 2282 fratrem
651 2241 843 2282 nostrum
875 2238 1144 2294 G(uidonem)
1178 2238 1434 2283 cardinalem
1443 2235 1471 2295 ⁴,
1511 2239 1583 2295 qui
1614 2238 1667 2281 ad

96 2320 238 2375 partes
259 2316 457 2361 Poloniae
487 2315 707 2372 mittitur⁵,
739 2316 903 2360 litteras
933 2317 1194 2361 voluntatem
1215 2320 1407 2360 nostram
1435 2331 1513 2374 pro
1545 2330 1593 2360 eo
1626 2320 1668 2359 et

98 2396 150 2439 de
189 2409 236 2439 eo
276 2396 559 2440 continentes⁰
591 2395 670 2439 tibi
707 2394 951 2438 direximus.
1013 2394 1206 2439 Breviter
1236 2395 1355 2439 vobis
1388 2398 1539 2438 cuncta
1569 2407 1667 2438 con-

96 2473 332 2531 plectimur,
363 2474 495 2518 vestri
524 2472 772 2517 memoriam
792 2474 990 2528 gerimus,
1023 2476 1065 2516 et
1084 2476 1132 2516 ut
1151 2473 1270 2517 vobis
1291 2487 1498 2530 prospera
1517 2475 1668 2515 cuncta

98 2551 323 2596 succedant
361 2555 567 2609 optamus.
699 2550 974 2594 Communem
1011 2551 1192 2594 amicum
1238 2554 1431 2594 nostrum
1473 2550 1667 2594 abbatem

98 2628 393 2674 Gorbeiensem
423 2633 568 2674 nostro
598 2630 768 2674 nomine
799 2629 990 2673 salutate.

196 2764 223 2785 a.
245 2754 301 2785 His
323 2767 348 2785 c.
431 2755 460 2785 b.
484 2745 672 2795 suscipimus
696 2768 721 2785 c.
805 2763 831 2792 c,
854 2755 1027 2785 continente
1050 2766 1074 2785 c.

194 2819 228 2854 1.
260 2818 342 2854 Iuli.
361 2820 417 2855 12.
514 2820 548 2855 2.
582 2818 682 2864 Sept.
702 2818 760 2854 17.
858 2819 892 2854 3.
921 2817 986 2854 88.
1012 2818 1166 2854 Cosmae
1190 2819 1229 2853 61
1253 2816 1436 2853 Damiani.
1532 2817 1567 2853 4.
1593 2817 1667 2854 dia-

100 2888 233 2915 conum
259 2878 481 2914 cardinalem
506 2878 542 2914 S.
561 2879 696 2915 Mariae
720 2878 759 2913 in
783 2878 938 2923 porticu.
1037 2878 1072 2913 5.
1097 2877 1183 2913 circ.
1209 2877 1254 2912 13
1273 2876 1375 2922 Sept.
1394 2876 1496 2913 1148.
1527 2877 1574 2914 V.
1600 2877 1667 2914 Re·
1741 2880 1744 2882 ’

101 2941 206 2984 gesta
229 2936 445 2983 pontificum
471 2938 623 2975 Roman.
641 2950 677 2974 11.
696 2938 801 2974 6453.

1310 3003 1384 3038 13*
