1924 3288
289 166 376 210 206
734 179 931 209 wmALm
960 178 1207 210 Ensronu:
1237 178 1306 209 128.
1330 177 1400 208 129.

294 271 408 319 128.
435 273 659 317 Fuldenses
689 274 922 318 Wibaldwn
953 282 1199 332 precantur,
1240 282 1286 318 ut
1324 275 1482 318 abbatis
1511 273 1689 332 eliqeudo‘
1717 287 1844 321 cama

435 351 502 394 die
531 351 561 394 4
590 351 835 395 Novembris
865 352 924 395 ad
950 368 994 395 se
1021 354 1168 396 veniat.
1628 349 1701 407 (Μ.
1726 351 1842 406 107.)

170 442 262 478 1148
301 471 310 478 -
405 438 626 494 W(ibaldo)
672 442 842 484 sanctae
882 440 1144 486 Corbeiensis
1191 439 1416 484 aecclesiae
1458 439 1655 496 religioso
1701 439 1844 486 abbati

187 490 252 522 ⁰⁰*
287 517 439 573 exigua
467 516 687 561 Fuldensis
726 519 1014 575 congregatio,
1054 517 1103 563 G.
1133 518 1358 563 advocatus
1399 531 1496 562 cum
1533 518 1648 563 omni
1682 517 1846 565 familia»

287 595 420 649 sancti
449 594 655 639 Bonifacii
685 596 979 640 devotissimae
1009 596 1222 640 servitutis
1254 600 1296 640 et
1325 596 1527 640 orationis
1557 595 1768 654 obsequia.

406 672 612 733 Quoniam
646 673 693 718 in
728 673 1066 719 tribulationibus
1107 678 1150 718 et
1189 674 1413 730 angustii8‚
1454 687 1561 731 quae
1594 674 1847 720 invenerunt

287 764 363 795 nos
393 751 519 795 nimis
549 751 615 795 his
646 751 814 808 diebus„
836 755 1059 809 paternum
1089 751 1284 796 affectum
1313 755 1500 796 vestrum
1519 751 1697 797 diversis
1717 751 1845 797 bene—

286 827 392 872 ficiis
422 843 566 873 sumus
603 829 787 886 experti,
827 830 879 874 de
915 829 1200 873 habundantia
1228 833 1394 874 vestrae
1423 829 1592 887 pietatis
1627 843 1714 874 non
1745 843 1845 887 pos-

287 920 430 950 sumus
463 921 553 951 esse
582 907 744 951 incerti.
788 906 1051 965 Quapropter
1081 907 1206 951 solita
1235 921 1335 963 erga
1364 921 1441 951 nos
1471 921 1572 951 usus
1603 907 1753 963 gratia,
1782 906 1846 965 pii

286 985 420 1042 patris
450 985 657 1029 ostendite
684 985 910 1029 karitatem
941 988 982 1029 et
1005 985 1139 1040 nobis,
1173 999 1225 1029 ex
1252 985 1402 1029 merito
1422 985 1657 1041 iniquitatis
1676 987 1846 1029 nostrae

286 1062 518 1118 tribulatis,
556 1063 693 1120 pridie
722 1061 865 1106 Nonas
894 1062 1143 1107 Novembris
1180 1063 1234 1106 ad
1262 1076 1338 1106 nos
1369 1062 1573 1107 veniendo
1604 1075 1847 1107 succurrere

285 1153 370 1184 non
400 1139 616 1184 differatis.
664 1139 815 1184 Sumus
847 1140 961 1184 enim
990 1141 1131 1197 parati
1154 1141 1364 1197 preceptis
1385 1140 1529 1184 domni
1548 1153 1685 1198 papae
1703 1139 1751 1184 in
1770 1139 1846 1184 eli-

286 1217 419 1273 gendo
452 1218 646 1263 abbatem
676 1218 856 1262 obedire.
901 1217 1059 1262 Idcirco
1090 1232 1164 1262 vos
1197 1218 1383 1275 aliosque
1411 1217 1630 1274 religiosos
1659 1217 1845 1273 abbates,

286 1309 312 1338 a
342 1295 494 1339 domno
526 1310 640 1354 papa
669 1297 722 1340 ad
753 1297 929 1340 eandem
961 1296 1206 1340 electionem
1235 1295 1558 1352 predestinatos,
1587 1296 1740 1341 litteris
1769 1309 1849 1340 no-

286 1373 385 1417 stris
422 1387 573 1418 vocare
611 1378 752 1418 ratum
790 1374 999 1418 duximus.
1049 1373 1122 1417 Set
1160 1373 1259 1430 quia
1293 1377 1391 1430 post
1419 1373 1558 1418 Deum
1587 1374 1772 1419 maxime
1799 1374 1846 1418 in

285 1450 404 1495 vobis
434 1450 694 1507 confidimus,
724 1452 1024 1509 paternitatem
1053 1454 1239 1495 vestram
1267 1451 1423 1495 iterum
1450 1455 1575 1508 atque
1594 1452 1752 1496 iterum
1766 1451 1846 1496 hu·-

285 1528 442 1573 militer
477 1529 775 1586 imploramus,
812 1533 860 1573 ut
895 1529 949 1573 ad
979 1543 1109 1586 supra
1138 1529 1297 1572 dictum
1325 1529 1553 1572 terminum
1584 1529 1638 1573 ad
1667 1543 1745 1574 nos
1774 1543 1847 1574 ve-

284 1607 376 1650 nire
406 1620 491 1650 non
520 1607 780 1664 pigritemini
810 1611 853 1651 et
881 1607 1002 1651 nobis
1024 1606 1275 1650 consulendo
1297 1609 1340 1650 et
1359 1606 1600 1651 auxiliando
1621 1606 1846 1652 subvenire

285 1697 371 1728 non
401 1684 696 1740 dedignemini.

292 1818 406 1866 129.
433 1821 659 1865 Fuldenses
679 1837 705 1864 a
729 1822 1035 1865 Corbeiensibus
1051 1829 1208 1879 petunt,
1241 1829 1386 1879 royent
1408 1821 1654 1876 Wibaldum,
1680 1829 1727 1864 ut
1742 1821 1846 1865 Fu-

366 1952 368 1955 .
435 1900 533 1942 dam
562 1900 709 1942 veniat·
1630 1897 1703 1952 (Μ.
1730 1898 1845 1954 108.)

170 1990 263 2026 1148
405 1981 722 2026 Venerabilibus
762 1980 941 2024 dominis
973 1984 1015 2024 et
1051 1980 1328 2025 confratribus
1358 1981 1513 2025 nostris
1544 1983 1714 2026 sanctae
1744 1980 1845 2026 Cor-

188 2038 253 2069 ⁰⁰t‘
287 2059 467 2104 beiensis
498 2059 723 2103 aecclesiae
753 2058 973 2103 Fuldensis
1011 2059 1276 2114 congregatio
1315 2058 1598 2103 sinceritatem
1636 2059 1847 2104 fraternae

287 2137 521 2181 dilectionis
553 2137 598 2180 in
629 2136 808 2180 Christo.

405 2214 620 2259 Fraternis
659 2213 1011 2258 consolationibus
1042 2213 1215 2270 vestris,
1254 2227 1333 2270 que
1363 2212 1487 2270 plene
1516 2212 1847 2260 laetificaverunt

288 2292 449 2336 animas
479 2295 660 2347 nostras,
692 2291 919 2347 condignas
950 2294 1089 2347 grates
1113 2291 1268 2335 referre
1288 2291 1521 2347 nequimus,
1553 2292 1653 2348 quia
1674 2291 1846 2336 miseria

288 2373 330 2416 et
367 2369 591 2414 afflictione
628 2369 825 2413 inebriati
862 2370 948 2413 iam
983 2369 1269 2426 experimento
1301 2367 1543 2424 didicimus,
1582 2369 1694 2426 quod
1722 2369 1845 2426 longe

288 2451 353 2492 est
382 2462 407 2491 a
436 2447 724 2506 peccatoribus
755 2446 880 2490 salus.
935 2446 1138 2490 Attamen
1174 2446 1210 2489 si
1238 2445 1364 2489 Pater
1392 2445 1775 2491 misericordiarum
1803 2450 1846 2492 et

287 2523 402 2570 Deus
432 2526 561 2569 totius
593 2524 889 2569 consolationis
919 2538 996 2582 per
1027 2524 1195 2567 divitias
1225 2522 1381 2579 gloriae
1405 2536 1503 2566 suae
1523 2537 1599 2566 nos
1622 2523 1844 2581 aliquando

289 2603 486 2659 dignatur
524 2602 750 2658 consolari,
791 2616 868 2660 pro
907 2602 1039 2645 nimia
1075 2602 1121 2644 in
1158 2615 1234 2644 nos
1266 2599 1347 2644 fide
1377 2603 1518 2644 vestra
1548 2613 1596 2644 ac
1626 2601 1845 2647 devotione

288 2679 531 2725 memoriale
567 2684 754 2724 vestrum
792 2679 903 2736 apud
939 2693 1015 2723 nos
1055 2678 1313 2737 peramplius
1351 2680 1394 2721 et
1428 2678 1655 2735 perfectius
1690 2679 1772 2723 erit
1799 2679 1845 2723 in

289 2758 588 2802 benedictione.
638 2757 815 2801 Oramus
855 2770 951 2812 ergo
991 2756 1293 2800 beatitudinem
1325 2757 1528 2811 vestram,
1570 2759 1616 2799 ut
1645 2756 1845 2801 domnum

290 2834 484 2879 abbatem
522 2838 710 2892 tempore
750 2834 830 2878 sibi
869 2848 895 2878 a
929 2834 1048 2878 nobis
1079 2834 1295 2889 designato
1326 2832 1379 2876 ad
1409 2846 1484 2876 nos
1515 2833 1659 2878 venire
1689 2833 1845 2890 absque

290 2911 376 2955 ulla
413 2913 628 2956 occasione
665 2925 813 2967 rogare
850 2911 1025 2967 curetis,
1066 2911 1260 2968 quatinus
1292 2910 1380 2954 eius
1411 2909 1584 2955 consilio
1616 2914 1658 2955 et
1688 2910 1843 2955 auxilio
