1924 3288
295 204 383 247 580
737 217 936 248 wmALm
966 217 1213 250 EP1sr0LAE
1241 218 1312 250 448.
1338 219 1409 250 449.

159 314 251 348 1156
294 310 476 365 gaudere
504 323 590 354 non
620 309 880 368 dubitantes,
918 311 1194 357 eruditionem
1222 316 1341 357 tuam
1371 313 1478 358 scire
1509 313 1712 371 volumus,
1741 310 1855 371 quod

142 363 271 434 1322325
294 400 392 443 nos,
430 388 673 445 compositis
703 388 749 432 in
777 388 1022 444 Burgundia
1049 389 1267 447 magnifice
1296 392 1452 435 nostris
1482 391 1685 448 negotiis,
1719 392 1854 450 ipsius

294 465 460 509 favente
491 465 726 522 clementia,
759 467 831 523 qui
862 467 935 510 dat
964 467 1141 512 salutem
1170 468 1338 524 regibus
1352 466 1375 525 ¹,
1406 482 1607 527 prospero
1629 469 1780 513 itinere
1802 469 1855 513 ad

144 551 218 583 Dec.
232 553 271 584 25
294 546 436 600 partes
465 542 571 587 Reni
609 557 753 588 sumus
789 545 949 589 reversi
986 548 1027 590 et
1056 545 1196 590 natale
1225 546 1397 590 Domini
1428 546 1540 605 apud
1570 545 1736 605 Spiram
1767 546 1855 603 glo·

294 620 403 665 riose
434 620 749 665 celebravimus.

413 698 584 742 Curiam
623 713 786 756 quoque
824 699 870 743 in
905 699 1194 758 purificatione
1227 704 1396 745 sanctae
1426 698 1610 746 Mariae²
1637 715 1716 760 pro
1746 701 1854 746 bono

293 776 410 832 pacis
439 774 645 820 firmando
678 777 791 834 apud
817 777 985 822 Ulmam
1014 778 1198 823 habituri
1225 793 1380 822 sumus.
1423 778 1513 830 Qua
1531 778 1651 824 finita
1679 780 1856 838 aptatis-

294 867 374 910 que
402 853 517 898 illius
548 857 686 899 terrae
716 856 909 912 negotiis,
941 855 995 900 ad
1023 856 1242 901 inferiores
1262 856 1367 900 Reni
1391 860 1533 914 partes
1555 857 1749 903 accedere
1769 860 1855 902 sta-

292 931 463 988 tuimus,
495 935 544 975 ut
573 946 729 976 cornua
759 933 981 991 superbiae
1004 948 1160 991 eorum,
1193 935 1265 991 qui
1286 948 1434 978 manus
1456 949 1553 979 suas
1573 935 1619 979 in
1638 935 1855 980 serenissi—

292 1023 410 1053 mum
439 1010 666 1068 imperium
695 1014 887 1055 nostrum
917 1013 1140 1056 extendere
1172 1013 1263 1056 ausi
1287 1016 1398 1068 sunt,
1430 1013 1476 1056 in
1495 1012 1664 1058 brachio
1684 1013 1854 1058 virtutis

291 1091 460 1131 nostrae
489 1088 551 1132 ita
580 1089 830 1146 recidamus,
861 1093 909 1134 ut
938 1089 1014 1134 filii
1045 1093 1087 1134 et
1111 1093 1285 1148 nepotes
1307 1104 1451 1135 eorum
1473 1090 1664 1149 exemplo
1684 1094 1855 1149 patrum

249 1156 252 1158 ’
292 1166 470 1210 correcti
500 1167 663 1210 discant
692 1167 870 1225 imperio
901 1181 946 1212 se
975 1181 1060 1211 non
1085 1181 1308 1225 opponere,
1341 1168 1415 1212 sed
1445 1169 1534 1212 eius
1554 1168 1764 1213 mandatis
1783 1169 1854 1214 de-

291 1243 379 1288 bito
410 1244 567 1289 honore
598 1248 640 1289 et
668 1245 904 1290 reverentia
935 1246 1161 1290 subiacere.
1202 1245 1273 1289 Ad
1303 1246 1414 1303 quod
1441 1245 1631 1291 celeriter
1650 1260 1854 1304 peragen-

292 1321 393 1366 dum
422 1325 465 1366 te
494 1325 694 1380 tanquam
723 1322 1028 1381 precordialem
1056 1326 1246 1367 nostrum
1275 1324 1515 1368 invitamus.

410 1399 524 1452 Quae
558 1401 605 1444 in
633 1401 787 1445 litteris
818 1397 924 1444 tuis³
956 1414 982 1444 a
1011 1404 1157 1445 nostra
1186 1402 1409 1446 serenitate
1441 1402 1737 1460 expostulasti,
1776 1415 1853 1460 pro

291 1478 508 1521 commodo
539 1491 690 1523 causae
719 1482 817 1522 tuae
846 1477 939 1523 fieri
968 1479 1188 1536 iussimus,
1223 1480 1308 1537 ipsi
1337 1479 1427 1523 Deo
1459 1482 1627 1524 auctore
1655 1479 1854 1524 iniuriam

290 1557 408 1598 tuam
438 1555 580 1600 debita
610 1557 834 1602 severitate
865 1570 940 1601 suo
971 1556 1061 1601 loco
1094 1560 1136 1602 et
1164 1560 1353 1615 tempore
1383 1556 1528 1601 ulcisci
1557 1557 1785 1615 cupientes.

292 1773 411 1820 449.
439 1776 658 1836 Etelyerus
691 1778 838 1837 refert,
878 1795 984 1837 quae
1015 1779 1256 1822 detrimenta
1288 1780 1454 1822 eeclesia
1487 1779 1529 1824 S.
1559 1779 1854 1837 Margarelhae

440 1857 601 1913 ceperit.

175 1955 266 1990 1156
409 1943 598 1988 Domnus
620 1944 891 2000 H(artwicus)
917 1942 1276 2003 archiepiscopus⁴
1296 1945 1348 1989 ab
1367 1945 1607 1990 hominibus
1629 1945 1853 1990 aecclesiae

175 2002 265 2038 1157
291 2024 435 2065 sancte
464 2021 700 2078 Margarete
734 2025 819 2068 100
839 2037 1003 2068 marcas
1034 2023 1302 2068 denariorum
1332 2024 1493 2081 accepit
1523 2037 1573 2068 ea
1601 2023 1851 2080 conditione,

291 2102 339 2142 ut
359 2099 424 2142 sui
444 2101 706 2145 centuriones
739 2105 780 2145 et
798 2101 1074 2146 villicationes
1094 2101 1359 2159 provisorum
1387 2104 1521 2145 terras
1541 2101 1852 2160 possessionum

292 2176 520 2220 secundum
540 2178 799 2223 voluntatem
830 2194 973 2224 eorum
994 2183 1251 2237 exponerent
1271 2182 1313 2224 et
1332 2182 1583 2236 potestatem
1603 2179 1852 2237 disponendi

292 2258 334 2298 et
362 2254 570 2299 vendendi
603 2256 816 2302 haberent.
878 2258 1121 2302 Provisores
1151 2271 1250 2302 vero
1282 2257 1506 2301 aecclesiae
1535 2257 1614 2302 hac
1644 2257 1696 2302 de
1719 2269 1853 2322 ⁴causa

292 2332 344 2376 ab
382 2333 496 2376 omni
530 2335 701 2378 usuaria
731 2335 914 2379 utilitate
945 2335 1168 2380 aecclesiae
1199 2335 1448 2392 sequestrati
1479 2338 1588 2379 sunt.
1651 2333 1714 2379 Ob
1745 2334 1852 2378 hanc

290 2411 432 2467 itaque
471 2424 639 2455 causam
677 2412 886 2470 homines,
929 2414 1001 2470 qui
1039 2413 1230 2458 colebant
1266 2416 1400 2458 terras
1441 2412 1684 2468 aecclesiae,
1721 2412 1851 2457 libere

291 2489 478 2533 vendunt
513 2490 759 2547 cuicumque
789 2490 999 2534 voluerint
1037 2491 1205 2535 easdem
1240 2494 1375 2535 terras
1415 2491 1570 2548 absque
1606 2489 1779 2533 consilio
1810 2492 1852 2534 et

292 2566 448 2624 absque
467 2570 661 2625 respectu
681 2567 810 2611 villici
830 2568 897 2612 vel
916 2569 1147 2626 provisoris
1169 2569 1404 2613 aecclesiae.
1445 2568 1726 2612 Constitutum
1747 2570 1850 2623 erat,

290 2647 338 2688 ut
358 2645 522 2689 villicus
554 2645 779 2689 aecclesiae
810 2646 985 2702 singulis
1018 2647 1137 2690 annis
1169 2647 1288 2691 daret
1318 2647 1372 2690 ad
1397 2645 1652 2704 prebendam
1672 2645 1851 2689 fratrum

291 2735 418 2765 unam
449 2736 609 2767 mesam
637 2723 745 2768 fabe.
788 2723 907 2767 Hanc
930 2724 1041 2768 idem
1061 2724 1225 2768 villicus
1247 2724 1298 2768 de
1318 2724 1489 2782 proprio
1509 2737 1586 2781 per
1606 2726 1698 2767 octo
1720 2736 1851 2767 annos

290 2800 495 2857 restituit,
534 2801 633 2858 quia
668 2801 754 2845 iam
790 2815 867 2859 per
904 2805 996 2846 octo
1028 2815 1159 2846 annos
1190 2815 1242 2846 ex
1272 2804 1392 2860 parte
1422 2801 1565 2845 domni
1595 2801 1781 2859 episcopi
1811 2800 1851 2844 ei

386 2907 417 2941 1.
449 2906 508 2942 ΡΒ.
536 2906 621 2952 143,
648 2907 703 2942 10.
848 2907 881 2942 2.
916 2907 1006 2943 1157
1039 2907 1143 2944 Febr.
1161 2909 1194 2944 2.
1337 2908 1371 2943 3.
1402 2916 1459 2953 ep.
1476 2906 1547 2942 446
1582 2917 1693 2953 supra
1715 2917 1751 2953 p.
1768 2905 1849 2943 577.

289 2965 325 3001 4.
348 2965 568 3003 Bremensis.
