1924 3288
300 175 386 219 218
800 185 998 217 wmALm
1025 183 1245 217 31³1st
1273 184 1345 215 138.

177 285 269 320 1148
299 282 477 326 domnus
508 280 839 326 Heresfeldensis
870 293 965 324 cum
995 279 1179 323 maximo
1208 279 1351 323 favore
1380 277 1730 336 prosequebatur,
1758 290 1854 324 ma-

166 334 213 365 No

257 334 276 365 5
298 362 420 404 terna
453 359 599 415 lingua
629 358 880 402 sententiam
911 355 1220 415 coamplificans
1250 359 1294 401 et
1322 369 1489 400 ornans.
1608 354 1724 400 Dum
1749 354 1854 401 haee

298 440 491 493 aguntur,
526 436 793 480 intromissus
825 438 889 479 est
919 436 973 479 ad
1000 449 1077 479 nos
1108 434 1357 479 Godefridus
1387 447 1526 478 comes
1556 435 1600 478 et
1628 432 1854 479 advocatus

298 513 485 559 eiusdem
515 514 754 569 aecclesiae,
785 527 909 557 orans
938 516 1028 557 tam
1058 527 1135 557 sua
1161 526 1287 570 quam
1306 512 1509 556 laicorum
1530 509 1720 556 unanimi
1735 522 1855 566 voce,

296 606 350 637 ne
389 592 589 636 adversus
626 591 865 636 libertatem
901 591 1114 635 electionis
1152 591 1395 645 canonicae,
1431 602 1510 647 pro
1545 600 1629 645 qua
1656 589 1853 645 parentes

295 671 483 728 ipsorum
521 670 769 726 sanguinem
807 683 930 713 suum
963 669 1105 713 multis
1135 668 1281 726 preliis
1310 667 1538 722 fudissent,
1578 663 1739 722 aliquid
1765 667 1853 712 sta-

295 751 412 792 tuere
441 747 663 802 vellemus3
694 747 801 791 nihil
832 750 970 791 actum
1000 760 1104 802 esse,
1137 745 1248 803 quod
1275 745 1444 801 regibus
1473 757 1551 801 per
1572 743 1662 788 vim
1684 741 1852 791 electio-

295 825 361 869 nis
398 827 584 883 potestas
623 828 733 869 esset
770 825 988 883 adempta3
1029 824 1140 881 quod
1177 822 1389 867 aecclesiis
1425 821 1471 865 in
1509 833 1610 864 arcu
1639 823 1684 865 et
1711 819 1853 876 gladio

294 903 498 947 laicorum
527 902 700 947 libertas
730 902 945 947 electionis
976 905 1088 946 esset
1116 903 1298 955 asserta3
1329 899 1367 943 si
1395 911 1509 956 papa
1537 911 1614 956 pro
1645 911 1720 943 suo
1740 897 1853 944 arbi-

294 984 409 1025 tratu
446 980 668 1024 aecclesias
705 980 833 1024 vellet
870 980 1064 1024 ordinare
1095 982 1137 1023 et
1167 991 1368 1036 personas
1398 977 1444 1020 in
1472 975 1579 1034 ipsis
1607 974 1852 1034 provehere,

295 1059 427 1103 satius
465 1058 616 1114 fuisse,
655 1058 816 1114 regiam
850 1058 939 1101 vim
976 1071 1102 1114 quam
1130 1054 1415 1114 pontificalem
1450 1054 1678 1108 sustinere;
1715 1052 1852 1100 modis

295 1136 487 1181 omnibus
527 1136 633 1180 velle
675 1139 717 1180 et
746 1135 983 1191 consulere,
1022 1138 1072 1178 ut
1101 1134 1152 1178 de
1180 1134 1275 1191 ipsa
1303 1132 1503 1176 Fuldensi
1533 1130 1853 1188 congregatione

293 1215 425 1259 frater
456 1214 606 1270 aliquis
638 1214 691 1257 ad
719 1213 908 1268 reg-lmen
937 1212 1125 1256 omnium
1155 1213 1450 1266 assumeretur,
1480 1209 1565 1254 nisi
1588 1209 1710 1265 forte,
1741 1207 1853 1266 quod

293 1292 385 1337 fieri
413 1306 499 1336 non
528 1294 690 1349 posset,
729 1290 868 1334 nullus
897 1290 943 1334 in
974 1303 1024 1334 ea
1054 1289 1204 1344 dignus
1236 1289 1289 1332 ad
1318 1287 1617 1345 presidendum
1643 1286 1853 1333 invenires

293 1374 374 1414 tur.
479 1370 566 1414 Nos
595 1383 695 1413 vero
727 1372 878 1412 cuncta
906 1367 1009 1411 haec
1039 1367 1158 1411 suavi
1188 1370 1230 1410 et
1259 1365 1411 1410 blando
1441 1365 1636 1420 mitigare
1664 1363 1853 1408 volentes

295 1447 476 1504 alloquio
506 1451 548 1491 et
577 1446 874 1504 oportunitatis
904 1445 1043 1489 10011111
1066 1445 1251 1502 reperire
1271 1443 1500 1500 cupientes,
1532 1454 1614 1498 quo
1634 1441 1687 1486 ab
1707 1453 1853 1489 eorum

294 1526 457 1570 actione
496 1525 572 1569 sub
612 1524 750 1581 aliquo
780 1524 843 1567 rei
872 1523 1072 1567 honestae
1100 1521 1224 1566 titulo
1253 1533 1472 1577 possemus
1503 1518 1738 1574 discedere,
1775 1530 1853 1576 po-

293 1603 560 1658 stulavimus,
598 1605 647 1646 ut
684 1615 710 1645 a
746 1601 866 1645 nobis
901 1601 1109 1657 tantisper
1144 1598 1461 1654 egrederentur,
1498 1596 1650 1651 donec,
1686 1594 1852 1641 collatis

293 1682 480 1725 omnium
518 1679 758 1734 sententiis,
797 1679 891 1736 pari
929 1681 1053 1734 atque
1090 1689 1270 1720 consono
1307 1675 1436 1718 verbo
1470 1673 1724 1731 respondere
1752 1686 1851 1731 pos-

293 1773 444 1803 semus.
490 1758 551 1802 At
584 1757 661 1813 illi,
691 1756 872 1812 regressi
903 1755 1084 1812 quidem,
1116 1767 1216 1798 mox
1253 1752 1395 1810 plures
1431 1764 1607 1795 numero
1635 1750 1853 1798 redierunt

291 1839 503 1880 transacto
533 1835 773 1879 brevissimi
802 1833 1005 1891 temporis
1037 1833 1192 1890 spacio,
1223 1833 1415 1888 petentes
1444 1829 1684 1884 instantiuS,
1714 1831 1764 1872 ut
1789 1827 1851 1873 eis

291 1913 513 1972 privilegia
542 1913 762 1957 Fuldensis
800 1910 1027 1955 aecclesiae
1065 1924 1192 1967 super
1227 1908 1428 1953 electione
1466 1907 1665 1951 abbatum
1691 1905 1850 1963 pande-

292 1995 459 2046 rentur3
499 1991 617 2035 nefas
657 2003 748 2034 esse
786 1991 1067 2046 protestantes
1106 1987 1181 2031 illa
1209 1986 1379 2041 violari,
1418 1998 1510 2029 sese
1538 1997 1616 2042 pro
1645 1982 1851 2040 dignitate

292 2069 538 2114 monasterii
568 2072 680 2112 stare
710 2080 843 2124 usque
874 2066 927 2110 ad
955 2068 1135 2110 mortem
1165 2077 1256 2109 esse
1275 2066 1465 2121 paratos3
1498 2075 1578 2118 que
1597 2061 1635 2109 si
1653 2061 1733 2106 hoc
1752 2073 1850 2105 con-

292 2148 488 2202 tinerent,
519 2149 568 2190 ut
598 2146 649 2189 de
678 2145 933 2189 monasterio
964 2143 1104 2187 nullus
1135 2142 1371 2198 eligeretur,
1403 2139 1658 2196 sequendum
1688 2151 1780 2184 esse
1801 2151 1852 2183 ac

293 2225 540 2278 tenendum3
573 2224 639 2267 sin
669 2226 810 2266 autem
840 2225 998 2277 contra,
1029 2221 1195 2265 ruinam
1227 2232 1318 2264 esse
1347 2221 1390 2262 et
1413 2217 1599 2261 omnium
1618 2216 1851 2272 interitum,

294 2303 331 2347 si
369 2302 421 2346 ab
461 2301 526 2345 his
566 2301 827 2357 aliquatenus
865 2299 1096 2343 recedatur.
1147 2296 1429 2343 Hortabamur
1465 2294 1654 2351 impense
1683 2293 1850 2349 fratrQ

293 2394 347 2424 ne
382 2382 528 2423 contra
557 2378 801 2422 mandatum
831 2390 986 2420 novum
1014 2379 1222 2430 vestrum,
1255 2373 1372 2430 ,quod
1400 2374 1575 2428 urgente
1602 2370 1851 2415 necessitate

295 2462 338 2502 et
367 2460 565 2515 poscente
594 2455 775 2500 utilitate
804 2455 962 2498 factum
993 2457 1096 2509 erat,
1127 2451 1337 2510 privilegii
1364 2449 1539 2494 alicuius
1560 2449 1851 2493 auctoritatem

294 2534 611 2593 pretenderent,
647 2547 702 2577 ne
731 2533 841 2576 inter
871 2532 1020 2587 laicos,
1053 2543 1230 2588 quorum
1259 2541 1310 2573 ea
1336 2527 1510 2572 minime
1539 2526 1735 2582 interest,
1765 2525 1850 2570 dis-

296 2612 501 2657 sensionis
531 2611 754 2655 materiam
784 2608 1052 2663 seminarent,
1084 2611 1148 2651 set
1176 2608 1296 2651 iuxta
1315 2604 1503 2663 precepti
1522 2603 1654 2648 vestri
1671 2603 1851 2648 formam

297 2690 351 2734 ad
381 2689 580 2734 ecclesiae
611 2702 711 2732 suae
741 2687 968 2731 salutarem
997 2685 1279 2743 provisionem
1298 2695 1388 2727 sese
1407 2682 1662 2726 unanimiter
1681 2684 1850 2739 coapta-

295 2772 409 2823 rent,
440 2766 588 2811 scituri
617 2765 747 2823 quod,
778 2765 816 2809 si
846 2764 968 2808 aliter
997 2765 1287 2820 presumptum
1315 2760 1443 2815 foret,
1475 2759 1672 2816 quoniam
1700 2772 1850 2803 manus

296 2844 433 2902 Moysi
469 2857 618 2900 graves
649 2846 758 2887 sunt.
805 2842 1033 2896 Preterea,
1061 2841 1148 2884 iam
1175 2852 1261 2883 non
1298 2850 1393 2882 cum
1421 2837 1583 2880 ratione
1620 2835 1849 2881 honestatis

299 2921 478 2978 amplius
509 2920 856 2964 dissimulandum
887 2931 978 2962 esse
1007 2917 1251 2971 iudicanteS,
1282 2914 1573 2973 respondimus
1602 2913 1687 2959 illis
1715 2927 1849 2958 asser-
