1924 3288
525 169 725 201 wmALm
754 169 1003 202 EPISTOLAE
1031 171 1101 202 366.
1125 170 1196 201 367.
1558 158 1646 217 49¹5

76 264 190 309 strae
219 261 527 320 aliquantulum
557 264 786 321 derogabit.
838 266 954 310 Scire
985 269 1126 310 autem
1155 265 1348 311 volumus
1378 265 1646 310 dilectionem
1671 269 1764 349 {152

75 342 282 396 vestram,
322 342 434 398 quod
464 342 518 386 ad
547 356 743 400 presens,
781 344 827 387 in
856 344 1036 399 negotiis
1066 345 1185 400 regni
1214 344 1475 399 laborantes,
1513 358 1646 401 usque
1696 328 1713 350 ⁹
1735 329 1759 349 r'

74 417 300 464 Stabulaus
330 420 552 476 pervenire
581 435 667 464 non
697 422 923 479 potuimus.
968 421 1041 466 Set
1060 422 1252 466 ordinato
1271 422 1392 466 nobis
1412 435 1490 479 per
1511 422 1645 466 omni-

73 496 258 554 potentis
296 496 378 542 Dei
414 499 595 554 gratiam
630 513 739 544 novo
775 513 894 555 rege,
941 504 984 544 et
1022 500 1048 544 a
1085 500 1264 558 publicis
1302 499 1644 558 occupationibus

73 573 199 631 paulo
229 573 460 633 liberiores,
491 577 734 622 necessitati
763 581 929 622 vestrae
961 578 1157 622 assistere
1187 578 1328 636 parati
1351 578 1528 634 erimus3
1559 592 1645 622 non

73 651 241 708 quidem
273 667 351 710 pro
382 654 597 700 electionis
618 656 760 712 verbo,
793 659 858 700 set
887 670 965 713 pro
989 656 1267 700 fraternitatis
1290 656 1442 700 debito.
1533 656 1645 700 Inte-

72 729 156 774 rim
184 745 284 775 vero
316 731 371 776 ad
399 733 730 778 consolationem
758 737 943 779 vestram
973 734 1165 778 misimus
1189 734 1308 778 vobis
1338 734 1607 792 privilegium
1620 731 1644 790 ¹,

73 807 185 864 quod
214 808 240 853 a
270 809 439 854 domino
471 814 513 855 et
542 815 664 869 patre
695 815 839 856 nostro
870 826 984 870 papa
1009 812 1200 869 Eugenio
1232 812 1459 857 aecclesiae
1479 816 1645 857 vestrae

73 885 342 932 obtinuimus.
442 888 634 934 Misimus
666 891 794 935 etiam
814 891 933 935 vobis
963 890 1128 935 litteras
1153 894 1334 947 nostras,
1367 905 1470 948 quas
1492 891 1645 935 domno

72 961 252 1009 Metensi
282 965 478 1024 episcopo
509 982 587 1026 pro
620 969 766 1013 eadem
796 982 923 1013 causa
945 969 1271 1013 transmittimus
1281 966 1310 1025 ²,
1340 973 1559 1014 monentes
1579 970 1645 1013 in-

73 1041 279 1087 dustriam
301 1047 500 1101 vestram,
531 1050 579 1090 ut
610 1061 680 1090 eas
712 1047 790 1092 sub
821 1048 937 1092 omni
967 1047 1180 1092 celeritate
1212 1047 1267 1091 ad
1296 1048 1438 1105 ipsum
1466 1047 1645 1105 perferri

70 1120 249 1165 faciatis.
303 1121 488 1174 Quarum
520 1124 762 1182 exemplum
792 1139 888 1170 cum
919 1125 1111 1183 exemplo
1142 1125 1325 1182 illarum,
1359 1139 1461 1182 quas
1493 1125 1644 1170 Haste-

71 1198 279 1244 riensibus
316 1202 628 1246 transmisimus
637 1199 665 1259 ³,
707 1203 826 1248 vobis
865 1204 1094 1248 videndum
1131 1204 1343 1248 destinare
1383 1205 1642 1260 curavimus;

72 1290 176 1334 quas
215 1278 360 1323 amicis
392 1280 543 1324 vestris
582 1283 624 1324 et
661 1281 869 1338 religiosis
899 1282 1023 1338 viris,
1064 1285 1106 1327 et
1141 1282 1341 1341 precipue
1372 1283 1643 1327 coabbatibus

70 1356 227 1400 nostris
258 1357 424 1402 ostendi
451 1357 657 1403 volumus.

75 1507 192 1557 367.
219 1512 430 1557 Wibaldus
451 1514 734 1558 Hasterienses
753 1515 952 1569 hortatur,
975 1524 1071 1574 post
1094 1516 1334 1560 Theoderici
1355 1519 1514 1562 abbatis
1530 1518 1643 1562 Wal-

221 1592 470 1635 ciodorensis
500 1600 672 1636 mortem
703 1600 791 1636 orco
823 1594 1010 1648 discidio,
1042 1602 1088 1637 ut
1117 1595 1338 1653 quiescant,
1371 1597 1500 1639 donec
1521 1597 1644 1640 electo

219 1684 316 1727 φερε
346 1671 434 1728 ipse
464 1672 527 1713 rei
555 1671 724 1714 intersit.
1369 1677 1372 1681 ⁴
1427 1672 1499 1728 (M.
1522 1674 1642 1728 343.)

189 1757 340 1802 Frater
370 1757 623 1814 W(ibaldus)
653 1759 735 1803 Dei
765 1759 903 1815 gratia
932 1760 996 1816 id,
1030 1761 1141 1818 quod
1172 1764 1236 1805 est
1264 1761 1309 1806 in
1341 1763 1543 1808 aecclesia
1573 1777 1641 1808 ca·
1667 1772 1761 1810 1152

70 1834 246 1892 tholica,
286 1835 450 1880 dilectis
487 1837 534 1880 in
569 1836 735 1881 Christo
775 1838 966 1895 patribus
997 1838 1206 1895 I(ohanni)
1238 1841 1470 1886 venerabili
1509 1843 1642 1900 priori
1667 1821 1755 1853 Feb*

71 1917 114 1958 et
150 1914 302 1958 ceteris
339 1913 623 1959 Hasteriensis
663 1915 888 1961 aecclesiae
924 1915 1022 1960 filiis
1061 1917 1394 1963 benedictionem
1432 1923 1474 1964 et
1508 1921 1640 1965 vitam

70 2005 203 2049 usque
232 1992 278 2036 in
309 1992 508 2036 seculum.

189 2069 347 2114 Audito
378 2084 455 2127 per
483 2071 640 2115 famam
671 2071 789 2116 obitu
817 2072 1039 2117 reverendi
1068 2074 1202 2131 patris
1230 2075 1379 2132 nostri,
1410 2075 1639 2134 plurimum

70 2151 245 2206 propter
284 2147 538 2206 multiplices
578 2149 803 2194 aecclesiae
839 2154 1004 2195 vestrae
1040 2150 1227 2208 labores,
1274 2167 1378 2210 quos
1415 2154 1461 2198 in
1496 2169 1639 2200 rerum

70 2226 258 2270 novitate
287 2226 451 2270 futuros
481 2227 770 2284 formidamus,
803 2228 943 2272 animo
973 2229 1092 2274 vobis
1123 2230 1433 2287 condoluimus3
1471 2236 1514 2278 et
1542 2247 1639 2292 pre-

71 2304 206 2362 cipue,
238 2318 334 2348 cum
365 2305 416 2348 de
436 2305 563 2349 verbo
594 2305 867 2350 dissensionis
897 2310 1062 2351 vestrae
1088 2307 1386 2366 intelleximus,
1419 2325 1525 2368 quae
1545 2313 1639 2356 uni-

71 2382 262 2427 versitati
281 2386 447 2427 vestrae
476 2382 707 2440 plurimum
729 2384 896 2428 nocebit
918 2387 960 2428 et
979 2399 1183 2442 personae
1203 2391 1372 2432 nostrae
1393 2389 1638 2434 scandalum

70 2461 298 2518 generabit.
360 2461 417 2506 Et
453 2463 651 2519 quoniam
681 2462 882 2506 mandata
911 2462 1054 2507 domni
1083 2478 1240 2522 papae,
1279 2466 1332 2510 ad
1364 2480 1488 2523 quem
1518 2468 1638 2512 missi

69 2539 248 2595 fuimus,
290 2540 424 2584 adhuc
461 2541 507 2584 in
543 2540 737 2584 manibus
776 2540 998 2596 habemus,
1038 2545 1080 2585 et
1109 2542 1322 2601 principes
1352 2546 1473 2600 regni
1501 2547 1637 2590 nostri

69 2630 147 2662 nos
179 2618 233 2662 ad
263 2617 515 2675 colloquium
546 2632 681 2674 suum,
713 2618 786 2662 ubi
815 2618 867 2662 de
898 2618 1160 2664 ordinatione
1190 2621 1322 2665 futuri
1342 2624 1454 2678 regis
1475 2627 1635 2680 agetur,

70 2708 147 2752 per
175 2695 338 2740 litteras
370 2700 661 2752 evocaverunt,
692 2696 870 2754 pedibus
900 2696 1188 2742 universitatis
1209 2703 1374 2743 vestrae
1401 2700 1542 2745 animo
1563 2701 1636 2746 ad-

70 2772 223 2829 voluti,
263 2774 521 2818 fraternitati
558 2778 722 2819 vestrae
759 2774 909 2829 intime
949 2774 1254 2833 supplicamus,
1292 2780 1339 2821 ut
1376 2792 1454 2836 pro
1491 2779 1635 2824 domni

166 2869 200 2904 1.
236 2867 372 2904 Datum
417 2869 510 2904 1152
553 2868 628 2904 Ian.
661 2869 717 2904 12.
778 2867 824 2905 V.
861 2868 1022 2916 Regesta
1062 2869 1277 2916 pontificum
1317 2871 1421 2908 Rom.
1460 2883 1496 2909 n.
1527 2874 1633 2912 6614.

70 2926 106 2964 2.
131 2937 190 2973 ep.
207 2928 278 2964 365
302 2938 414 2974 supra
436 2939 473 2974 p.
490 2928 571 2964 493.
669 2928 704 2964 3.
729 2938 786 2974 ep.
805 2929 886 2965 367.
