1924 3288
522 226 723 258 wmALDI
751 226 1001 259 EPISTOLAE
1030 227 1217 258 132—134.
1490 230 1493 234 ⁷
1573 217 1660 260 209

87 318 238 363 vitium
257 320 415 377 pepuli,
437 321 605 378 fabulis,
629 323 666 366 si
688 323 853 379 quando
875 323 1035 379 vacavi,
1058 323 1144 367 iam
1167 337 1251 367 non
1280 323 1499 379 intersum,
1531 337 1659 379 vaga-

86 396 271 442 tionibus
301 396 429 444 finem
460 400 569 444 dedi.
616 400 674 445 Et
704 416 726 445 e
758 402 968 446 contrario
998 402 1170 446 intendo
1203 402 1451 460 scripturae,
1485 402 1660 446 chorum

85 474 327 533 frequento,
366 478 503 523 scolae
541 480 746 536 petitione
776 481 956 525 fratrum
991 481 1068 524 sub
1099 481 1301 536 magistro
1333 494 1427 524 meo
1458 480 1658 524 Heinrico

86 552 297 612 deservio,
337 557 410 613 qui
450 571 585 615 nuper
626 557 791 601 edificia
827 557 1084 603 infirmariae
1123 558 1299 603 mirifice
1338 559 1657 603 consummavit.

85 630 278 690 Denique
298 633 377 679 hoc
398 635 535 679 solum
554 639 700 692 restat,
719 637 831 693 quod
845 641 988 681 vestra
1008 638 1224 695 presentia
1245 651 1380 693 careO,
1398 652 1481 694 qua
1500 637 1658 693 habita,

85 710 192 755 nihil
222 712 327 756 mihi
358 713 502 758 deesse
535 714 738 770 arbitror,
772 718 814 758 et
844 719 891 759 ut
922 730 972 760 ea
1002 717 1085 760 cito
1116 717 1324 774 perfruar,
1356 715 1438 759 Dei
1469 716 1659 773 omnipo-

84 790 263 834 tentiam
294 805 434 835 exoro.
482 790 706 836 Melotam¹
725 796 817 836 tum
843 807 921 851 pro
942 798 1084 838 vestra
1111 794 1335 838 dilectione
1365 798 1458 838 tum
1486 808 1564 852 pro
1594 794 1660 838 sui

83 868 267 913 utilitate
288 883 374 913 non
394 870 607 915 modicum
628 870 770 927 diligo.
803 871 955 916 Valeat
979 873 1212 930 paternitas
1234 876 1376 917 vestra
1394 873 1441 916 in
1461 872 1657 916 Domino.

90 1010 204 1058 133.
233 1014 507 1058 Bernhardus
538 1018 753 1074 episcopus
784 1017 1147 1061 Hildesheimensis
1179 1034 1205 1060 a
1244 1018 1433 1062 Wibaldo
1459 1019 1584 1075 petit,
1617 1024 1663 1060 ‘at

231 1086 474 1131 Heinricum
494 1087 525 1131 I
545 1090 756 1147 quondam
787 1091 976 1133 abbatem
994 1091 1278 1134 Corbeiensem
1307 1091 1523 1134 Corbeiam
1553 1092 1659 1132 reci-

228 1160 336 1217 piat.
1443 1160 1515 1215 (M.
1543 1160 1659 1215 129.)

203 1235 443 1280 Bernardus
472 1237 554 1281 Dei
583 1239 721 1294 gratia
747 1239 1178 1284 Hildenesheimensis
1211 1238 1438 1283 aecclesiae
1465 1239 1661 1282 minister

86 1313 257 1358 humilis
303 1315 535 1359 venerabili
578 1317 703 1361 fratri
741 1317 935 1362 Wiboldo
977 1317 1222 1362 Corbeiensi
1261 1318 1405 1362 abbati
1449 1318 1662 1361 sincerum

86 1392 131 1435 in
161 1392 343 1437 Domino
374 1393 652 1439 fraternitatis
685 1409 733 1439 ac
764 1396 1002 1440 dilectionis
1035 1395 1243 1440 affectum.

205 1470 438 1515 Luctuosus
478 1486 527 1516 ac
556 1474 699 1517 varius
730 1474 1012 1518 humanarum
1050 1475 1340 1518 calamitatum
1379 1477 1553 1518 eventus
1584 1487 1661 1517 nos

88 1553 320 1606 ammonet,
368 1549 533 1594 afflictis
580 1553 766 1609 compati
805 1556 866 1608 et,
914 1553 960 1596 in
1006 1552 1186 1596 aliorum
1230 1567 1431 1611 pressura
1474 1551 1663 1595 dolorem

86 1630 279 1670 nostrum
314 1628 382 1671 vel
418 1629 608 1673 laborem
646 1630 980 1686 considerantes,
1020 1631 1222 1675 contritos
1263 1631 1387 1675 corde
1423 1644 1501 1688 pro
1537 1644 1663 1687 posse

86 1708 230 1749 nostro
262 1706 435 1750 consilio
469 1711 593 1764 atque
626 1709 783 1752 auxilio
816 1709 1047 1753 sublevare.
1095 1709 1246 1753 Frater
1272 1710 1416 1766 itaque
1437 1709 1661 1753 Heinricus

88 1783 299 1839 quondam
330 1785 458 1829 abbas
490 1785 704 1842 Corbeiae,
737 1801 849 1831 nunc
880 1791 1022 1831 autem
1052 1802 1182 1831 manu
1201 1788 1375 1831 Domini
1399 1787 1661 1843 humiliatus,

88 1861 142 1904 ad
171 1875 247 1905 nos
279 1863 535 1919 confugiens,
568 1864 772 1921 obsecrat,
803 1868 852 1908 ut
882 1869 1027 1909 nostro
1057 1866 1298 1910 interventu
1328 1866 1664 1910 misericordiam

88 1940 202 1997 apud
231 1954 305 1984 vos
336 1941 537 1997 inveniat,
569 1942 765 1986 videlicet
795 1947 843 1986 ut
867 1947 908 1987 et
928 1944 972 1986 in
1004 1943 1235 1988 claustrum
1255 1945 1531 2002 professionis
1563 1958 1663 1987 suae

87 2018 265 2074 benigne
295 2019 418 2062 illum
446 2020 662 2076 recipiatis
685 2024 726 2064 et
745 2025 924 2079 paterna
944 2022 1229 2066 consolatione
1250 2023 1553 2066 contricionem
1574 2023 1662 2066 eius

88 2096 343 2141 sublevando
374 2098 565 2141 foveatis
612 2097 670 2141 Et
702 2099 801 2155 quia
830 2100 938 2144 forte
970 2101 1201 2158 suspicioni
1220 2101 1340 2145 vobis
1373 2104 1449 2157 est,
1481 2115 1534 2144 ne
1566 2114 1662 2144 con-

87 2176 338 2219 troversiam
369 2190 549 2233 persone
569 2180 733 2220 vestrae
765 2178 878 2235 apud
910 2178 1072 2235 aliquos
1093 2182 1327 2222 vestratum
1351 2179 1574 2222 interiores
1596 2178 1664 2222 vel

89 2254 316 2298 exteriores
348 2258 539 2310 generet,
580 2268 886 2311 quamcumque
927 2256 1123 2311 dignam⁸¹
1154 2257 1463 2312 iudicaveritis,
1504 2257 1554 2300 de
1585 2257 1664 2299 hac

89 2343 216 2375 causa
253 2333 547 2376 certitudinem
591 2337 633 2376 et
678 2338 1018 2390 perseverantem
1058 2335 1321 2390 obedientiae
1360 2335 1663 2379 subiectionem

90 2408 141 2453 ab
175 2423 222 2453 eo
252 2411 477 2468 recipietis.
525 2411 628 2454 Peto
659 2411 803 2466 igitur,
835 2415 895 2467 ut,
929 2412 1041 2468 quod
1066 2426 1143 2469 per
1164 2427 1240 2456 nos
1263 2414 1451 2457 obtinere
1473 2427 1518 2456 se
1538 2427 1663 2470 posse

90 2487 275 2544 confidit,
306 2489 543 2533 dilectionis
574 2493 741 2533 vestrae
772 2489 1057 2533 benivolentia
1089 2495 1380 2548 consequatur.
1428 2490 1588 2534 Valete.

96 2630 209 2677 134.
238 2634 512 2677 Bernhardus
543 2636 756 2691 episcopus
778 2633 1138 2677 Hildesheimensis
1170 2636 1429 2699 Corbeienses
1459 2635 1660 2689 bortatur,

237 2713 283 2747 ut
312 2721 396 2762 pro
428 2705 624 2748 Heinrico
656 2706 683 2749 I
721 2706 931 2763 quondam
977 2707 1122 2748 abbate
1164 2707 1378 2749 Corbeiam
1424 2708 1661 2765 recipiendo

239 2779 355 2835 apud
393 2778 626 2821 Wibaldum
655 2778 919 2819 intercedant.
1444 2776 1516 2831 (M.
1544 2778 1660 2832 130.)

207 2853 479 2909 B(ernardus)
497 2854 578 2898 Dei
593 2855 731 2910 gratia
747 2853 1176 2898 Hildenesheimensis
1201 2855 1466 2912 dispensator
1489 2855 1661 2899 humilis

189 2947 215 2968 a.
244 2937 368 2976 dignum
390 2950 415 2968 c.

187 2990 219 3025 1.
246 3001 371 3026 ursum
396 2990 539 3036 melem,
563 2990 698 3026 Dachs.

150 3054 254 3089 «lami.
277 3057 466 3086 Bibliotheca
486 3058 509 3085 1.
1305 3056 1352 3092 14

1687 327 1780 364 1148

1695 1240 1788 1276 1148

1685 1300 1711 1320 c.
1728 1290 1794 1321 Oct.

1693 2862 1787 2898 1148

1684 2921 1709 2942 c.
1726 2911 1791 2942 Oct.
