<?xml version="1.0" encoding="UTF-8"?>
<!DOCTYPE html PUBLIC "-//W3C//DTD XHTML 1.0 Transitional//EN"
    "http://www.w3.org/TR/xhtml1/DTD/xhtml1-transitional.dtd">
<html xmlns="http://www.w3.org/1999/xhtml" xml:lang="en" lang="en">
 <head>
  <title>
</title>
<meta http-equiv="Content-Type" content="text/html;charset=utf-8" />
  <meta name='ocr-system' content='tesseract 3.04.00' />
  <meta name='ocr-capabilities' content='ocr_page ocr_carea ocr_par ocr_line ocrx_word'/>
</head>
<body>
  <div class='ocr_page' id='page_1' title='image "bibliothecarerum01wattuoft_0383.png"; bbox 0 0 1924 3288; ppageno 0'>
   <div class='ocr_carea' id='block_1_1' title="bbox 612 163 1667 208">
    <p class='ocr_par' dir='ltr' id='par_1_1' title="bbox 612 163 1667 208">
     <span class='ocr_line' id='line_1_1' title="bbox 612 163 1667 208; baseline 0 0"><span class='ocrx_word' id='word_1_1' title='bbox 612 176 811 208; x_wconf 77' lang='lat' dir='ltr'>wmALDI</span> <span class='ocrx_word' id='word_1_2' title='bbox 840 175 1060 208; x_wconf 71' lang='lat' dir='ltr'>nms&#39;roLA</span> <span class='ocrx_word' id='word_1_3' title='bbox 1091 176 1161 207; x_wconf 83' lang='lat'>243.</span> <span class='ocrx_word' id='word_1_4' title='bbox 1581 163 1667 208; x_wconf 86' lang='lat'>365</span> 
     </span>
    </p>
   </div>
   <div class='ocr_carea' id='block_1_2' title="bbox 45 268 1786 2831">
    <p class='ocr_par' dir='ltr' id='par_1_2' title="bbox 45 268 1786 2831">
     <span class='ocr_line' id='line_1_2' title="bbox 222 268 1786 329; baseline 0 -15"><span class='ocrx_word' id='word_1_5' title='bbox 222 268 312 323; x_wconf 79' lang='lat' dir='ltr'>Quo</span> <span class='ocrx_word' id='word_1_6' title='bbox 358 284 530 316; x_wconf 85' lang='lat' dir='ltr'>munere</span> <span class='ocrx_word' id='word_1_7' title='bbox 568 273 732 318; x_wconf 88' lang='lat' dir='ltr'>celestis</span> <span class='ocrx_word' id='word_1_8' title='bbox 778 274 1090 317; x_wconf 79' lang='lat' dir='ltr'>misericordiae</span> <span class='ocrx_word' id='word_1_9' title='bbox 1138 275 1327 329; x_wconf 83' lang='lat' dir='ltr'>accepte,</span> <span class='ocrx_word' id='word_1_10' title='bbox 1375 270 1475 315; x_wconf 90' lang='lat' dir='ltr'>dum</span> <span class='ocrx_word' id='word_1_11' title='bbox 1522 275 1668 315; x_wconf 86' lang='lat' dir='ltr'>contra</span> <span class='ocrx_word' id='word_1_12' title='bbox 1693 275 1786 311; x_wconf 84' lang='lat'>1150</span> 
     </span>
     <span class='ocr_line' id='line_1_3' title="bbox 45 326 1772 408; baseline 0.001 -16"><span class='ocrx_word' id='word_1_13' title='bbox 45 367 47 370; x_wconf 56' lang='grc'>’</span> <span class='ocrx_word' id='word_1_14' title='bbox 103 349 335 394; x_wconf 87' lang='lat' dir='ltr'>communis</span> <span class='ocrx_word' id='word_1_15' title='bbox 375 350 508 395; x_wconf 90' lang='lat' dir='ltr'>hostis</span> <span class='ocrx_word' id='word_1_16' title='bbox 546 352 700 407; x_wconf 79' lang='lat' dir='ltr'>nostri,</span> <span class='ocrx_word' id='word_1_17' title='bbox 749 351 877 395; x_wconf 89' lang='lat' dir='ltr'>Siculi</span> <span class='ocrx_word' id='word_1_18' title='bbox 923 351 1117 395; x_wconf 89' lang='lat' dir='ltr'>videlicet</span> <span class='ocrx_word' id='word_1_19' title='bbox 1161 351 1350 408; x_wconf 80' lang='lat' dir='ltr'>tyranni,</span> <span class='ocrx_word' id='word_1_20' title='bbox 1398 350 1665 394; x_wconf 74' lang='lat' dir='ltr'>temerariam</span> <span class='ocrx_word' id='word_1_21' title='bbox 1700 326 1772 364; x_wconf 59' lang='lat' dir='ltr'><strong>Apr‘</strong></span> 
     </span>
     <span class='ocr_line' id='line_1_4' title="bbox 102 426 1666 487; baseline 0.001 -17"><span class='ocrx_word' id='word_1_22' title='bbox 102 426 369 472; x_wconf 79' lang='lat' dir='ltr'>insolentiam</span> <span class='ocrx_word' id='word_1_23' title='bbox 407 443 483 473; x_wconf 91' lang='lat' dir='ltr'>nos</span> <span class='ocrx_word' id='word_1_24' title='bbox 516 430 713 487; x_wconf 88' lang='lat' dir='ltr'>expedire</span> <span class='ocrx_word' id='word_1_25' title='bbox 753 434 794 474; x_wconf 92' lang='lat' dir='ltr'>et</span> <span class='ocrx_word' id='word_1_26' title='bbox 825 431 1041 485; x_wconf 83' lang='lat' dir='ltr'>accingere</span> <span class='ocrx_word' id='word_1_27' title='bbox 1072 429 1308 485; x_wconf 81' lang='lat' dir='ltr'>studemus,</span> <span class='ocrx_word' id='word_1_28' title='bbox 1339 429 1562 472; x_wconf 88' lang='lat' dir='ltr'>nunciatur</span> <span class='ocrx_word' id='word_1_29' title='bbox 1591 442 1666 472; x_wconf 94' lang='lat' dir='ltr'>no-</span> 
     </span>
     <span class='ocr_line' id='line_1_5' title="bbox 102 504 1667 565; baseline 0.002 -17"><span class='ocrx_word' id='word_1_30' title='bbox 102 504 189 562; x_wconf 82' lang='lat' dir='ltr'>bis,</span> <span class='ocrx_word' id='word_1_31' title='bbox 221 507 333 563; x_wconf 89' lang='lat' dir='ltr'>quod</span> <span class='ocrx_word' id='word_1_32' title='bbox 362 508 498 551; x_wconf 92' lang='lat' dir='ltr'>omnis</span> <span class='ocrx_word' id='word_1_33' title='bbox 520 507 776 551; x_wconf 89' lang='lat' dir='ltr'>Francorum</span> <span class='ocrx_word' id='word_1_34' title='bbox 807 508 987 565; x_wconf 84' lang='lat' dir='ltr'>populus</span> <span class='ocrx_word' id='word_1_35' title='bbox 1019 522 1113 551; x_wconf 92' lang='lat' dir='ltr'>cum</span> <span class='ocrx_word' id='word_1_36' title='bbox 1143 508 1236 565; x_wconf 91' lang='lat' dir='ltr'>ipso</span> <span class='ocrx_word' id='word_1_37' title='bbox 1264 521 1362 563; x_wconf 89' lang='lat' dir='ltr'>rege</span> <span class='ocrx_word' id='word_1_38' title='bbox 1393 504 1491 551; x_wconf 86' lang='lat' dir='ltr'>suo¹</span> <span class='ocrx_word' id='word_1_39' title='bbox 1521 510 1667 550; x_wconf 87' lang='lat' dir='ltr'>contra</span> 
     </span>
     <span class='ocr_line' id='line_1_6' title="bbox 101 583 1665 642; baseline 0.002 -16"><span class='ocrx_word' id='word_1_40' title='bbox 101 583 326 640; x_wconf 91' lang='lat' dir='ltr'>imperium</span> <span class='ocrx_word' id='word_1_41' title='bbox 370 585 735 642; x_wconf 83' lang='lat' dir='ltr'>precellentissimi</span> <span class='ocrx_word' id='word_1_42' title='bbox 773 586 963 642; x_wconf 86' lang='lat' dir='ltr'>germani</span> <span class='ocrx_word' id='word_1_43' title='bbox 1000 587 1155 642; x_wconf 83' lang='lat' dir='ltr'>nostri,</span> <span class='ocrx_word' id='word_1_44' title='bbox 1202 586 1265 629; x_wconf 92' lang='lat' dir='ltr'>tui</span> <span class='ocrx_word' id='word_1_45' title='bbox 1310 585 1470 630; x_wconf 90' lang='lat' dir='ltr'>scilicet</span> <span class='ocrx_word' id='word_1_46' title='bbox 1514 586 1665 642; x_wconf 87' lang='lat' dir='ltr'>glorio-</span> 
     </span>
     <span class='ocr_line' id='line_1_7' title="bbox 101 661 1665 722; baseline 0.002 -17"><span class='ocrx_word' id='word_1_47' title='bbox 101 661 258 705; x_wconf 86' lang='lat' dir='ltr'>sissimi</span> <span class='ocrx_word' id='word_1_48' title='bbox 280 664 461 720; x_wconf 82' lang='lat' dir='ltr'>sponsi,</span> <span class='ocrx_word' id='word_1_49' title='bbox 501 664 761 722; x_wconf 88' lang='lat' dir='ltr'>conspiraret</span> <span class='ocrx_word' id='word_1_50' title='bbox 791 668 833 708; x_wconf 89' lang='lat' dir='ltr'>et</span> <span class='ocrx_word' id='word_1_51' title='bbox 872 678 990 708; x_wconf 91' lang='lat' dir='ltr'>arma</span> <span class='ocrx_word' id='word_1_52' title='bbox 1019 678 1208 720; x_wconf 88' lang='lat' dir='ltr'>movere,</span> <span class='ocrx_word' id='word_1_53' title='bbox 1254 668 1421 708; x_wconf 90' lang='lat' dir='ltr'>auctore</span> <span class='ocrx_word' id='word_1_54' title='bbox 1453 668 1495 708; x_wconf 91' lang='lat' dir='ltr'>et</span> <span class='ocrx_word' id='word_1_55' title='bbox 1523 664 1665 708; x_wconf 89' lang='lat' dir='ltr'>incen-</span> 
     </span>
     <span class='ocr_line' id='line_1_8' title="bbox 99 739 1666 800; baseline 0.002 -17"><span class='ocrx_word' id='word_1_56' title='bbox 99 741 191 784; x_wconf 89' lang='lat' dir='ltr'>tore</span> <span class='ocrx_word' id='word_1_57' title='bbox 231 739 385 799; x_wconf 83' lang='lat' dir='ltr'>Sicilye</span> <span class='ocrx_word' id='word_1_58' title='bbox 429 745 630 799; x_wconf 86' lang='lat' dir='ltr'>tyranno,</span> <span class='ocrx_word' id='word_1_59' title='bbox 678 755 773 785; x_wconf 91' lang='lat' dir='ltr'>cum</span> <span class='ocrx_word' id='word_1_60' title='bbox 816 743 931 786; x_wconf 91' lang='lat' dir='ltr'>omni</span> <span class='ocrx_word' id='word_1_61' title='bbox 975 743 1143 787; x_wconf 88' lang='lat' dir='ltr'>virtutis</span> <span class='ocrx_word' id='word_1_62' title='bbox 1191 756 1291 786; x_wconf 88' lang='lat' dir='ltr'>suae</span> <span class='ocrx_word' id='word_1_63' title='bbox 1337 746 1488 786; x_wconf 91' lang='lat' dir='ltr'>conatu</span> <span class='ocrx_word' id='word_1_64' title='bbox 1526 743 1666 800; x_wconf 91' lang='lat' dir='ltr'>dispo-</span> 
     </span>
     <span class='ocr_line' id='line_1_9' title="bbox 99 818 1665 878; baseline 0.002 -17"><span class='ocrx_word' id='word_1_65' title='bbox 99 821 230 862; x_wconf 88' lang='lat' dir='ltr'>neret.</span> <span class='ocrx_word' id='word_1_66' title='bbox 278 818 412 871; x_wconf 89' lang='lat' dir='ltr'>Quam</span> <span class='ocrx_word' id='word_1_67' title='bbox 442 834 531 864; x_wconf 91' lang='lat' dir='ltr'>rem</span> <span class='ocrx_word' id='word_1_68' title='bbox 563 834 647 864; x_wconf 91' lang='lat' dir='ltr'>non</span> <span class='ocrx_word' id='word_1_69' title='bbox 676 820 799 864; x_wconf 92' lang='lat' dir='ltr'>facile</span> <span class='ocrx_word' id='word_1_70' title='bbox 831 822 1108 878; x_wconf 88' lang='lat' dir='ltr'>spernendam</span> <span class='ocrx_word' id='word_1_71' title='bbox 1135 821 1202 865; x_wconf 89' lang='lat' dir='ltr'>vel</span> <span class='ocrx_word' id='word_1_72' title='bbox 1222 821 1497 864; x_wconf 90' lang='lat' dir='ltr'>omittendam</span> <span class='ocrx_word' id='word_1_73' title='bbox 1526 824 1665 864; x_wconf 90' lang='lat' dir='ltr'>ratum</span> 
     </span>
     <span class='ocr_line' id='line_1_10' title="bbox 100 895 1665 959; baseline 0.001 -20"><span class='ocrx_word' id='word_1_74' title='bbox 100 895 317 953; x_wconf 85' lang='lat' dir='ltr'>duximus,</span> <span class='ocrx_word' id='word_1_75' title='bbox 359 901 430 959; x_wconf 84' lang='lat' dir='ltr'>set</span> <span class='ocrx_word' id='word_1_76' title='bbox 466 898 593 943; x_wconf 90' lang='lat' dir='ltr'>finem</span> <span class='ocrx_word' id='word_1_77' title='bbox 630 913 771 942; x_wconf 92' lang='lat' dir='ltr'>rerum</span> <span class='ocrx_word' id='word_1_78' title='bbox 810 903 1032 956; x_wconf 84' lang='lat' dir='ltr'>expectare</span> <span class='ocrx_word' id='word_1_79' title='bbox 1076 902 1117 942; x_wconf 91' lang='lat' dir='ltr'>et</span> <span class='ocrx_word' id='word_1_80' title='bbox 1154 902 1226 942; x_wconf 89' lang='lat' dir='ltr'>aut</span> <span class='ocrx_word' id='word_1_81' title='bbox 1265 899 1492 943; x_wconf 92' lang='lat' dir='ltr'>tumultum</span> <span class='ocrx_word' id='word_1_82' title='bbox 1530 899 1665 956; x_wconf 87' lang='lat' dir='ltr'>repri-</span> 
     </span>
     <span class='ocr_line' id='line_1_11' title="bbox 99 977 1664 1035; baseline 0.001 -17"><span class='ocrx_word' id='word_1_83' title='bbox 99 987 213 1019; x_wconf 88' lang='lat' dir='ltr'>mere</span> <span class='ocrx_word' id='word_1_84' title='bbox 251 979 324 1019; x_wconf 86' lang='lat' dir='ltr'>aut</span> <span class='ocrx_word' id='word_1_85' title='bbox 353 989 429 1020; x_wconf 94' lang='lat' dir='ltr'>nos</span> <span class='ocrx_word' id='word_1_86' title='bbox 462 980 504 1021; x_wconf 92' lang='lat' dir='ltr'>et</span> <span class='ocrx_word' id='word_1_87' title='bbox 530 977 756 1035; x_wconf 89' lang='lat' dir='ltr'>imperium</span> <span class='ocrx_word' id='word_1_88' title='bbox 786 981 976 1021; x_wconf 90' lang='lat' dir='ltr'>nostrum</span> <span class='ocrx_word' id='word_1_89' title='bbox 1014 991 1090 1035; x_wconf 89' lang='lat' dir='ltr'>pro</span> <span class='ocrx_word' id='word_1_90' title='bbox 1129 978 1259 1021; x_wconf 83' lang='lat' dir='ltr'>fratre</span> <span class='ocrx_word' id='word_1_91' title='bbox 1289 981 1433 1021; x_wconf 92' lang='lat' dir='ltr'>nostro</span> <span class='ocrx_word' id='word_1_92' title='bbox 1470 980 1512 1020; x_wconf 91' lang='lat' dir='ltr'>et</span> <span class='ocrx_word' id='word_1_93' title='bbox 1539 977 1664 1020; x_wconf 90' lang='lat' dir='ltr'>rebus</span> 
     </span>
     <span class='ocr_line' id='line_1_12' title="bbox 98 1053 1664 1111; baseline 0.001 -15"><span class='ocrx_word' id='word_1_94' title='bbox 98 1053 231 1110; x_wconf 89' lang='lat' dir='ltr'>ipsius</span> <span class='ocrx_word' id='word_1_95' title='bbox 263 1068 475 1111; x_wconf 90' lang='lat' dir='ltr'>opponere</span> <span class='ocrx_word' id='word_1_96' title='bbox 506 1055 777 1100; x_wconf 86' lang='lat' dir='ltr'>decrevimus.</span> <span class='ocrx_word' id='word_1_97' title='bbox 874 1056 1108 1100; x_wconf 82' lang='lat' dir='ltr'>Excusatos</span> <span class='ocrx_word' id='word_1_98' title='bbox 1140 1069 1216 1099; x_wconf 91' lang='lat' dir='ltr'>nos</span> <span class='ocrx_word' id='word_1_99' title='bbox 1247 1055 1501 1100; x_wconf 86' lang='lat' dir='ltr'>sufficienter</span> <span class='ocrx_word' id='word_1_100' title='bbox 1531 1055 1664 1098; x_wconf 83' lang='lat' dir='ltr'>credi-</span> 
     </span>
     <span class='ocr_line' id='line_1_13' title="bbox 98 1133 1663 1190; baseline 0.001 -16"><span class='ocrx_word' id='word_1_101' title='bbox 98 1145 206 1188; x_wconf 87' lang='lat' dir='ltr'>mus,</span> <span class='ocrx_word' id='word_1_102' title='bbox 238 1133 429 1177; x_wconf 89' lang='lat' dir='ltr'>veritatis</span> <span class='ocrx_word' id='word_1_103' title='bbox 451 1134 657 1178; x_wconf 86' lang='lat' dir='ltr'>existente</span> <span class='ocrx_word' id='word_1_104' title='bbox 678 1135 927 1190; x_wconf 88' lang='lat' dir='ltr'>constantia,</span> <span class='ocrx_word' id='word_1_105' title='bbox 959 1138 1047 1178; x_wconf 91' lang='lat' dir='ltr'>tam</span> <span class='ocrx_word' id='word_1_106' title='bbox 1072 1134 1123 1178; x_wconf 92' lang='lat' dir='ltr'>de</span> <span class='ocrx_word' id='word_1_107' title='bbox 1143 1134 1368 1178; x_wconf 88' lang='lat' dir='ltr'>incursatis</span> <span class='ocrx_word' id='word_1_108' title='bbox 1391 1134 1510 1190; x_wconf 87' lang='lat' dir='ltr'>regni</span> <span class='ocrx_word' id='word_1_109' title='bbox 1530 1134 1663 1177; x_wconf 91' lang='lat' dir='ltr'>nostri</span> 
     </span>
     <span class='ocr_line' id='line_1_14' title="bbox 97 1207 1664 1270; baseline 0.002 -18"><span class='ocrx_word' id='word_1_110' title='bbox 97 1207 249 1254; x_wconf 90' lang='lat' dir='ltr'>finibus</span> <span class='ocrx_word' id='word_1_111' title='bbox 281 1224 407 1267; x_wconf 91' lang='lat' dir='ltr'>quam</span> <span class='ocrx_word' id='word_1_112' title='bbox 437 1211 489 1255; x_wconf 89' lang='lat' dir='ltr'>de</span> <span class='ocrx_word' id='word_1_113' title='bbox 519 1212 795 1257; x_wconf 89' lang='lat' dir='ltr'>invalitudine</span> <span class='ocrx_word' id='word_1_114' title='bbox 825 1213 1045 1270; x_wconf 88' lang='lat' dir='ltr'>corporali.</span> <span class='ocrx_word' id='word_1_115' title='bbox 1093 1212 1150 1256; x_wconf 91' lang='lat' dir='ltr'>Et</span> <span class='ocrx_word' id='word_1_116' title='bbox 1179 1212 1304 1269; x_wconf 90' lang='lat' dir='ltr'>plane</span> <span class='ocrx_word' id='word_1_117' title='bbox 1337 1212 1388 1256; x_wconf 90' lang='lat' dir='ltr'>de</span> <span class='ocrx_word' id='word_1_118' title='bbox 1419 1213 1560 1256; x_wconf 91' lang='lat' dir='ltr'>divino</span> <span class='ocrx_word' id='word_1_119' title='bbox 1593 1212 1664 1255; x_wconf 89' lang='lat' dir='ltr'>ad-</span> 
     </span>
     <span class='ocr_line' id='line_1_15' title="bbox 97 1287 1664 1348; baseline 0.001 -17"><span class='ocrx_word' id='word_1_120' title='bbox 97 1287 250 1332; x_wconf 90' lang='lat' dir='ltr'>iutorio</span> <span class='ocrx_word' id='word_1_121' title='bbox 282 1288 541 1347; x_wconf 89' lang='lat' dir='ltr'>confidimus,</span> <span class='ocrx_word' id='word_1_122' title='bbox 575 1291 685 1347; x_wconf 91' lang='lat' dir='ltr'>quod</span> <span class='ocrx_word' id='word_1_123' title='bbox 715 1291 760 1334; x_wconf 93' lang='lat' dir='ltr'>in</span> <span class='ocrx_word' id='word_1_124' title='bbox 791 1291 908 1335; x_wconf 90' lang='lat' dir='ltr'>brevi</span> <span class='ocrx_word' id='word_1_125' title='bbox 935 1291 1145 1348; x_wconf 86' lang='lat' dir='ltr'>promissa</span> <span class='ocrx_word' id='word_1_126' title='bbox 1166 1293 1313 1334; x_wconf 87' lang='lat' dir='ltr'>nostra</span> <span class='ocrx_word' id='word_1_127' title='bbox 1341 1289 1522 1333; x_wconf 91' lang='lat' dir='ltr'>fideliter</span> <span class='ocrx_word' id='word_1_128' title='bbox 1553 1303 1664 1333; x_wconf 89' lang='lat' dir='ltr'>com-</span> 
     </span>
     <span class='ocr_line' id='line_1_16' title="bbox 96 1365 1663 1426; baseline 0.001 -16"><span class='ocrx_word' id='word_1_129' title='bbox 96 1365 325 1424; x_wconf 85' lang='lat' dir='ltr'>plebimus,</span> <span class='ocrx_word' id='word_1_130' title='bbox 357 1380 442 1411; x_wconf 91' lang='lat' dir='ltr'>non</span> <span class='ocrx_word' id='word_1_131' title='bbox 474 1367 609 1411; x_wconf 91' lang='lat' dir='ltr'>solum</span> <span class='ocrx_word' id='word_1_132' title='bbox 640 1369 739 1425; x_wconf 89' lang='lat' dir='ltr'>quia</span> <span class='ocrx_word' id='word_1_133' title='bbox 769 1369 1091 1426; x_wconf 89' lang='lat' dir='ltr'>spopondimus,</span> <span class='ocrx_word' id='word_1_134' title='bbox 1124 1383 1270 1413; x_wconf 88' lang='lat' dir='ltr'>verum</span> <span class='ocrx_word' id='word_1_135' title='bbox 1301 1369 1428 1412; x_wconf 89' lang='lat' dir='ltr'>etiam</span> <span class='ocrx_word' id='word_1_136' title='bbox 1459 1369 1558 1425; x_wconf 87' lang='lat' dir='ltr'>quia</span> <span class='ocrx_word' id='word_1_137' title='bbox 1587 1382 1663 1411; x_wconf 88' lang='lat' dir='ltr'>nos</span> 
     </span>
     <span class='ocr_line' id='line_1_17' title="bbox 97 1443 1627 1504; baseline 0.001 -16"><span class='ocrx_word' id='word_1_138' title='bbox 97 1443 149 1487; x_wconf 89' lang='lat' dir='ltr'>de</span> <span class='ocrx_word' id='word_1_139' title='bbox 178 1445 372 1489; x_wconf 80' lang='lat' dir='ltr'>invasore</span> <span class='ocrx_word' id='word_1_140' title='bbox 402 1446 570 1503; x_wconf 91' lang='lat' dir='ltr'>imperii</span> <span class='ocrx_word' id='word_1_141' title='bbox 599 1448 734 1490; x_wconf 89' lang='lat' dir='ltr'>nostri</span> <span class='ocrx_word' id='word_1_142' title='bbox 763 1447 977 1491; x_wconf 90' lang='lat' dir='ltr'>vindicare</span> <span class='ocrx_word' id='word_1_143' title='bbox 1009 1454 1296 1504; x_wconf 75' lang='lat' dir='ltr'>summopere‘*</span> <span class='ocrx_word' id='word_1_144' title='bbox 1328 1447 1627 1491; x_wconf 89' lang='lat' dir='ltr'>desideramus.</span> 
     </span>
     <span class='ocr_line' id='line_1_18' title="bbox 215 1522 1663 1581; baseline 0.001 -15"><span class='ocrx_word' id='word_1_145' title='bbox 215 1522 272 1566; x_wconf 94' lang='lat' dir='ltr'>Et</span> <span class='ocrx_word' id='word_1_146' title='bbox 309 1527 358 1567; x_wconf 92' lang='lat' dir='ltr'>ut</span> <span class='ocrx_word' id='word_1_147' title='bbox 393 1523 604 1581; x_wconf 88' lang='lat' dir='ltr'>precelsus</span> <span class='ocrx_word' id='word_1_148' title='bbox 640 1525 706 1568; x_wconf 90' lang='lat' dir='ltr'>vir</span> <span class='ocrx_word' id='word_1_149' title='bbox 742 1529 839 1569; x_wconf 90' lang='lat' dir='ltr'>tuus</span> <span class='ocrx_word' id='word_1_150' title='bbox 876 1526 1080 1570; x_wconf 90' lang='lat' dir='ltr'>maiorem</span> <span class='ocrx_word' id='word_1_151' title='bbox 1117 1526 1168 1569; x_wconf 91' lang='lat' dir='ltr'>de</span> <span class='ocrx_word' id='word_1_152' title='bbox 1202 1525 1323 1570; x_wconf 90' lang='lat' dir='ltr'>nobis</span> <span class='ocrx_word' id='word_1_153' title='bbox 1356 1525 1544 1569; x_wconf 89' lang='lat' dir='ltr'>amicicie</span> <span class='ocrx_word' id='word_1_154' title='bbox 1575 1538 1663 1568; x_wconf 84' lang='lat' dir='ltr'>cer-</span> 
     </span>
     <span class='ocr_line' id='line_1_19' title="bbox 96 1600 1664 1660; baseline 0.001 -16"><span class='ocrx_word' id='word_1_155' title='bbox 96 1600 319 1645; x_wconf 91' lang='lat' dir='ltr'>titudinem</span> <span class='ocrx_word' id='word_1_156' title='bbox 358 1605 400 1646; x_wconf 89' lang='lat' dir='ltr'>et</span> <span class='ocrx_word' id='word_1_157' title='bbox 438 1602 696 1660; x_wconf 89' lang='lat' dir='ltr'>adimplendi</span> <span class='ocrx_word' id='word_1_158' title='bbox 735 1604 1030 1648; x_wconf 88' lang='lat' dir='ltr'>conventiones</span> <span class='ocrx_word' id='word_1_159' title='bbox 1070 1604 1243 1660; x_wconf 91' lang='lat' dir='ltr'>habeat,</span> <span class='ocrx_word' id='word_1_160' title='bbox 1289 1603 1516 1647; x_wconf 88' lang='lat' dir='ltr'>firmiorem</span> <span class='ocrx_word' id='word_1_161' title='bbox 1554 1603 1664 1647; x_wconf 91' lang='lat' dir='ltr'>inter</span> 
     </span>
     <span class='ocr_line' id='line_1_20' title="bbox 97 1678 1659 1739; baseline 0.002 -17"><span class='ocrx_word' id='word_1_162' title='bbox 97 1692 174 1723; x_wconf 91' lang='lat' dir='ltr'>nos</span> <span class='ocrx_word' id='word_1_163' title='bbox 205 1678 467 1736; x_wconf 85' lang='lat' dir='ltr'>affinitatem,</span> <span class='ocrx_word' id='word_1_164' title='bbox 500 1680 623 1724; x_wconf 88' lang='lat' dir='ltr'>sicuti</span> <span class='ocrx_word' id='word_1_165' title='bbox 647 1695 743 1725; x_wconf 91' lang='lat' dir='ltr'>cum</span> <span class='ocrx_word' id='word_1_166' title='bbox 762 1686 978 1739; x_wconf 89' lang='lat' dir='ltr'>presentes</span> <span class='ocrx_word' id='word_1_167' title='bbox 1001 1696 1186 1726; x_wconf 89' lang='lat' dir='ltr'>essemus</span> <span class='ocrx_word' id='word_1_168' title='bbox 1208 1683 1319 1726; x_wconf 91' lang='lat' dir='ltr'>inter</span> <span class='ocrx_word' id='word_1_169' title='bbox 1338 1696 1414 1725; x_wconf 90' lang='lat' dir='ltr'>nos</span> <span class='ocrx_word' id='word_1_170' title='bbox 1436 1685 1659 1725; x_wconf 89' lang='lat' dir='ltr'>tractatum</span> 
     </span>
     <span class='ocr_line' id='line_1_21' title="bbox 98 1756 1663 1818; baseline 0.002 -18"><span class='ocrx_word' id='word_1_171' title='bbox 98 1760 140 1800; x_wconf 91' lang='lat' dir='ltr'>et</span> <span class='ocrx_word' id='word_1_172' title='bbox 168 1756 381 1801; x_wconf 90' lang='lat' dir='ltr'>firmatum</span> <span class='ocrx_word' id='word_1_173' title='bbox 411 1758 511 1814; x_wconf 87' lang='lat' dir='ltr'>fuit,</span> <span class='ocrx_word' id='word_1_174' title='bbox 551 1759 604 1802; x_wconf 92' lang='lat' dir='ltr'>ad</span> <span class='ocrx_word' id='word_1_175' title='bbox 634 1773 806 1816; x_wconf 89' lang='lat' dir='ltr'>presens</span> <span class='ocrx_word' id='word_1_176' title='bbox 838 1759 928 1804; x_wconf 92' lang='lat' dir='ltr'>fieri</span> <span class='ocrx_word' id='word_1_177' title='bbox 960 1761 1242 1818; x_wconf 88' lang='lat' dir='ltr'>disponimus,</span> <span class='ocrx_word' id='word_1_178' title='bbox 1280 1761 1341 1804; x_wconf 91' lang='lat' dir='ltr'>ita</span> <span class='ocrx_word' id='word_1_179' title='bbox 1370 1760 1584 1804; x_wconf 87' lang='lat' dir='ltr'>videlicet:</span> <span class='ocrx_word' id='word_1_180' title='bbox 1615 1764 1663 1803; x_wconf 93' lang='lat' dir='ltr'>ut</span> 
     </span>
     <span class='ocr_line' id='line_1_22' title="bbox 98 1834 1663 1895; baseline 0.002 -17"><span class='ocrx_word' id='word_1_181' title='bbox 98 1834 303 1890; x_wconf 87' lang='lat' dir='ltr'>gloriosus</span> <span class='ocrx_word' id='word_1_182' title='bbox 334 1835 444 1879; x_wconf 91' lang='lat' dir='ltr'>filius</span> <span class='ocrx_word' id='word_1_183' title='bbox 474 1840 629 1892; x_wconf 91' lang='lat' dir='ltr'>noster,</span> <span class='ocrx_word' id='word_1_184' title='bbox 663 1838 734 1893; x_wconf 88' lang='lat' dir='ltr'>qui</span> <span class='ocrx_word' id='word_1_185' title='bbox 765 1838 934 1895; x_wconf 90' lang='lat' dir='ltr'>imperii</span> <span class='ocrx_word' id='word_1_186' title='bbox 964 1840 1097 1882; x_wconf 89' lang='lat' dir='ltr'>nostri</span> <span class='ocrx_word' id='word_1_187' title='bbox 1129 1852 1343 1883; x_wconf 89' lang='lat' dir='ltr'>successor</span> <span class='ocrx_word' id='word_1_188' title='bbox 1374 1842 1416 1883; x_wconf 90' lang='lat' dir='ltr'>et</span> <span class='ocrx_word' id='word_1_189' title='bbox 1444 1839 1566 1882; x_wconf 90' lang='lat' dir='ltr'>heres</span> <span class='ocrx_word' id='word_1_190' title='bbox 1599 1842 1663 1882; x_wconf 88' lang='lat' dir='ltr'>est</span> 
     </span>
     <span class='ocr_line' id='line_1_23' title="bbox 98 1912 1661 1973; baseline 0.003 -17"><span class='ocrx_word' id='word_1_191' title='bbox 98 1912 339 1969; x_wconf 86' lang='lat' dir='ltr'>designatus</span> <span class='ocrx_word' id='word_1_192' title='bbox 371 1917 413 1957; x_wconf 92' lang='lat' dir='ltr'>et</span> <span class='ocrx_word' id='word_1_193' title='bbox 443 1918 678 1971; x_wconf 88' lang='lat' dir='ltr'>coronatus,</span> <span class='ocrx_word' id='word_1_194' title='bbox 709 1920 877 1973; x_wconf 89' lang='lat' dir='ltr'>neptem</span> <span class='ocrx_word' id='word_1_195' title='bbox 908 1931 1036 1960; x_wconf 91' lang='lat' dir='ltr'>unam</span> <span class='ocrx_word' id='word_1_196' title='bbox 1066 1918 1209 1960; x_wconf 91' lang='lat' dir='ltr'>mariti</span> <span class='ocrx_word' id='word_1_197' title='bbox 1239 1917 1315 1973; x_wconf 89' lang='lat' dir='ltr'>tui,</span> <span class='ocrx_word' id='word_1_198' title='bbox 1347 1917 1536 1961; x_wconf 90' lang='lat' dir='ltr'>sublimis</span> <span class='ocrx_word' id='word_1_199' title='bbox 1559 1916 1661 1960; x_wconf 90' lang='lat' dir='ltr'>Gre-</span> 
     </span>
     <span class='ocr_line' id='line_1_24' title="bbox 97 1992 1661 2052; baseline 0.003 -18"><span class='ocrx_word' id='word_1_200' title='bbox 97 2003 241 2034; x_wconf 89' lang='lat' dir='ltr'>corum</span> <span class='ocrx_word' id='word_1_201' title='bbox 271 1992 558 2049; x_wconf 85' lang='lat' dir='ltr'>imperatoris,</span> <span class='ocrx_word' id='word_1_202' title='bbox 597 2006 772 2037; x_wconf 85' lang='lat' dir='ltr'>uxorem</span> <span class='ocrx_word' id='word_1_203' title='bbox 802 1996 990 2051; x_wconf 91' lang='lat' dir='ltr'>presenti</span> <span class='ocrx_word' id='word_1_204' title='bbox 1020 1998 1210 2052; x_wconf 89' lang='lat' dir='ltr'>tempore</span> <span class='ocrx_word' id='word_1_205' title='bbox 1240 1995 1385 2051; x_wconf 86' lang='lat' dir='ltr'>ducat,</span> <span class='ocrx_word' id='word_1_206' title='bbox 1419 1995 1470 2038; x_wconf 92' lang='lat' dir='ltr'>de</span> <span class='ocrx_word' id='word_1_207' title='bbox 1501 1995 1661 2039; x_wconf 88' lang='lat' dir='ltr'>duabus</span> 
     </span>
     <span class='ocr_line' id='line_1_25' title="bbox 97 2069 1660 2130; baseline 0.003 -18"><span class='ocrx_word' id='word_1_208' title='bbox 97 2069 255 2113; x_wconf 85' lang='lat' dir='ltr'>scilicet</span> <span class='ocrx_word' id='word_1_209' title='bbox 286 2070 473 2114; x_wconf 91' lang='lat' dir='ltr'>alteram.</span> <span class='ocrx_word' id='word_1_210' title='bbox 522 2071 635 2123; x_wconf 87' lang='lat' dir='ltr'>Quae</span> <span class='ocrx_word' id='word_1_211' title='bbox 667 2071 812 2116; x_wconf 88' lang='lat' dir='ltr'>electio</span> <span class='ocrx_word' id='word_1_212' title='bbox 843 2073 972 2116; x_wconf 89' lang='lat' dir='ltr'>intui</span> <span class='ocrx_word' id='word_1_213' title='bbox 996 2074 1177 2130; x_wconf 88' lang='lat' dir='ltr'>pectoris</span> <span class='ocrx_word' id='word_1_214' title='bbox 1209 2073 1417 2130; x_wconf 88' lang='lat' dir='ltr'>sapientia</span> <span class='ocrx_word' id='word_1_215' title='bbox 1440 2073 1660 2129; x_wconf 90' lang='lat' dir='ltr'>constabit,</span> 
     </span>
     <span class='ocr_line' id='line_1_26' title="bbox 96 2147 1659 2207; baseline 0.003 -16"><span class='ocrx_word' id='word_1_216' title='bbox 96 2151 145 2191; x_wconf 92' lang='lat' dir='ltr'>ut</span> <span class='ocrx_word' id='word_1_217' title='bbox 174 2147 247 2191; x_wconf 90' lang='lat' dir='ltr'>illa</span> <span class='ocrx_word' id='word_1_218' title='bbox 277 2149 396 2193; x_wconf 91' lang='lat' dir='ltr'>nobis</span> <span class='ocrx_word' id='word_1_219' title='bbox 428 2150 752 2205; x_wconf 90' lang='lat' dir='ltr'>transmittatur,</span> <span class='ocrx_word' id='word_1_220' title='bbox 786 2164 865 2206; x_wconf 91' lang='lat' dir='ltr'>que</span> <span class='ocrx_word' id='word_1_221' title='bbox 895 2151 1081 2195; x_wconf 90' lang='lat' dir='ltr'>moribus</span> <span class='ocrx_word' id='word_1_222' title='bbox 1114 2155 1156 2195; x_wconf 94' lang='lat' dir='ltr'>et</span> <span class='ocrx_word' id='word_1_223' title='bbox 1185 2151 1322 2195; x_wconf 86' lang='lat' dir='ltr'>forma</span> <span class='ocrx_word' id='word_1_224' title='bbox 1344 2154 1538 2195; x_wconf 87' lang='lat' dir='ltr'>noscetur</span> <span class='ocrx_word' id='word_1_225' title='bbox 1560 2166 1585 2195; x_wconf 93' lang='lat' dir='ltr'>a</span> <span class='ocrx_word' id='word_1_226' title='bbox 1605 2155 1659 2207; x_wconf 86' lang='lat' dir='ltr'>te,</span> 
     </span>
     <span class='ocr_line' id='line_1_27' title="bbox 99 2227 1662 2287; baseline 0.003 -18"><span class='ocrx_word' id='word_1_227' title='bbox 99 2238 178 2282; x_wconf 88' lang='lat' dir='ltr'>que</span> <span class='ocrx_word' id='word_1_228' title='bbox 217 2239 286 2269; x_wconf 90' lang='lat' dir='ltr'>eas</span> <span class='ocrx_word' id='word_1_229' title='bbox 326 2227 533 2283; x_wconf 89' lang='lat' dir='ltr'>educasti,</span> <span class='ocrx_word' id='word_1_230' title='bbox 572 2228 818 2285; x_wconf 87' lang='lat' dir='ltr'>precellere,</span> <span class='ocrx_word' id='word_1_231' title='bbox 861 2229 969 2272; x_wconf 88' lang='lat' dir='ltr'>sicut</span> <span class='ocrx_word' id='word_1_232' title='bbox 1006 2229 1138 2272; x_wconf 91' lang='lat' dir='ltr'>honor</span> <span class='ocrx_word' id='word_1_233' title='bbox 1174 2229 1391 2286; x_wconf 88' lang='lat' dir='ltr'>utriusque</span> <span class='ocrx_word' id='word_1_234' title='bbox 1421 2229 1590 2287; x_wconf 86' lang='lat' dir='ltr'>imperii</span> <span class='ocrx_word' id='word_1_235' title='bbox 1621 2233 1662 2273; x_wconf 92' lang='lat' dir='ltr'>et</span> 
     </span>
     <span class='ocr_line' id='line_1_28' title="bbox 96 2304 1660 2364; baseline 0.003 -17"><span class='ocrx_word' id='word_1_236' title='bbox 96 2304 406 2360; x_wconf 90' lang='lat' dir='ltr'>predulcissimi</span> <span class='ocrx_word' id='word_1_237' title='bbox 436 2306 601 2363; x_wconf 90' lang='lat' dir='ltr'>nepotis</span> <span class='ocrx_word' id='word_1_238' title='bbox 633 2306 695 2349; x_wconf 82' lang='lat' dir='ltr'>tui</span> <span class='ocrx_word' id='word_1_239' title='bbox 726 2306 927 2350; x_wconf 89' lang='lat' dir='ltr'>celsitudo</span> <span class='ocrx_word' id='word_1_240' title='bbox 959 2321 1063 2364; x_wconf 92' lang='lat' dir='ltr'>opus</span> <span class='ocrx_word' id='word_1_241' title='bbox 1096 2307 1247 2351; x_wconf 89' lang='lat' dir='ltr'>habere</span> <span class='ocrx_word' id='word_1_242' title='bbox 1279 2308 1323 2351; x_wconf 93' lang='lat' dir='ltr'>in</span> <span class='ocrx_word' id='word_1_243' title='bbox 1346 2308 1423 2351; x_wconf 90' lang='lat' dir='ltr'>tali</span> <span class='ocrx_word' id='word_1_244' title='bbox 1442 2322 1488 2351; x_wconf 91' lang='lat' dir='ltr'>re</span> <span class='ocrx_word' id='word_1_245' title='bbox 1509 2321 1660 2363; x_wconf 89' lang='lat' dir='ltr'>cogno-</span> 
     </span>
     <span class='ocr_line' id='line_1_29' title="bbox 97 2382 1660 2442; baseline 0.003 -17"><span class='ocrx_word' id='word_1_246' title='bbox 97 2382 240 2426; x_wconf 87' lang='lat' dir='ltr'>scitur.</span> <span class='ocrx_word' id='word_1_247' title='bbox 342 2383 491 2428; x_wconf 89' lang='lat' dir='ltr'>Cetera</span> <span class='ocrx_word' id='word_1_248' title='bbox 510 2397 622 2439; x_wconf 90' lang='lat' dir='ltr'>vero,</span> <span class='ocrx_word' id='word_1_249' title='bbox 655 2398 734 2440; x_wconf 90' lang='lat' dir='ltr'>que</span> <span class='ocrx_word' id='word_1_250' title='bbox 766 2385 820 2427; x_wconf 89' lang='lat' dir='ltr'>ad</span> <span class='ocrx_word' id='word_1_251' title='bbox 851 2385 1028 2428; x_wconf 91' lang='lat' dir='ltr'>eundem</span> <span class='ocrx_word' id='word_1_252' title='bbox 1059 2389 1319 2429; x_wconf 78' lang='lat' dir='ltr'>contractum</span> <span class='ocrx_word' id='word_1_253' title='bbox 1347 2386 1428 2429; x_wconf 90' lang='lat' dir='ltr'>rite</span> <span class='ocrx_word' id='word_1_254' title='bbox 1458 2400 1660 2442; x_wconf 85' lang='lat' dir='ltr'>peragen-</span> 
     </span>
     <span class='ocr_line' id='line_1_30' title="bbox 98 2459 1660 2518; baseline 0.003 -15"><span class='ocrx_word' id='word_1_255' title='bbox 98 2459 197 2504; x_wconf 90' lang='lat' dir='ltr'>dum</span> <span class='ocrx_word' id='word_1_256' title='bbox 235 2461 445 2518; x_wconf 86' lang='lat' dir='ltr'>pertinere</span> <span class='ocrx_word' id='word_1_257' title='bbox 476 2462 689 2517; x_wconf 89' lang='lat' dir='ltr'>videntur,</span> <span class='ocrx_word' id='word_1_258' title='bbox 728 2462 943 2518; x_wconf 88' lang='lat' dir='ltr'>posuimus</span> <span class='ocrx_word' id='word_1_259' title='bbox 973 2463 1019 2506; x_wconf 91' lang='lat' dir='ltr'>in</span> <span class='ocrx_word' id='word_1_260' title='bbox 1050 2477 1120 2507; x_wconf 89' lang='lat' dir='ltr'>ore</span> <span class='ocrx_word' id='word_1_261' title='bbox 1151 2464 1314 2507; x_wconf 88' lang='lat' dir='ltr'>comitis</span> <span class='ocrx_word' id='word_1_262' title='bbox 1345 2464 1578 2508; x_wconf 83' lang='lat' dir='ltr'>Alexandri</span> <span class='ocrx_word' id='word_1_263' title='bbox 1609 2464 1660 2507; x_wconf 93' lang='lat' dir='ltr'>de</span> 
     </span>
     <span class='ocr_line' id='line_1_31' title="bbox 98 2536 1659 2597; baseline 0.002 -15"><span class='ocrx_word' id='word_1_264' title='bbox 98 2536 294 2594; x_wconf 87' lang='lat' dir='ltr'>Gravina,</span> <span class='ocrx_word' id='word_1_265' title='bbox 328 2540 399 2595; x_wconf 90' lang='lat' dir='ltr'>qui</span> <span class='ocrx_word' id='word_1_266' title='bbox 429 2540 594 2596; x_wconf 90' lang='lat' dir='ltr'>utrique</span> <span class='ocrx_word' id='word_1_267' title='bbox 618 2539 795 2596; x_wconf 89' lang='lat' dir='ltr'>imperio</span> <span class='ocrx_word' id='word_1_268' title='bbox 816 2543 1021 2597; x_wconf 88' lang='lat' dir='ltr'>perpetua</span> <span class='ocrx_word' id='word_1_269' title='bbox 1039 2540 1241 2585; x_wconf 89' lang='lat' dir='ltr'>fidelitate</span> <span class='ocrx_word' id='word_1_270' title='bbox 1262 2542 1419 2585; x_wconf 88' lang='lat' dir='ltr'>servire</span> <span class='ocrx_word' id='word_1_271' title='bbox 1439 2542 1659 2585; x_wconf 85' lang='lat' dir='ltr'>manifeste</span> 
     </span>
     <span class='ocr_line' id='line_1_32' title="bbox 97 2616 1659 2676; baseline 0.003 -17"><span class='ocrx_word' id='word_1_272' title='bbox 97 2616 324 2673; x_wconf 87' lang='lat' dir='ltr'>consuevit,</span> <span class='ocrx_word' id='word_1_273' title='bbox 357 2621 399 2661; x_wconf 90' lang='lat' dir='ltr'>et</span> <span class='ocrx_word' id='word_1_274' title='bbox 421 2618 539 2662; x_wconf 90' lang='lat' dir='ltr'>verbi</span> <span class='ocrx_word' id='word_1_275' title='bbox 560 2618 683 2660; x_wconf 90' lang='lat' dir='ltr'>huius</span> <span class='ocrx_word' id='word_1_276' title='bbox 707 2617 913 2660; x_wconf 90' lang='lat' dir='ltr'>mediator</span> <span class='ocrx_word' id='word_1_277' title='bbox 938 2621 980 2661; x_wconf 93' lang='lat' dir='ltr'>et</span> <span class='ocrx_word' id='word_1_278' title='bbox 1001 2619 1225 2662; x_wconf 69' lang='lat' dir='ltr'>tractatorb</span> <span class='ocrx_word' id='word_1_279' title='bbox 1251 2633 1302 2662; x_wconf 85' lang='lat' dir='ltr'>ex</span> <span class='ocrx_word' id='word_1_280' title='bbox 1324 2623 1521 2676; x_wconf 86' lang='lat' dir='ltr'>precepto</span> <span class='ocrx_word' id='word_1_281' title='bbox 1544 2623 1659 2663; x_wconf 90' lang='lat' dir='ltr'>utro-</span> 
     </span>
     <span class='ocr_line' id='line_1_33' title="bbox 97 2695 1659 2754; baseline 0.003 -17"><span class='ocrx_word' id='word_1_282' title='bbox 97 2707 285 2751; x_wconf 89' lang='lat' dir='ltr'>rumque,</span> <span class='ocrx_word' id='word_1_283' title='bbox 317 2708 411 2739; x_wconf 90' lang='lat' dir='ltr'>cum</span> <span class='ocrx_word' id='word_1_284' title='bbox 443 2696 555 2753; x_wconf 88' lang='lat' dir='ltr'>apud</span> <span class='ocrx_word' id='word_1_285' title='bbox 585 2709 659 2739; x_wconf 93' lang='lat' dir='ltr'>vos</span> <span class='ocrx_word' id='word_1_286' title='bbox 691 2709 888 2738; x_wconf 84' lang='lat' dir='ltr'>essemus.</span> <span class='ocrx_word' id='word_1_287' title='bbox 941 2695 1085 2751; x_wconf 84' lang='lat' dir='ltr'>Quem,</span> <span class='ocrx_word' id='word_1_288' title='bbox 1116 2697 1160 2739; x_wconf 90' lang='lat' dir='ltr'>in</span> <span class='ocrx_word' id='word_1_289' title='bbox 1192 2697 1315 2740; x_wconf 91' lang='lat' dir='ltr'>rebus</span> <span class='ocrx_word' id='word_1_290' title='bbox 1346 2697 1499 2754; x_wconf 90' lang='lat' dir='ltr'>inperii</span> <span class='ocrx_word' id='word_1_291' title='bbox 1529 2698 1659 2741; x_wconf 90' lang='lat' dir='ltr'>vestri</span> 
     </span>
     <span class='ocr_line' id='line_1_34' title="bbox 97 2770 1657 2831; baseline 0.003 -16"><span class='ocrx_word' id='word_1_292' title='bbox 97 2770 275 2816; x_wconf 88' lang='lat' dir='ltr'>fideliter</span> <span class='ocrx_word' id='word_1_293' title='bbox 305 2776 353 2817; x_wconf 92' lang='lat' dir='ltr'>ut</span> <span class='ocrx_word' id='word_1_294' title='bbox 382 2787 547 2831; x_wconf 90' lang='lat' dir='ltr'>semper</span> <span class='ocrx_word' id='word_1_295' title='bbox 578 2773 684 2817; x_wconf 91' lang='lat' dir='ltr'>solet</span> <span class='ocrx_word' id='word_1_296' title='bbox 712 2773 994 2829; x_wconf 89' lang='lat' dir='ltr'>laborantem,</span> <span class='ocrx_word' id='word_1_297' title='bbox 1027 2787 1052 2816; x_wconf 91' lang='lat' dir='ltr'>a</span> <span class='ocrx_word' id='word_1_298' title='bbox 1082 2773 1263 2818; x_wconf 85' lang='lat' dir='ltr'>Venecia</span> <span class='ocrx_word' id='word_1_299' title='bbox 1291 2774 1466 2819; x_wconf 86' lang='lat' dir='ltr'>fecimus</span> <span class='ocrx_word' id='word_1_300' title='bbox 1498 2775 1551 2819; x_wconf 90' lang='lat' dir='ltr'>ad</span> <span class='ocrx_word' id='word_1_301' title='bbox 1581 2790 1657 2820; x_wconf 91' lang='lat' dir='ltr'>nos</span> 
     </span>
    </p>
   </div>
   <div class='ocr_carea' id='block_1_3' title="bbox 193 2875 970 2913">
    <p class='ocr_par' dir='ltr' id='par_1_3' title="bbox 193 2875 970 2913">
     <span class='ocr_line' id='line_1_35' title="bbox 193 2875 970 2913; baseline 0.001 -10"><span class='ocrx_word' id='word_1_302' title='bbox 193 2883 220 2903; x_wconf 83' lang='lat' dir='ltr'>a.</span> <span class='ocrx_word' id='word_1_303' title='bbox 250 2882 406 2913; x_wconf 80' lang='lat' dir='ltr'>sumopere</span> <span class='ocrx_word' id='word_1_304' title='bbox 429 2887 454 2904; x_wconf 87' lang='lat' dir='ltr'>c.</span> <span class='ocrx_word' id='word_1_305' title='bbox 538 2875 567 2905; x_wconf 93' lang='lat' dir='ltr'>b.</span> <span class='ocrx_word' id='word_1_306' title='bbox 596 2875 654 2905; x_wconf 83' lang='lat' dir='ltr'>fuit</span> <span class='ocrx_word' id='word_1_307' title='bbox 676 2876 825 2906; x_wconf 75' lang='lat' dir='ltr'>excidisse</span> <span class='ocrx_word' id='word_1_308' title='bbox 847 2875 970 2905; x_wconf 76' lang='lat' dir='ltr'>videtur.</span> 
     </span>
    </p>
   </div>
   <div class='ocr_carea' id='block_1_4' title="bbox 194 2937 538 2975">
    <p class='ocr_par' dir='ltr' id='par_1_4' title="bbox 194 2937 538 2975">
     <span class='ocr_line' id='line_1_36' title="bbox 194 2937 538 2975; baseline 0.006 -3"><span class='ocrx_word' id='word_1_309' title='bbox 194 2937 225 2972; x_wconf 91' lang='lat'>1.</span> <span class='ocrx_word' id='word_1_310' title='bbox 252 2937 440 2975; x_wconf 83' lang='lat' dir='ltr'>Ludovico</span> <span class='ocrx_word' id='word_1_311' title='bbox 458 2938 538 2975; x_wconf 90' lang='lat' dir='ltr'>VII.</span> 
     </span>
    </p>
   </div>
  </div>
 </body>
</html>
