1924 3262
282 192 340 236 94
802 203 999 235 wmALm
1027 201 1247 233 ammona
1274 201 1324 231 18.

167 314 257 351 1137
283 312 331 342 ac
360 299 584 343 veneraris.
636 298 746 342 Nam
777 298 869 354 quis
899 297 1007 341 tanti
1035 296 1119 340 viri
1147 295 1481 340 familiaritatem
1509 297 1703 353 spernat,
1735 292 1839 340 affe*

183 362 249 394 ⁰⁶²·
282 375 489 421 bilitatem
517 379 777 431 contemnat,
809 374 1062 418 industriam
1090 374 1252 430 fugiat?
1303 373 1415 417 Nam
1444 375 1492 417 ut
1521 372 1715 418 omittam
1742 376 1841 417 cao-⁴

282 457 375 498 tera
392 454 580 498 maxima
599 457 642 498 et
662 452 831 509 egregia
844 451 976 496 vestri
994 451 1153 507 ingenii
1172 451 1432 496 monimenta
1449 450 1646 508 insignia,
1665 453 1839 496 cunctos

281 531 572 589 praecellentis
602 531 780 574 Romani
817 529 987 587 imperii
1024 529 1235 587 sapientes
1268 528 1462 573 Tulliana
1497 528 1735 586 eloquentia
1767 541 1841 573 au-

282 623 406 667 peras
437 613 479 653 et
510 613 820 652 antecessorum
849 611 1086 652 vestrorum
1114 607 1278 663 largam
1297 605 1627 653 munificentiam
1647 605 1841 652 omnibns

282 687 396 731 horis
426 687 730 743 momentisque
761 685 992 743 praecellis.

402 765 561 820 Tantis,
592 764 777 821 inquam,
810 767 853 808 et
882 763 1036 807 talibus
1067 776 1141 807 vos
1173 775 1345 806 cernens
1377 762 1502 806 sertis
1531 762 1842 809 redimitum‘et

281 842 435 886 laureis
467 842 728 898 decoratum,
759 842 1025 886 itinerarium
1055 840 1107 884 de
1135 839 1239 884 locis
1270 840 1440 896 sanctis,
1472 853 1498 884 a
1527 840 1648 886 nobis
1677 843 1840 886 utcum-

283 935 363 977 que
402 923 622 964 exaratum
660 923 703 964 et
739 933 792 964 ex
830 919 1021 964 omnibus
1060 921 1108 962 ut
1152 918 1215 962 ita
1252 918 1390 962 dicam
1426 918 1545 962 libris
1581 917 1803 963 collectum
1813 913 1838 975 ¹,

282 1001 446 1042 vestrae
475 998 724 1055 paternitati
754 997 964 1042 destinare
995 996 1159 1052 curavi,
1198 1009 1397 1053 poscens,
1435 996 1481 1040 id
1511 1009 1537 1039 a
1564 999 1708 1040 vestra
1735 995 1842 1040 emi-

282 1075 427 1119 nentia
454 1076 656 1120 roborari.
705 1075 754 1119 In
785 1089 864 1132 quo
895 1089 996 1131 rogo
1027 1088 1112 1118 non
1142 1074 1340 1119 dictantis
1370 1074 1583 1130 ignaviam
1612 1073 1689 1118 sed
1706 1075 1846 1118 mate--

281 1154 391 1197 riam
422 1153 649 1198 attendatis
679 1153 915 1197 utillimam.
975 1152 1063 1197 Nec
1091 1152 1191 1196 novi
1219 1165 1296 1196 vos
1336 1155 1379 1196 et
1406 1151 1611 1208 incogniti
1638 1151 1840 1197 hactenus

284 1230 441 1288 aliquid
469 1232 515 1275 in
544 1231 623 1276 hoc
651 1231 867 1276 itinerario
899 1230 1160 1287 ediscituros,
1192 1230 1267 1275 sed
1296 1243 1359 1286 ea,
1391 1243 1498 1287 quae
1517 1230 1604 1274 iam
1623 1229 1722 1275 viva
1738 1241 1847 1275 voce
1888 1282 1893 1288 ὁ

282 1309 366 1353 illis
395 1309 694 1366 referentibus,
733 1310 805 1366 qui
836 1308 890 1352 ad
919 1308 1187 1366 sepulchrum
1216 1308 1389 1352 Domini
1417 1310 1715 1366 perrexerunt,
1753 1306 1841 1353 edi-

283 1387 443 1431 dicistis
472 1387 541 1432 vel
570 1401 621 1432 ea
651 1401 757 1444 quae
786 1400 864 1444 per
892 1386 1108 1431 volumina
1134 1387 1302 1431 diversa
1325 1386 1531 1431 librorum
1556 1385 1733 1443 legistis,
1762 1396 1847 1430 non·

283 1465 352 1509 hic
380 1465 582 1510 noveritis
612 1464 840 1521 collegisse.

403 1543 517 1596 Quae
548 1547 690 1587 autem
717 1541 1030 1586 indeclinabilia
1059 1545 1102 1586 et
1130 1542 1334 1586 immania
1362 1541 1665 1599 impedimenta
1693 1553 1721 1585 a
1744 1552 1845 1598 per-

283 1620 378 1665 fidis
410 1625 452 1665 et
481 1620 683 1676 scelestis,
715 1624 892 1677 utroque
922 1634 1032 1676 genu
1063 1619 1406 1675 claudicantibus,
1435 1619 1557 1662 nobis
1586 1618 1841 1675 obstiterint,

284 1713 369 1743 non
388 1699 475 1742 iam
494 1698 645 1755 Deum,
676 1712 823 1742 verum
842 1712 916 1742 vos
947 1699 1061 1755 ipsos
1093 1698 1294 1753 conscioS,
1325 1709 1399 1740 vos
1419 1696 1534 1754 ipsos
1554 1694 1697 1740 fideles
1716 1695 1844 1741 corde

285 1777 555 1821 clamaverim
583 1779 726 1821 testes.
774 1776 971 1820 Ceterum
993 1776 1046 1819 ad
1065 1775 1280 1819 tantillum
1300 1774 1440 1832 spatii,
1473 1774 1585 1831 quod
1604 1787 1627 1818 e
1645 1772 1848 1830 largitate-

285 1855 452 1899 divinae
481 1853 766 1910 indulgentiae
793 1853 987 1898 relictum
1008 1856 1084 1910 est,
1115 1853 1230 1897 istud
1250 1851 1497 1910 opusculum
1516 1850 1686 1896 coelesti
1704 1851 1844 1897 muni·

285 1931 453 1977 ficentia
483 1932 613 1987 edidi;
647 1930 856 1975 confidens
886 1930 1158 1975 nihilominus
1190 1931 1242 1975 de
1262 1931 1366 1987 Deo,
1398 1930 1450 1974 de
1479 1930 1635 1974 nostris
1666 1928 1843 1974 aemulis

287 2010 534 2068 quandoque
564 2009 684 2054 nobis
715 2009 935 2054 victoriam
965 2009 1227 2053 collaturum.
1277 2007 1394 2052 Sicut
1421 2008 1534 2052 enim
1559 2020 1775 2064 nunquam
1793 2005 1844 2051 fit

286 2101 391 2146 opus
422 2087 622 2144 solidum,
662 2088 699 2132 si
730 2087 882 2131 artifex
913 2087 1073 2142 omnia,
1113 2089 1241 2144 prout
1269 2086 1378 2130 ratio
1407 2085 1565 2144 poscit,
1595 2098 1680 2129 non
1710 2086 1843 2142 aptet,

286 2166 348 2210 sic
378 2166 513 2210 omnis
535 2165 714 2223 scriptor
734 2178 910 2209 manans
931 2164 1180 2208 multimoda
1198 2164 1464 2220 verbositate,
1493 2161 1655 2207 nullam
1672 2161 1845 2207 habebit

286 2243 515 2288 valentiam
559 2243 708 2287 edendi
746 2243 999 2300 scripturam
1037 2241 1255 2286 dulcedine
1291 2242 1463 2297 sertam,
1507 2243 1635 2299 prout
1671 2239 1849 2285 Oratim¹

288 2321 603 2366 strenuissimus
635 2323 777 2365 orator
806 2321 851 2364 in
882 2320 1052 2378 scriptis
1083 2320 1170 2364 suis
1200 2319 1371 2377 reliquit
1401 2319 1562 2363 dicens:

505 2399 638 2443 Omne
667 2399 766 2443 tulit
794 2402 1011 2456 punctum,
1044 2397 1117 2455 qui
1146 2398 1315 2442 miscuit
1343 2396 1447 2441 utile
1477 2392 1624 2451 dulci'‚

288 2477 326 2521 si
354 2480 580 2535 postquam
610 2476 791 2521 scribere
822 2479 1008 2532 conetur,
1038 2476 1261 2520 materiam
1290 2488 1375 2519 non
1400 2474 1587 2518 rimetur.
1634 2470 1724 2516 Iam
1742 2485 1841 2518 vero

288 2554 454 2599 Christo
486 2555 654 2612 auspice
685 2554 808 2598 huius
838 2554 1019 2612 proemii
1046 2554 1127 2598 iste
1157 2553 1214 2598 sit
1242 2551 1350 2597 finis.

384 2674 417 2709 1,
447 2672 528 2709 Hoc
560 2672 659 2709 Petri
690 2671 835 2709 diaconi
873 2671 1090 2718 opusculum
1127 2681 1173 2709 ex
1212 2669 1338 2707 codice
1367 2667 1555 2706 Oasinensi
1590 2666 1706 2704 edidit
1735 2666 1843 2705 Tosti

287 2731 409 2770 Storia
431 2731 470 2768 di
494 2732 618 2769 Monte
642 2731 775 2769 Casino
799 2731 847 2768 11.
875 2731 1070 2768 121-139.
1167 2730 1202 2767 2.
1226 2729 1315 2766 Hor.
1339 2728 1386 2765 de
1408 2730 1487 2765 arte
1509 2729 1607 2773 poet.
1632 2726 1715 2764 343.
