1924 3288
309 191 398 236 564
753 203 952 235 vvaLm
978 202 1226 236 armi-om
1252 203 1323 236 426.
1345 204 1418 235 42¹1.

193 299 286 336 1153
309 299 358 339 ut
400 309 477 341 nos
521 310 575 341 ex
619 297 768 341 devoto
814 297 1010 355 deinceps
1046 297 1386 343 devotissimum·
1421 297 1626 343 famulum
1657 297 1860 344 habeam.

220 358 267 380 ΘΧ.

186 1469 279 1505 1153

213 1528 259 1549 ex-

311 373 382 417 Sic
416 374 529 418 enim
567 374 834 419 necessitates
870 378 1037 419 nostras
1077 389 1220 419 sumus
1250 374 1418 432 partiti:
1455 378 1523 432 ut,
1562 376 1760 433 quoniam
1783 387 1861 420 vos

307 451 354 494 in
382 450 623 496 Corbeiensi
658 441 937 496 monasterio*
972 452 1162 497 habitare
1200 452 1503 510 aliquantisper
1537 466 1623 497 non
1660 453 1761 498 estis
1783 452 1871 506 ›de-3

307 528 523 584 dignatus,
555 542 628 573 vos
659 529 846 574 eiusdem
877 529 1100 575 aecclesiae
1130 543 1276 574 causas
1305 530 1594 588 provehendas
1623 530 1860 587 assumatis,

308 609 350 650 et
379 606 430 650 de
458 605 728 662 benignitatis
747 610 912 652 vestrae
941 607 1180 652 defensione
1207 606 1317 651 fflios
1337 610 1513 664 vestros,
1544 608 1616 665 qui
1643 607 1690 652 in
1716 607 1862 659 eodem

305 683 560 728 monasterio
583 683 673 728 Deo
693 684 891 741 militant,
920 683 1174 739 laetificetis3
1206 688 1346 729 vester
1366 688 1506 729 autem
1525 684 1703 742 collega,¹
1727 684 1862 730 domi·

305 774 384 804 nus
410 760 606 805 videlicet
634 764 777 806 noster
802 761 1026 819 Gregorius
1058 762 1296 818 cardinalis,
1329 763 1428 819 quia
1448 762 1740 808 Stabulensem
1769 775 1862 807 aee-

305 838 476 883 clesiam
505 839 678 884 visitare
716 840 911 896 dignatus
950 843 1014 884 est
1050 843 1093 883 et
1122 840 1211 884 eius
1240 840 1433 884 miserias
1463 840 1629 884 oculata
1655 838 1738 885 fide
1765 853 1862 898 per-

305 916 466 973 spexit,
504 917 673 973 negotia
709 917 843 975 ipsius
880 918 1125 961 monasterii
1153 918 1439 975 promovenda
1466 917 1652 976 recipere
1680 931 1767 962 non
1793 931 1861 963 re-

304 997 434 1051 cuset,
464 994 574 1039 sicut
602 994 655 1040 de
685 995 774 1040 eius
803 995 990 1040 bonitate
1020 995 1249 1053 plurimum
1279 995 1537 1040 confidimus.

304 1213 424 1260 427.
448 1215 659 1259 Wibaldus
691 1215 937 1273 Greqorium
968 1217 1074 1260 diac.
1102 1219 1215 1260 card.
1246 1217 1290 1261 S.
1313 1218 1480 1274 Anqeli,
1504 1218 1697 1273 'Romam
1723 1232 1859 1261 rever·

449 1309 560 1347 sum,
605 1300 743 1350 royac,
789 1300 836 1336 ut
872 1309 969 1337 suas
1005 1295 1056 1337 de
1095 1294 1330 1338 Stabulemi
1365 1295 1611 1338 monasterio
1643 1295 1861 1352 pet-'tiones

443 1386 589 1429 papae
618 1371 879 1414 commendet.
1646 1369 1718 1425 (M.
1740 1370 1859 1426 395.)

421 1458 652 1502 Karissimo
673 1459 786 1516 patri
816 1462 859 1503 et
880 1459 1048 1503 domino
1079 1473 1153 1503 suo
1174 1458 1409 1516 G(regorio)
1430 1459 1660 1505 venerabili
1689 1462 1859 1504 sanctae
1917 1509 1921 1512 ,

301 1535 514 1580 Romanae
535 1536 760 1580 aecclesiae
780 1536 983 1580 cardinali
1004 1536 1178 1580 diacono
1201 1537 1331 1581 frater
1350 1536 1601 1592 W(ibaldus)
1621 1536 1704 1581 Dei
1721 1537 1859 1593 gratia

301 1613 359 1669 id,
391 1613 502 1670 quod
532 1617 595 1658 est
623 1614 670 1658 in
700 1613 901 1658 aecclesia
929 1613 1146 1671 catholica,
1178 1615 1350 1670 exiguas
1371 1615 1579 1659 orationes
1600 1617 1642 1659 et
1660 1614 1857 1660 devotum

301 1690 533 1735 servitium.

421 1768 467 1812 Si
496 1782 571 1812 vos
609 1781 706 1812 cum
742 1768 877 1813 salute
915 1772 957 1813 et
993 1769 1274 1827 prosperitate
1302 1773 1444 1814 vestra
1479 1770 1525 1813 in
1554 1769 1711 1815 Urbem
1741 1773 1784 1814 et
1810 1769 1858 1814 in

301 1849 442 1890 vestra
477 1846 718 1903 recepistis,
756 1846 885 1891 nichil
923 1851 1004 1903 est,
1045 1847 1156 1904 quod
1195 1847 1240 1890 in
1277 1847 1429 1903 gaudio
1467 1847 1663 1892 desiderii
1699 1847 1856 1892 nostri⁰

301 1924 436 1982 possit
465 1923 660 1968 accedere
690 1924 953 1968 cumulatius.
1004 1924 1124 1969 Licet
1153 1926 1265 1969 enim
1292 1925 1410 1969 illam
1441 1926 1570 1969 animi
1600 1925 1730 1970 vestri
1758 1938 1855 1970 con-

303 2005 484 2045 stantem
512 2001 784 2057 industriam,
822 2002 921 2046 licet
957 2003 1110 2047 mentis
1140 2006 1305 2047 vestrae
1339 2003 1625 2059 vivacitatem,
1664 2015 1771 2060 quae
1801 2003 1855 2047 ad

302 2078 549 2123 declinanda
577 2079 766 2136 pericula
794 2080 1018 2137 perspicax
1049 2083 1114 2124 est
1143 2084 1186 2124 et
1214 2079 1400 2136 subtilis,
1438 2093 1524 2124 non
1552 2093 1684 2137 parva
1713 2081 1854 2136 cogni-

302 2156 415 2200 tione
444 2156 722 2213 percepimus,
752 2159 908 2213 tamen,
939 2158 1138 2214 quoniam
1166 2158 1374 2201 humanae
1403 2157 1528 2201 sortis
1546 2157 1709 2214 fragilis
1738 2160 1856 2202 extat

302 2233 498 2289 conditio,
530 2247 695 2291 semper
723 2234 768 2277 in
797 2235 916 2290 gravi
945 2234 1223 2279 sollicitudine
1241 2235 1410 2290 fuimus,
1441 2248 1494 2279 ne
1514 2234 1673 2291 aliquid
1690 2238 1855 2280 vestrae

303 2310 573 2355 excellentiae
601 2311 740 2354 minus
770 2315 936 2366 gratum
956 2312 1186 2357 accidisset.
1232 2311 1414 2356 Proinde
1431 2312 1763 2368 magnitudinem
1781 2326 1853 2357 ve-

206 2411 209 2415 ·
301 2392 434 2432 stram
464 2390 625 2432 attenta
652 2401 777 2445 prece
807 2402 1048 2446 exoramus,
1087 2393 1136 2434 ut
1163 2403 1239 2434 nos
1278 2393 1320 2434 et
1347 2393 1494 2434 nostra
1521 2389 1672 2435 domno
1701 2403 1851 2448 papae,

302 2466 374 2523 qui
402 2479 479 2509 nos
509 2465 535 2509 a
562 2464 698 2520 longis
727 2468 839 2509 retro
868 2466 1126 2524 temporibus
1166 2470 1209 2512 et
1235 2467 1355 2511 novit
1383 2470 1426 2511 et
1454 2466 1628 2523 diligere
1657 2467 1852 2523 dignatus

302 2546 379 2599 est,
408 2555 486 2588 nec
513 2555 598 2586 non
627 2541 791 2586 domnis
821 2544 1100 2588 cardinalibus
1130 2544 1421 2589 commendare
1450 2558 1532 2589 non
1562 2544 1777 2600 recusetis,
1808 2547 1852 2589 et

300 2620 524 2678 petitiones
553 2622 718 2664 nostras
748 2620 1031 2665 desideratum
1061 2620 1252 2666 effectum
1275 2622 1472 2679 consequi
1492 2621 1716 2677 adiuvetis3
1748 2635 1849 2679 quo-

300 2698 438 2754 niam,
477 2698 514 2742 si
544 2697 651 2743 velle
679 2697 798 2742 vobis
835 2698 1017 2755 adiacet,
1055 2697 1253 2756 perficere
1282 2699 1516 2744 invenietis.
1638 2698 1709 2744 Sic
1738 2699 1851 2743 enim

300 2775 570 2820 necessitates
598 2778 763 2819 nostras
793 2788 935 2819 sumus
965 2776 1132 2833 partiti:
1171 2780 1242 2833 ut,
1273 2777 1469 2833 quoniam
1497 2789 1572 2821 vos
1604 2775 1850 2821 Stabulense

301 2853 602 2897 monasterium
630 2852 802 2898 visitare
831 2865 916 2895 non
946 2853 1046 2897 estis
1075 2853 1344 2910 dedignatus,
1373 2867 1448 2898 vos
1479 2853 1664 2899 eiusdem
1693 2852 1849 2898 aeccle-

397 2956 424 2978 a.
445 2948 587 2979 dovotum
608 2958 635 2979 c.
690 2929 693 2936 ⁸
717 2946 746 2977 b.
766 2948 896 2988 sequitur
917 2949 947 2978 in
969 2948 1038 2980 cod.
1059 2948 1127 2979 deo.
1211 2957 1237 2979 c.
1265 2949 1359 2979 vestri
1379 2960 1404 2979 c.
