1924 3288
294 153 383 198 462
740 167 940 198 wmanm
967 167 1215 200 1³:1³1st
1241 168 1312 199 881.
1335 168 1405 199 aaa.

180 262 269 299 1151
294 260 556 317 propositum
588 260 747 304 domini
776 262 912 305 nostri
941 259 1150 319 episcopi¹
1179 265 1223 307 et
1252 262 1306 306 ad
1334 261 1651 319 intelligendam
1673 263 1727 308 de
1745 276 1852 322 pace

295 337 583 382 universitatis
619 341 784 382 vestrae
821 338 1101 395 voluntatem,
1137 339 1300 383 tardius
1338 339 1393 383 ad
1428 353 1506 384 nos
1541 340 1689 398 rediit,
1726 354 1853 398 quam

296 415 594 472 oportunitatis
625 415 725 459 ordo
757 419 799 460 et
817 429 959 460 rerum
978 417 1086 461 ratio
1107 420 1363 474 exposceret.
1406 416 1514 461 Cum
1530 417 1662 474 igitur
1680 421 1854 477 propter

294 492 528 548 longiorem
556 506 719 537 moram
750 493 838 538 eius
869 494 921 538 de
951 493 1154 552 colloquio
1186 494 1298 552 apud
1327 491 1506 539 Hoium²
1534 495 1675 540 futuro
1705 495 1853 555 despe-

294 571 570 627 ravissemus,
609 571 800 615 conversi
835 571 889 615 ad
918 584 1061 616 curam
1090 572 1298 630 corporis,
1337 572 1582 627 sanguinem
1611 572 1852 630 minuimus,-

295 647 420 705 paulo
443 651 539 692 ante
559 661 684 705 quam
705 648 819 692 idem
847 649 978 694 frater
1000 653 1144 695 noster
1162 654 1455 695 reverteretur.
1497 649 1756 695 Excusatum
1771 649 1854 695 ita>-

296 739 375 782 que
404 725 557 769 habeat
582 728 724 769 vestra
754 726 949 771 discretio
971 730 1160 772 nostram
1180 728 1477 783 valitudinem3
1507 741 1586 772 nec
1613 727 1700 772 ullo
1728 727 1854 772 modo

294 803 340 846 in
369 802 494 847 corde
524 816 598 846 suo
628 803 820 861 recipiat,
851 804 962 861 quod
990 809 1164 863 propter
1192 807 1381 869 privatas
1401 806 1593 850 odiorum
1611 804 1854 850 inimicitias

293 893 442 938 pacem
477 883 616 924 terrac
653 884 696 939 et
731 881 945 939 publicum
982 885 1140 927 statum
1176 884 1339 928 turbari
1369 883 1546 928 velimus
1582 887 1626 928 et
1653 886 1852 928 evertere.

293 957 439 1015 Neque
478 958 590 1002 enim
626 972 764 1003 mores
802 963 967 1004 nostros
1003 961 1066 1004 ita
1101 961 1286 1005 instituit
1315 964 1358 1005 et
1385 961 1584 1006 formavit
1610 960 1688 1006 illa
1714 963 1856 1006 vestra

295 1035 459 1080 doctrix
480 1039 522 1080 et
551 1035 735 1092 domina,
763 1050 906 1081 rerum
935 1038 1174 1082 divinarum
1204 1042 1247 1083 et
1274 1039 1553 1083 humanarum
1581 1038 1785 1095 magistra
1812 1041 1856 1084 et

296 1113 526 1170 educatrix,
552 1113 831 1172 philosophia,
861 1118 910 1159 ut
930 1115 982 1160 ob
1006 1129 1156 1160 causae
1177 1116 1403 1172 singularis
1422 1116 1593 1161 titulum
1612 1116 1724 1161 bona
1741 1128 1855 1161 com-

293 1191 440 1235 munia
475 1191 728 1236 deseramus.
791 1191 947 1236 Divina
983 1194 1096 1238 enim
1126 1194 1393 1252 philosophia
1422 1194 1543 1238 dicit:
1579 1195 1709 1238 Beati
1727 1195 1854 1254 paci*

284 1270 376 1325 fici,
410 1272 610 1327 quoniam
628 1271 720 1325 filii
739 1270 828 1314 Dei
854 1268 1146 1326 vocabuntur³,
1181 1275 1241 1315 et:
1273 1273 1401 1316 Beati
1421 1274 1551 1330 pedes
1573 1287 1727 1330 pacem
1746 1287 1854 1331 por·-

295 1356 438 1391 tantes.
489 1346 654 1391 Umana
683 1347 950 1405 philosophia
977 1361 1062 1392 non
1091 1349 1358 1406 contempsit,
1388 1350 1517 1393 etiam
1545 1348 1747 1407 capitales
1773 1347 1856 1393 ini·-

293 1424 424 1468 micos
454 1424 500 1468 in
529 1425 786 1468 consortium
804 1426 1077 1481 magistratus
1099 1426 1151 1470 ob
1171 1427 1234 1470 rei
1252 1426 1419 1484 publice
1439 1426 1618 1471 salutem
1638 1426 1854 1471 asciscere.

293 1501 350 1545 Et
381 1502 579 1558 quoniam
608 1506 810 1560 tyrannos
840 1503 927 1547 iam
956 1504 1001 1546 in
1031 1503 1240 1548 insaniam
1270 1518 1414 1548 versos
1447 1517 1538 1548 esse
1561 1503 1856 1562 comperimus,

294 1582 436 1623 vestra
464 1579 673 1623 industria
702 1593 799 1624 cum
828 1581 943 1624 omni
972 1581 1232 1625 humanitate
1263 1585 1305 1625 et
1333 1581 1577 1639 placiditate
1606 1581 1739 1626 animi
1768 1579 1857 1626 effi-

295 1669 388 1701 cere
426 1657 613 1714 curabit,
658 1671 712 1701 ne
751 1671 847 1715 spes
886 1658 1002 1716 pacis
1043 1658 1318 1716 abrumpatur
1362 1662 1404 1703 et
1448 1658 1618 1703 efferate
1655 1659 1712 1703 ad
1739 1672 1858 1703 arma

295 1737 578 1779 concurratur.
623 1734 792 1779 Etenim
823 1739 922 1793 post
949 1736 1029 1780 hoc
1056 1736 1257 1793 triduum,
1288 1737 1447 1781 viribus
1476 1736 1751 1794 recuperatis,
1778 1749 1858 1781 nec

296 1826 474 1870 persone
502 1826 582 1857 nec
610 1813 735 1857 rebus
762 1814 1021 1870 parcendum
1038 1814 1129 1858 fore
1148 1815 1194 1858 in
1213 1814 1400 1858 animum
1419 1814 1630 1871 duximus,
1661 1813 1856 1872 quatinus

295 1904 382 1947 pax
412 1894 454 1934 et
481 1890 765 1948 tranquillitas
788 1891 944 1949 populo
965 1891 1192 1936 christiano
1213 1906 1291 1949 per
1309 1905 1387 1936 nos
1407 1895 1662 1950 peccatore&
1692 1891 1731 1936 si
1749 1891 1856 1936 divi-

295 1968 420 2011 nitati
449 1968 511 2012 ita
540 1967 804 2026 complacuit,
835 1972 1094 2026 procuretur.
1140 1969 1261 2013 Alias
1293 1973 1446 2026 autem,
1477 1983 1583 2027 quae
1611 1969 1783 2028 proprie
1802 1969 1858 2015 ad

295 2058 372 2090 nos
394 2048 436 2091 et
455 2045 699 2090 aecclesiam
719 2049 907 2091 nostram
929 2050 1134 2104 spectant,
1159 2061 1245 2092 non
1264 2047 1427 2092 minore
1446 2047 1585 2092 studio
1603 2050 1854 2106 repetemus.

300 2209 416 2258 332.
441 2212 652 2256 Wibaldus
681 2213 891 2256 monachis
914 2213 1263 2258 Gladbacensibus
1287 2215 1489 2258 anxium
1500 2215 1732 2273 pollicem.
1773 2215 1857 2259 Me·-

443 2290 669 2334 niem-iales
699 2306 841 2333 eorum
869 2307 912 2334 se
941 2293 1038 2335 vitio
1071 2292 1229 2335 abbatis
1258 2292 1495 2336 insolentius
1521 2292 1709 2336 attali-ue
1721 2299 1856 2350 putat.

1639 2366 1713 2422 (M-
1737 2367 1856 2423 308)

181 2451 271 2488 1151
414 2441 668 2487 Reverendis
717 2443 762 2486 in
810 2443 976 2488 Christo
1026 2444 1226 2489 frah-ibus
1270 2443 1588 2490 Gladebacensis
1632 2443 1857 2490 aecclesiae

296 2518 511 2564 monachis
539 2519 671 2564 frater
697 2519 948 2575 W(ibaldus)
979 2521 1060 2566 Dei
1089 2522 1228 2578 gratia
1256 2522 1314 2578 id,
1348 2522 1459 2579 quod
1489 2525 1553 2566 est
1581 2521 1627 2565 in
1657 2521 1859 2567 aecclesia

296 2597 512 2653 catholica,
541 2597 874 2642 benedictionem
905 2602 946 2641 et
975 2599 1107 2643 vitam
1136 2613 1268 2656 usque
1297 2600 1343 2643 in
1374 2599 1572 2644 seculum.

412 2673 580 2732 Duplex
609 2688 686 2719 nos
717 2675 825 2718 ratio
858 2675 911 2719 ad
932 2680 1095 2721 vestrae
1125 2676 1360 2721 dilectionis
1393 2680 1435 2721 et
1453 2676 1642 2721 caritatis
1664 2674 1856 2721 affectum

294 2755 517 2810 provocat,
554 2751 749 2797 videlicet
783 2752 893 2809 quod
923 2753 1045 2797 unius
1077 2754 1235 2798 ordinis
1266 2753 1433 2798 habitus
1465 2757 1507 2798 et
1535 2753 1749 2810 religionis
1779 2767 1856 2798 no-

392 2847 424 2882 1.
456 2845 689 2892 Leodiensis,
719 2844 895 2882 Heinrici.
1038 2848 1073 2883 2.
1106 2847 1213 2894 Huy,
1244 2847 1340 2884 inter
1364 2846 1540 2883 Leodium
1571 2849 1611 2883 et
1639 2846 1855 2884 Namnetum.

294 2904 329 2940 3.
358 2903 489 2941 Matth.
506 2904 541 2951 5,
558 2905 592 2942 9.
