1924 3288
615 196 816 228 wmALm
844 194 1067 227 nrrsToLA
1094 193 1166 225 189.
1586 181 1674 226 309

105 292 353 341 aecclesiam
374 291 426 337 de
447 291 633 349 Marcha,
667 291 802 348 aliter,
835 305 962 348 quam
994 304 1038 334 se
1067 290 1132 334 rei
1162 289 1318 335 veritas
1347 289 1488 346 habet,
1521 288 1576 333 ad
1598 302 1673 334 vos
1699 291 1791 330 1149

103 371 314 431 perlatum
341 370 472 416 fuisse
504 374 547 415 et
575 371 695 415 vobis
725 382 974 428 persuasum
1004 368 1302 413 intelleximus.
1353 367 1533 425 Propter
1562 367 1674 424 quod

102 463 249 496 verum
264 449 454 494 ordinem
468 449 587 493 vobis
603 463 681 507 per
694 462 772 493 nos
786 448 971 493 breviter
989 447 1272 491 intimandum
1292 459 1383 491 esse
1403 445 1671 502 credidimus,

101 542 156 574 ne
175 530 342 574 vestrae
370 527 585 583 religionis
617 527 816 584 splendor
845 527 1014 581 ignotae
1045 529 1087 570 et
1109 525 1249 569 minus
1271 524 1500 569 cons-tantis
1522 537 1673 568 causae

101 606 343 652 defensione
373 605 543 662 aliquod
570 605 763 650 nubilum
782 607 1011 663 pateretur.
1112 603 1356 661 Prepositus
1377 602 1674 652 canonicorum

101 684 302 731 ecclesiae
336 684 450 730 beati
478 683 765 728 Bartholomei
805 679 1010 740 apostoli¹
1046 684 1299 738 conquestus
1336 683 1401 725 est
1436 680 1484 724 in
1513 680 1673 739 synodo

99 759 285 820 Leodii²,
318 762 527 820 quendam
555 762 737 807 liberum
766 761 980 804 hominem
1010 760 1179 804 nomine
1199 759 1484 815 Berengerum
1510 759 1556 803 in
1575 772 1674 817 pos-

100 842 331 887 sessionem
361 841 427 885 sui
455 840 561 885 iuris
591 840 790 896 irruisse,
822 839 1018 884 videlicet
1046 839 1093 883 in
1121 841 1288 896 partem
1319 837 1532 895 quandam
1562 837 1673 882 deci-

100 919 299 965 mationis
331 918 531 963 aecclesie
561 918 614 962 de
644 917 831 974 Marcha,
864 921 907 962 et
937 924 1053 962 eam*¹
1083 917 1289 961 violenter
1320 916 1402 960 sibi
1431 929 1671 973 usurpasse.

100 998 334 1056 Respondit
361 997 447 1053 ille,
480 1011 524 1041 se
554 1010 632 1054 per
654 996 742 1040 vim
772 996 905 1040 nichil
925 996 1074 1052 egisse,
1107 998 1185 1051 set,
1218 994 1416 1051 quoniam
1447 994 1674 1038 advocatus

101 1079 213 1122 esset
249 1075 449 1121 ecclesiae
487 1075 538 1119 de
568 1074 784 1119 Namecha
823 1077 865 1119 et
902 1075 1049 1119 eadem
1092 1073 1314 1118 decimatio
1355 1073 1409 1116 ad
1444 1072 1674 1116 terminum

99 1155 234 1214 ipsius
265 1153 464 1199 ecclesiae
494 1153 739 1211 pertineret,
772 1167 817 1197 se
847 1153 940 1196 iure
970 1151 1224 1197 defensionis
1255 1149 1577 1194 decimationem
1606 1153 1675 1194 tu-

99 1234 212 1279 lisse.
258 1218 296 1278 E
327 1235 474 1277 contra
502 1232 743 1290 prepositus
775 1231 1057 1286 asseverabat,
1089 1229 1201 1287 quod
1229 1229 1421 1287 predicta
1452 1228 1673 1272 decimatio

101 1313 157 1359 ad
184 1311 387 1357 terminos
419 1309 618 1355 ecclesiae
649 1310 700 1354 de
729 1309 903 1354 Marcha
931 1309 1176 1367 pertineret,
1210 1311 1252 1352 et
1282 1321 1375 1352 eam
1408 1307 1547 1363 quiete
1576 1320 1674 1364 pos-

99 1391 299 1447 sedisset,
338 1389 470 1434 donec
508 1402 534 1432 a
571 1388 762 1446 predicto
793 1388 885 1431 viro
925 1387 1082 1444 absque
1111 1386 1198 1430 ullo
1229 1386 1333 1430 iuris
1365 1385 1512 1429 ordine
1541 1385 1673 1429 inter-

98 1469 240 1527 ruptio
272 1471 383 1513 esset
411 1466 552 1522 illata3
583 1466 695 1510 unde
727 1469 770 1511 et
798 1465 967 1510 restitui
998 1465 1079 1509 sibi
1109 1467 1259 1508 cuncta
1288 1464 1333 1507 in
1363 1464 1576 1519 integrum
1597 1476 1673 1520 po-

99 1547 296 1592 stulabat.
365 1545 536 1589 Auditis
579 1545 791 1601 utrimque
838 1543 1182 1600 allegationibus,
1229 1542 1483 1587 sententiam
1527 1541 1674 1585 iudicii

99 1621 344 1684 episcopus⁸
374 1638 452 1682 pro
482 1637 600 1668 more
631 1622 830 1667 ecclesiae
861 1636 962 1666 suae
993 1635 1225 1666 assessores
1254 1619 1544 1676 interrogavit.
1587 1619 1674 1663 Diu

98 1704 211 1748 inter
247 1716 318 1747 eos
356 1702 620 1760 disputatum
658 1704 745 1757 est,
784 1703 927 1744 utrum
965 1700 1132 1744 restitui
1172 1702 1397 1757 oporteret.
1470 1697 1543 1742 Set
1579 1711 1671 1755 nos,

97 1781 328 1840 plurimum
366 1780 623 1837 aequitatem
657 1792 752 1822 cum
782 1779 875 1823 iure
906 1778 1219 1822 considerantes
1252 1781 1294 1822 et
1322 1777 1546 1821 veritatem
1576 1789 1673 1820 cum

98 1860 253 1904 iudicio
283 1858 523 1914 diligentes,
554 1857 848 1913 hortabamur,
879 1859 947 1913 ut,
980 1856 1135 1900 omisso
1165 1855 1446 1900 restitutionis
1475 1854 1614 1911 titulo,
1647 1868 1673 1898 a

99 1936 525 1983 circummanentibus
563 1935 615 1979 (16
651 1935 845 1979 terminis
885 1938 927 1979 et
956 1934 1267 1992 possessoribus
1299 1947 1396 1977 cum
1427 1933 1566 1990 quiete
1598 1946 1670 1977 ex-

97 2030 243 2075 presse
281 2017 539 2073 quereretur.
593 2012 777 2056 Probata
814 2014 879 2056 est
917 2012 969 2057 ab
1009 2011 1203 2057 omnibus
1242 2011 1410 2070 prolata
1447 2011 1669 2067 sententia,

99 2109 206 2153 quae
245 2093 396 2150 agendi
432 2091 742 2136 cavillationem
772 2090 941 2148 penitus
974 2090 1234 2135 excludebat.
1280 2089 1499 2133 Venerunt
1527 2090 1671 2146 itaque

100 2173 152 2218 ab
182 2175 360 2230 utraque
390 2173 513 2229 parte
542 2169 934 2225 circummanentes,
964 2171 1069 2212 natu
1098 2168 1294 2223 maiores,
1326 2170 1368 2211 et
1396 2167 1586 2225 prestitis
1618 2167 1671 2212 de

99 2251 277 2296 veritate
307 2249 486 2294 dicenda
515 2247 803 2303 sacramentis,
834 2261 911 2305 per
941 2250 1077 2291 certos
1107 2246 1264 2291 limites
1296 2246 1348 2289 de
1375 2249 1553 2302 utraque
1572 2259 1670 2303 pos-

100 2329 286 2374 sessione
315 2329 519 2386 ceperunt
548 2325 797 2369 discernere.
844 2324 1016 2369 Fundus
1047 2325 1178 2369 curtis
1210 2324 1261 2368 de
1281 2323 1495 2367 Namecha
1525 2326 1670 2367 exten-

100 2407 214 2451 ditur
244 2420 376 2463 usque
396 2418 530 2463 prope
549 2403 694 2447 villam
714 2402 942 2447 Marcham.
987 2403 1045 2447 Et
1074 2402 1188 2446 idem
1218 2402 1444 2446 advocatus
1469 2401 1670 2445 ecclesiae

100 2485 153 2530 de
182 2484 396 2529 Namecha
427 2482 709 2537 asseverabat,
742 2481 1063 2525 decimationem
1095 2480 1283 2525 eiusdem
1312 2482 1451 2523 terrae
1481 2479 1669 2536 prefatae

101 2562 300 2608 ecclesiae
337 2562 429 2606 iure
467 2561 638 2617 antiquo
678 2559 910 2617 pertinere,
953 2562 1017 2602 set
1053 2558 1262 2615 quendam
1300 2557 1582 2614 presbiterum
1617 2557 1669 2601 de

99 2640 313 2685 Namecha
350 2639 534 2696 antiquis
570 2637 830 2695 temporibus
862 2636 1029 2681 cuidam
1059 2636 1268 2680 sacerdoti
1298 2635 1349 2678 de
1379 2634 1553 2678 Marcha
1581 2638 1667 2678 tra-

100 2719 257 2764 didisse
286 2731 363 2776 pro
395 2731 464 2774 eo,
501 2716 635 2774 quodh
668 2715 930 2772 quorundam
960 2714 1332 2772 parrochianorum
1363 2726 1556 2769 suorum,
1595 2713 1666 2770 qui

196 2847 223 2869 a.
251 2837 318 2868 bam
339 2837 461 2868 addidi.
544 2836 574 2867 b.
595 2837 728 2873 sequitur
749 2836 850 2865 litura.

195 2903 228 2937 1.
254 2900 481 2938 Leodiensis.
587 2901 622 2936 2.
655 2909 750 2945 quae
779 2897 901 2935 medio
932 2908 1030 2935 anno
1056 2896 1148 2933 1149
1177 2895 1363 2933 celebrata
1392 2905 1474 2934 esse
1505 2895 1663 2933 videtur.

100 2962 135 2999 3.
159 2960 385 3008 Leodiensis‚
409 2959 605 2997 Heinricus
629 2959 675 2996 ΙΙ.
