1924 3288
629 221 828 252 wmALm
857 220 1078 252 merrom
1110 221 1181 251 150.
1601 208 1689 252 235

121 316 265 365 fideles
293 320 462 362 nostros
492 320 582 362 tam
613 317 664 361 de
693 317 895 361 fratribus
927 330 1053 374 quam
1074 316 1203 361 etiam
1232 316 1284 360 de
1312 315 1431 378 laicis
1462 329 1690 361 convocare
1722 319 1815 356 1146

121 394 380 453 deberemus,
411 399 460 440 ut
490 395 542 440 de
571 396 714 452 verbo,
747 395 858 453 quod
889 408 1197 453 acceperamus,
1228 408 1396 440 morosa
1426 398 1468 439 et
1499 395 1691 452 diligenti
1711 369 1789 400 Nm
1804 369 1820 400 ¹

121 475 422 521 deliberatione
451 477 696 531 tractantes,
729 488 781 518 ex
811 473 985 518 consilio
1015 474 1270 532 respondere
1299 487 1529 532 possemus.

241 554 360 607 Quod
392 556 533 598 autem
563 553 608 596 in
639 551 888 596 alterutram
915 555 1081 609 partem
1102 553 1385 597 dubitavimus
1405 566 1484 597 nec
1504 552 1691 597 oblatum

120 632 242 678 nobis
279 632 451 677 honoris
488 631 627 675 locum
670 630 812 675 debita
855 630 1107 674 humilitatis
1153 631 1400 676 fortitudine
1437 632 1690 690 respuimus,

122 711 330 769 quaedam
358 710 658 768 preteritarum
687 722 831 752 rerum
860 709 1095 753 recordatio
1135 709 1350 754 suadebat.
1474 710 1691 767 Siquidem

122 793 165 837 et
195 793 320 834 antea
347 788 575 833 nonnullae
605 787 832 832 aecclesiae
856 801 933 831 nos
955 787 1009 831 ad
1027 787 1166 831 locum
1185 788 1404 844 regiminis
1424 791 1690 845 vocaverant,

121 867 303 926 quodam
333 866 549 925 popularis
568 866 715 909 iudicii
735 866 934 923 deceptae
954 867 1173 923 preconio3
1208 870 1272 911 set
1291 881 1368 910 nos
1390 868 1587 925 propriae
1606 868 1691 911 fra-

120 946 296 1003 gilitatis
328 948 371 990 et
398 944 662 1002 ignorantiae
691 944 860 1001 conscii,
891 944 1020 1001 plena
1044 948 1086 989 et
1105 945 1246 989 veraci
1271 945 1467 990 libertate
1497 945 1603 990 illud
1631 947 1691 990 eis

119 1024 415 1084 propheticum
445 1023 822 1081 respondebamus:
862 1024 964 1067 Non
1001 1039 1094 1066 sum
1129 1025 1335 1078 medicus,
1374 1040 1460 1068 non
1490 1028 1537 1068 in
1569 1027 1690 1070 domo

120 1119 214 1148 mea
233 1105 529 1156 vestimentum,
562 1103 690 1146 nolite
715 1118 780 1145 me
800 1104 1045 1146 constituere
1058 1104 1300 1160 principem
1313 1104 1472 1161 populi
1482 1100 1504 1146 ¹.
1551 1103 1692 1161 Atque

120 1181 183 1226 ita
200 1181 394 1225 formatis
423 1180 580 1237 absque
601 1180 786 1224 avaricia
804 1180 1006 1236 moribus,
1028 1180 1296 1237 contentique
1316 1182 1583 1238 presentibus
1591 1179 1620 1239 ²,
1653 1183 1691 1226 ei

120 1259 390 1315 monasterio,
422 1259 490 1302 cui
521 1259 695 1316 ascripti
725 1272 905 1315 eramus,
938 1259 1018 1303 etsi
1043 1272 1130 1301 non
1157 1259 1264 1302 bene
1283 1259 1453 1304 vivendi
1484 1261 1690 1319 exemplo,

121 1338 189 1383 vel
218 1337 399 1382 fideliter
430 1337 769 1381 amministrandi
799 1337 937 1381 studio
959 1337 1310 1381 deserviebamus.
1419 1338 1524 1382 Orta
1544 1342 1608 1383 est
1626 1340 1691 1383 in-

121 1417 260 1473 terim,
290 1416 520 1472 instigante
551 1416 739 1459 omnium
768 1416 975 1460 bonorum
1006 1415 1158 1472 emulo',
1188 1416 1301 1460 inter
1327 1430 1404 1460 nos
1426 1420 1469 1461 et
1489 1418 1691 1474 quosdam

121 1494 284 1540 villicos
316 1494 577 1539 Stabulensis
608 1494 875 1550 monasterii,
913 1494 1028 1538 viros
1063 1494 1210 1551 utique
1241 1508 1393 1550 genere
1424 1495 1620 1540 clientela
1650 1500 1692 1541 61

123 1573 272 1632 opibus
301 1575 517 1631 potentes,
554 1573 695 1628 gravis
727 1575 769 1616 et
797 1572 843 1616 in
872 1572 1046 1628 longum
1077 1573 1237 1628 agitata
1266 1573 1471 1618 dissensio
1508 1588 1587 1632 pro
1627 1589 1689 1631 60,

123 1652 235 1709 quod
262 1652 348 1710 ipsi
376 1651 508 1695 villici
520 1651 727 1696 volebant
745 1651 1022 1709 hereditarie⁶
1042 1651 1259 1708 possidere
1281 1653 1567 1697 sanctuarium
1587 1653 1688 1709 Dei;

123 1733 166 1774 61
194 1730 290 1788 ipsa
316 1729 587 1774 villicationis
629 1728 767 1773 officia
804 1743 855 1773 ex
896 1730 1158 1774 successione
1195 1733 1375 1788 paterna
1405 1735 1448 1775 et
1478 1733 1592 1776 avita
1622 1746 1690 1776 ca-

122 1809 300 1866 pientes,
323 1807 648 1852 dominabantur
661 1809 707 1851 in
726 1807 872 1862 rebus3
894 1811 1122 1865 nostraque
1143 1812 1185 1852 61
1199 1809 1509 1866 prepositorum
1525 1813 1690 1855 nostro-

122 1900 219 1931 rum
249 1889 410 1930 statuta
447 1885 748 1930 contumaciter
782 1887 1089 1943 rescindentes,
1128 1890 1171 1931 61
1207 1887 1374 1932 colonos
1411 1888 1612 1933 indebitis
1649 1893 1691 1934 et

124 1964 304 2009 assiduis
335 1964 623 2008 exactionibus
655 1965 950 2022 opprimebant
978 1968 1020 2009 et
1038 1965 1170 2010 iustas
1190 1967 1414 2023 pensiones
1435 1969 1690 2012 monasterio

122 2056 388 2100 nequaquam
417 2042 666 2087 inferebant.
713 2043 779 2087 Ita
796 2043 1029 2088 miserabili
1059 2047 1102 2088 et
1130 2045 1371 2102 importuno
1402 2045 1584 2090 clamore
1612 2060 1689 2104 po-

122 2121 226 2179 puli,
258 2122 376 2165 cuius
406 2124 522 2165 terra
540 2121 628 2164 iam
648 2121 737 2165 fere
757 2125 923 2165 vastata
943 2125 984 2165 et
1005 2121 1192 2166 desolata
1212 2126 1316 2179 erat,
1347 2137 1425 2167 nec
1444 2138 1530 2168 non
1549 2124 1689 2169 inedia

123 2200 425 2244 monachorum
456 2212 504 2242 ac
527 2200 651 2243 ruina
672 2199 830 2244 ordinis
849 2203 1025 2257 propter
1046 2200 1341 2244 alimentorum
1361 2202 1568 2246 defectum
1590 2217 1689 2260 sepe

125 2281 167 2322 61
195 2278 321 2322 nimis
353 2277 612 2333 exacerbati,
644 2278 831 2334 cepimus
861 2278 1005 2335 iniquo
1034 2281 1225 2336 tempore
1254 2281 1447 2337 tyrannis
1477 2281 1686 2337 resistere,

125 2356 250 2413 certi,
283 2360 486 2414 quantum
517 2356 568 2400 de
597 2356 751 2399 futuris
781 2355 873 2399 fieri
901 2359 1089 2414 poterat,
1123 2357 1234 2413 quod
1265 2361 1338 2401 aut
1367 2358 1480 2402 circa
1509 2359 1687 2403 salutem

123 2437 312 2478 nostram
341 2435 698 2492 periclitaremur,
737 2434 804 2478 vel
835 2434 888 2478 ad
918 2434 1146 2479 salutarem
1177 2435 1370 2479 effectum
1400 2449 1570 2480 causam
1599 2441 1687 2481 tam

124 2514 403 2557 necessariam
434 2513 663 2571 perducere
693 2525 778 2555 non
804 2525 1035 2570 possemus.
1082 2513 1265 2570 Etenim,
1298 2515 1409 2571 quod
1429 2528 1524 2558 cum
1545 2515 1687 2560 dolore

126 2594 168 2635 et
187 2592 346 2647 gemitu
367 2591 558 2648 dicimus,
575 2592 670 2635 iura
689 2591 775 2634 iam
795 2591 1058 2647 interierunt,
1074 2591 1187 2647 leges
1210 2593 1504 2648 occubuerunt,
1521 2607 1685 2637 morum

125 2669 348 2727 disciplina
377 2670 563 2714 extincta
593 2673 676 2725 est,
716 2669 971 2712 consuetudo
1001 2670 1222 2713 vetustatis
1261 2670 1417 2714 abolita
1451 2674 1534 2726 est,
1573 2672 1685 2728 regis

125 2751 168 2791 et
197 2747 438 2805 principum
467 2748 602 2791 virtus
642 2750 683 2790 et
711 2749 898 2804 potestas
930 2746 1153 2803 obsolevit,
1191 2747 1290 2791 11061
1318 2748 1542 2805 unicuique
1574 2750 1685 2806 quod

124 2825 248 2881 libet,
288 2828 329 2869 et
369 2824 479 2882 quod
517 2826 666 2870 statuit
702 2825 789 2869 vim
825 2825 930 2880 legis
970 2825 1140 2869 obtinet.
1262 2824 1368 2869 Cum
1398 2826 1529 2882 igitur
1557 2828 1604 2871 in
1635 2842 1685 2872 ea

123 2903 438 2961 perturbatione
457 2903 621 2948 labores
647 2902 834 2947 infinitos
862 2906 905 2947 et
926 2917 1130 2961 expensas
1149 2902 1425 2948 toleraremus
1456 2918 1552 2949 cum
1573 2907 1684 2964 apud

222 2990 249 3011 a.
274 2980 429 3011 hereditate
452 2993 477 3011 c.

220 3033 254 3068 1.
277 3032 362 3069 Isai.
379 3033 412 3078 3,
431 3034 464 3068 7.
529 3033 564 3070 2.
589 3032 702 3070 Hebr.
720 3033 776 3079 13,
796 3032 831 3068 5.
