1924 3288
309 164 396 208 448
812 176 1013 207 erALm
1040 171 1259 208 nms'rom
1288 176 1360 207 818.

87 274 180 310 1150
193 285 240 306 ⁰¹-
255 292 286 296 -
309 284 490 327 assumo,
521 274 692 327 cogente
722 271 879 328 pietate
905 271 1034 315 immo
1055 271 1189 316 multa
1206 271 1449 329 impellente
1468 270 1743 327 necessitate,-
1757 268 1867 315 fidn-

86 323 175 358 1151
191 325 232 354 in.

309 349 430 405 ciam,
460 362 546 393 non
575 349 774 393 erubesco
802 349 890 392 iam
914 349 1083 394 humilis
1104 353 1146 394 et
1164 350 1370 406 indoctus,
1402 347 1615 393 excelsum
1628 348 1866 407 principem

309 430 351 471 et
380 427 704 471 disertissimum
734 427 955 471 convenire
985 431 1205 472 oratorem.
1257 427 1394 480 Quare
1422 441 1514 484 nos,
1544 425 1867 472 clementissime

307 508 448 562 pater,
485 508 626 549 vestra
663 505 817 549 deserit
853 506 1156 551 mansuetudo?
1194 519 1324 563 quare
1360 519 1550 562 gregem,
1587 505 1734 549 multis
1770 504 1866 549 ecte

306 582 418 640 lupis
455 583 714 640 expositum,
752 586 893 627 vestra
930 583 1076 629 sollers
1115 583 1367 640 derelinquit
1402 583 1698 641 pastoralitas?
1750 580 1868 636 Qffl

307 660 352 704 in
390 661 511 705 nobis
548 661 794 718 paternitati
823 664 988 706 vestrae
1026 662 1260 719 displicuit,
1299 662 1398 719 quia
1426 662 1563 719 primo
1593 660 1762 718 quiden
1787 660 1868 719 per

307 752 374 782 me
404 739 527 782 nudis
551 738 704 795 verbis,
735 739 859 783 modo
890 742 1031 783 autem
1062 740 1191 784 semel
1221 743 1263 784 et
1290 740 1445 783 iterum
1473 739 1626 783 litteris
1656 742 1700 784 et
1728 737 1867 783 effice-⁴

307 817 422 861 cibus
446 817 608 861 nunciis
629 816 847 865 ecclesiam
866 820 1051 862 vestram
1071 818 1342 874 sollicitastis,
1371 818 1502 862 immo
1522 817 1738 874 turbastis,
1765 828 1867 861 wne

307 894 448 939 silium
478 895 529 939 de
559 895 800 939 dimissione
827 894 999 939 alterius
1021 896 1213 940 abbatiae
1233 895 1506 954 postulantes,
1539 898 1582 940 et
1599 895 1867 940 omissionem

307 985 333 1016 a
359 975 518 1028 nostra,
551 973 670 1029 quasi
700 973 832 1017 altera
854 973 950 1031 plus
976 973 1191 1030 religionis
1213 978 1255 1018 et
1275 974 1434 1018 ordinis
1454 973 1618 1030 habeat,
1647 972 1869 1029 violenter,

305 1053 354 1094 ut
387 1050 680 1107 intelligimus,
720 1052 961 1107 exigentes?
1020 1052 1090 1095 An
1119 1052 1287 1108 ignorat
1315 1056 1458 1098 vestra
1483 1051 1733 1110 prudentia,
1764 1049 1868 1109 quia

307 1128 358 1172 de
386 1129 508 1173 nobis
539 1143 565 1173 a
593 1129 713 1173 nobis
744 1129 920 1185 electus,
959 1129 1071 1187 apud
1099 1144 1176 1174 nos
1206 1130 1442 1186 investitus,
1472 1129 1587 1187 apud
1614 1143 1692 1174 nos
1720 1139 1867 1173 conw-

305 1209 460 1262 cratus,
489 1207 600 1251 inter
629 1220 706 1251 nos
738 1210 780 1251 et
809 1221 936 1265 super
965 1221 1041 1251 nos
1071 1221 1156 1252 non
1177 1209 1266 1252 sine
1285 1211 1488 1266 perpetuo
1507 1206 1648 1252 fructu
1670 1209 1724 1252 16
1745 1206 1867 1253 annis

305 1287 573 1328 conversatus
586 1281 609 1341 ¹,
640 1285 760 1342 quasi
789 1299 924 1343 nuper
943 1286 1152 1330 vocationi
1173 1286 1500 1342 Corbeiensium,
1530 1285 1731 1343 peticioni
1752 1284 1868 1340 regis

306 1365 348 1405 et
375 1362 616 1420 principum
646 1363 774 1407 abbas
804 1367 948 1407 noster
978 1367 1020 1407 et
1049 1368 1194 1422 pastor
1222 1364 1424 1421 prestitus
1443 1364 1557 1423 ¹estis
1579 1363 1719 1421 potius
1739 1365 1868 1420 quani

305 1439 452 1483 datus?
512 1439 648 1492 Quare
686 1441 738 1484 de
774 1444 864 1485 tam
902 1442 1033 1485 atroci
1061 1442 1228 1498 negotio
1258 1445 1425 1497 nostro,
1465 1455 1550 1486 non
1581 1441 1773 1497 alterius,
1796 1440 1866 1485 'ab

305 1517 452 1561 alienis
483 1521 526 1562 et
555 1519 764 1562 extraneis
796 1519 1017 1563 consilium
1045 1533 1122 1563 nos
1155 1533 1327 1577 querere
1351 1519 1589 1575 decernitis,
1621 1532 1716 1563 cum
1735 1531 1864 1576 penes

304 1609 380 1639 nos
409 1594 578 1639 firmum
607 1610 692 1640 non
722 1597 963 1640 dimittendi
992 1611 1066 1641 vos
1097 1597 1318 1641 consilium
1348 1597 1601 1642 habeamus?
1654 1596 1756 1649 Quis
1785 1595 1864 1640 hoc

303 1673 640 1730 magnanimitati
668 1677 833 1718 vestrae
863 1674 1078 1732 imposuit,
1110 1679 1158 1719 ut
1188 1675 1419 1730 ecclesiam,
1451 1688 1556 1731 quae
1575 1687 1650 1719 vos
1681 1673 1734 1718 ab
1763 1673 1864 1718 ado-

302 1751 503 1795 lescentia
532 1752 723 1796 educavit
753 1753 982 1810 assumpsit
1013 1756 1054 1797 et
1083 1752 1295 1808 dilatavit,
1339 1752 1528 1796 deserere
1558 1752 1793 1810 cupientes,
1823 1751 1864 1796 ei

305 1829 523 1886 ecclesiae,
561 1830 632 1874 cui
666 1831 867 1888 prestitus
907 1831 1029 1887 estis,
1068 1830 1398 1874 benedictionem
1435 1833 1624 1874 nostram
1657 1841 1744 1875 non
1771 1829 1864 1873 sine

304 1907 642 1965 supplantatione
671 1908 927 1952 infundatis?
987 1908 1150 1964 Cesset,
1182 1922 1332 1965 queso,
1363 1908 1544 1964 domine,
1576 1910 1711 1953 cesset
1735 1907 1863 1957 huius

304 1989 467 2030 vestrae
497 1985 789 2030 sollicitudinis
819 1987 1009 2042 intentio,
1041 1989 1175 2031 cesset
1202 1986 1338 2043 pietas
1358 1989 1500 2030 vestra
1528 1999 1626 2030 suos
1645 1984 1752 2031 filios
1772 1988 1862 2030 tam

304 2063 527 2107 crudeliter
552 2063 656 2108 velle
687 2064 863 2119 abicere,
895 2064 980 2120 qui,
1011 2067 1060 2107 ut
1088 2063 1272 2108 breviter
1303 2064 1461 2108 dictum
1491 2064 1559 2119 sit,
1590 2063 1688 2120 vagi
1716 2066 1760 2108 et
1789 2071 1863 2108 ex-

304 2141 393 2185 ules
425 2141 699 2186 decreverunt
725 2142 833 2185 mori
861 2141 1022 2199 potius,
1059 2155 1186 2198 quam
1214 2151 1303 2198 vos,
1335 2142 1435 2185 dum
1463 2141 1666 2197 vixeritis,
1695 2143 1864 2198 patrem

305 2221 347 2262 et
376 2218 591 2262 dominum
620 2233 704 2262 non
733 2219 897 2263 habere.
940 2218 1054 2263 Haec
1073 2233 1152 2274 me,
1184 2223 1319 2277 pater,
1350 2219 1569 2276 scripsisse
1587 2218 1691 2263 fides
1710 2218 1859 2275 coegit,

304 2296 456 2340 caritas
492 2297 714 2354 persuasit.
778 2296 869 2352 Set,
909 2296 1042 2341 sicubi
1078 2297 1187 2341 forte
1223 2297 1393 2341 modum
1433 2296 1611 2352 excessi,
1648 2295 1783 2341 verba,
1806 2295 1862 2341 ad

304 2377 468 2418 tantum
499 2374 731 2431 principem
760 2374 1025 2431 impudenter
1055 2379 1097 2419 et
1125 2375 1280 2419 inculte
1304 2374 1565 2432 proferendo,
1596 2376 1738 2418 vestra
1755 2372 1862 2419 mihi

306 2451 483 2496 eruditio
519 2451 726 2508 ignoscat,
765 2455 826 2507 et,
865 2455 913 2495 ut
949 2452 994 2495 in
1024 2453 1201 2496 veritate
1237 2452 1349 2496 dicta
1378 2455 1496 2508 sunt,
1536 2450 1784 2508 simpliciter
1811 2462 1863 2494 ac

304 2527 482 2574 fideliter
526 2529 716 2587 accipiat.
786 2528 851 2573 De
895 2533 1032 2574 cetero
1070 2530 1184 2574 Deus
1230 2530 1491 2587 omnipotens
1528 2542 1603 2573 vos
1639 2527 1861 2583 custodiat,

305 2607 606 2664 consiliumque
634 2610 798 2652 vestrae
828 2607 880 2650 ad
910 2621 986 2651 nos
1018 2607 1188 2652 celeris·
1218 2607 1468 2652 reversionis
1498 2606 1617 2650 vobis
1648 2605 1814 2662 dirigat.

401 2723 428 2745 a.
456 2714 536 2745 celer
579 2726 605 2746 c.

398 2773 433 2809 1.
456 2772 503 2810 ab
526 2723 803 2810 §xeunoeanno
829 2771 923 2808 1130
947 2771 995 2808 ad
1019 2774 1215 2809 exeuntem
1241 2781 1376 2808 annum
1401 2770 1505 2807 1146.
