1924 3288
519 189 720 221 wmAnm
749 187 998 220 nms'romn
1028 187 1098 218 143.
1122 186 1193 218 144.
1558 173 1644 217 225

73 284 283 345 duximus,
313 287 361 329 ut
389 284 626 343 predictum
658 287 734 342 est,
764 288 930 329 vestrae
962 282 1205 328 discretioni
1227 294 1464 338 suggerere,
1496 294 1550 324 ne
1572 281 1645 324 ad-

72 377 219 409 vorsus
249 362 418 408 decreta
436 362 616 407 Romani
645 361 855 421 pontificis
882 365 923 406 et
944 365 1091 406 contra
1109 363 1310 420 precepta
1331 359 1491 404 domini
1510 359 1646 403 nostri

71 441 184 498 regis
212 441 260 486 in
288 441 529 486 defensione
557 455 762 499 personae
782 440 896 484 illius
918 443 1031 485 stare
1051 439 1311 485 videremini.
1353 437 1645 495 Rescripsistis

71 519 208 576 nobis,
239 520 278 564 si
307 520 412 565 bene
443 519 680 576 recolimus,
713 519 824 576 quod
853 519 1042 564 membro
1064 517 1324 562 Coloniensis
1353 517 1554 562 ecclesiae
1575 515 1646 559 de-

73 611 166 645 esse
202 612 287 644 non
315 599 505 657 ,possetis
519 595 540 642 ¹.
602 598 730 642 Venit
767 601 910 642 tamen
947 597 1021 640 illa
1053 597 1269 641 Treverim
1305 596 1359 640 ad
1387 595 1648 654 presentiam

74 677 218 722 domni
246 690 383 735 papae
414 677 504 721 sine
534 676 668 732 vobis,
701 679 743 720 et
774 678 979 733 quantum
1009 675 1148 732 potuit
1178 675 1223 718 in
1253 688 1330 718 nos
1362 674 1461 731 egit,
1492 674 1648 719 verita-

73 758 158 800 tem
189 758 333 800 tacens
365 758 407 800 et
435 754 703 799 mendacium
731 754 918 810 loquens.
971 752 1045 797 Set
1075 754 1252 797 domnus
1281 766 1407 810 papa,
1438 765 1516 810 per
1535 751 1649 795 litte-

73 847 144 879 ras
173 836 340 878 nostras
360 833 539 878 veritate
570 835 799 890 comperta,
829 830 1003 889 prefixit
1032 831 1153 876 nobis
1176 835 1218 875 et
1237 832 1322 889 ipsi
1343 831 1455 875 diem
1477 830 1650 874 audien-

74 911 159 956 tiae
188 912 236 956 in
266 911 440 956 concilio
461 911 671 956 Remensi.
721 910 808 954 Nos
829 910 1036 966 venimus,
1068 909 1143 953 illa
1172 923 1257 953 non
1278 910 1406 953 venit.
1454 908 1650 965 Laqueus

75 990 280 1035 contritus
311 993 388 1047 est,
421 993 463 1034 et
485 1003 562 1034 nos
582 989 751 1034 liberati
773 985 954 1032 sumus².
998 987 1190 1032 Domnus
1211 1001 1324 1045 papa
1345 987 1652 1044 depositionem

75 1081 196 1112 suam
225 1068 392 1113 decreto
423 1067 700 1125 confirmavit,
733 1070 775 1112 et
805 1067 1106 1125 possessioneS,
1140 1080 1243 1123 quas
1275 1066 1349 1109 illa
1380 1065 1651 1121 alienaverat,

75 1147 329 1191 monasterio
361 1147 438 1192 sub
470 1147 750 1191 anathematis
780 1145 1122 1189 interminatione
1143 1145 1343 1188 restituit.
1389 1143 1490 1200 Nos,
1523 1144 1654 1187 frater

75 1225 312 1282 karissime,
343 1239 550 1270 memores
578 1238 663 1269 non
684 1238 842 1281 sumus,
876 1224 977 1281 quid
996 1223 1213 1268 vobiscum
1233 1236 1311 1281 pro
1335 1236 1397 1278 ea,
1429 1225 1654 1280 postquam

78 1303 104 1348 a
123 1303 296 1348 Treveri
324 1304 511 1360 recessit,
544 1303 632 1347 sive
663 1317 740 1361 per
759 1302 936 1347 verbum
968 1302 1056 1346 sive
1088 1316 1165 1359 per
1190 1301 1355 1345 litteras
1378 1300 1654 1358 spoponderi-

76 1396 185 1438 mus,
210 1395 308 1427 cum
326 1385 474 1426 nostra
493 1382 704 1439 promissa
723 1381 968 1426 memoriter
990 1380 1212 1425 observare
1235 1380 1456 1424 soleamus.
1490 1378 1651 1423 Valete.

85 1543 199 1590 144.
229 1546 443 1589 Com-adas
479 1543 554 1588 III
589 1560 664 1588 rex
700 1545 889 1588 Wibacdo
936 1545 986 1587 de
1026 1544 1271 1602 propinqua
1310 1559 1387 1586 sua
1424 1543 1656 1585 reversione

227 1624 445 1684 siqmfloat.
1444 1618 1516 1673 (Μ.
1539 1619 1655 1674 127.)

199 1711 444 1756 Cuonradus
476 1711 557 1755 Dei
595 1710 732 1767 gratia
761 1710 1047 1754 Romanorum
1085 1723 1163 1754 rex
1194 1713 1396 1765 augustus
1424 1709 1656 1754 venerabili

81 1790 274 1836 Wiboldo
306 1789 550 1834 Corbeiensi
581 1789 723 1833 abbati
753 1789 936 1844 gratiam
967 1802 1088 1832 suam
1119 1792 1161 1832 et
1192 1802 1315 1832 omne
1346 1788 1516 1831 bonum.

202 1867 321 1921 Quod
351 1867 535 1911 maxime
567 1867 618 1911 de
647 1867 769 1911 nobis
800 1870 842 1912 te
873 1866 1112 1910 desiderare
1143 1867 1435 1922 cognovimus,
1477 1866 1527 1909 de
1558 1879 1656 1923 pro-

83 1947 284 2006 speritate
304 1945 500 1990 videlicet
531 1948 664 1989 status
695 1945 843 2002 nostri,
874 1945 954 1988 hoc
982 1945 1179 2002 primitus
1211 1945 1291 1988 tibi
1322 1943 1558 2000 significare
1583 1957 1658 2001 op-

21 2031 26 2038 ·
82 2029 313 2084 portunum
333 2024 541 2067 duximus.
587 2023 688 2067 Sani
709 2023 916 2080 siquidem
935 2023 1018 2067 Dei
1037 2023 1328 2067 misericordia
1349 2036 1506 2078 sumus,
1528 2035 1658 2066 naves

83 2104 262 2148 redituri
290 2104 336 2146 in
365 2103 472 2145 festo
495 2102 642 2146 beatae
662 2101 821 2145 Mariae
841 2102 887 2144 in
909 2101 1156 2159 Septembre
1175 2101 1442 2156 intravimus,
1474 2100 1658 2158 peractis

85 2181 293 2237 omnibus,
326 2195 432 2237 quae
460 2181 506 2224 in
525 2180 718 2237 partibus
739 2179 823 2223 illis
843 2179 912 2224 vel
932 2179 1047 2223 Deus
1069 2179 1202 2223 voluit
1221 2179 1289 2223 vel
1309 2179 1499 2222 homines
1520 2182 1659 2222 terrae

86 2260 379 2318 permiserunt.
422 2259 486 2303 De
509 2258 748 2302 hominibus
770 2258 881 2302 enim
906 2257 1105 2301 dicimus:
1140 2257 1246 2301 Cum
1266 2257 1522 2301 Damascum
1546 2270 1658 2300 com-

86 2337 205 2381 muni
243 2337 415 2381 consilio
448 2337 707 2381 venissemus
749 2338 791 2379 et
829 2338 968 2379 castra
1006 2338 1104 2379 ante
1143 2339 1311 2393 portam
1348 2335 1531 2379 civitatis
1563 2348 1659 2378 cum

87 2428 239 2471 magno
269 2418 511 2459 nostrorum
543 2413 784 2458 discrimine
813 2413 1068 2457 locassemus
1100 2417 1142 2457 et
1170 2414 1258 2456 iam
1288 2427 1421 2471 prope
1453 2416 1576 2468 esset,
1612 2416 1659 2455 ut

89 2493 179 2537 sine
211 2493 325 2537 omni
355 2494 629 2549 ambiguitate
661 2492 809 2535 civitas
842 2494 1082 2548 caperetur,
1114 2491 1310 2547 traditio,
1343 2505 1368 2534 a
1399 2491 1549 2547 quibus
1579 2490 1659 2532 mi-

88 2571 202 2615 nime
233 2572 440 2628 cavimus,
478 2572 524 2615 in
553 2571 664 2614 hunc
695 2569 867 2613 modum
895 2569 1008 2612 facta
1039 2571 1122 2624 est,
1159 2569 1270 2625 quod
1299 2569 1383 2626 ipsi
1412 2569 1458 2611 in
1490 2582 1537 2612 eo
1567 2567 1659 2611 loco

90 2649 304 2693 civitatem
332 2648 705 2707 inexpugnabilem
726 2661 816 2691 esse
839 2646 1082 2690 asserebant
1102 2649 1144 2690 et
1165 2660 1218 2690 ex
1238 2646 1447 2690 industria
1466 2646 1511 2689 in
1533 2645 1661 2688 aliam

89 2730 275 2784 partem,
312 2727 385 2771 ubi
413 2741 491 2772 nec
522 2740 631 2784 aqua
662 2725 865 2770 exercitui
896 2724 1147 2782 suppetebat
1176 2737 1253 2768 nec
1284 2737 1475 2768 accessus
1508 2723 1659 2781 aliquis

189 2834 221 2868 1.
254 2833 349 2869 Hinc
373 2833 633 2879 intelligimus,
666 2830 886 2868 Tieboldum
911 2829 1161 2876 praepositum
1186 2829 1460 2866 Coloniensium
1486 2829 1659 2866 ecclesia-

92 2901 172 2928 rum
197 2903 307 2929 unam
332 2893 489 2938 rexisse,
520 2895 558 2929 et
582 2891 617 2929 S.
637 2891 803 2928 Severini
828 2889 977 2936 quidem
1002 2889 1214 2935 ecclesiam,
1247 2892 1290 2926 ut
1320 2890 1440 2936 liquet
1471 2900 1517 2928 ex
1549 2889 1661 2927 variis

93 2951 229 2989 tabulis
254 2963 312 2998 ap.
330 2952 545 2989 Lacomblet
568 2949 872 2989 Urkundenbuch
898 2949 924 2986 Ι.
1025 2950 1059 2986 2.
1086 2950 1145 2986 Ps.
1165 2951 1244 2996 123,
1263 2950 1296 2986 7.

154 3015 259 3051 Jnnz
283 3018 474 3048 Bibliotheca
494 3019 518 3047 1.
1331 3017 1376 3052 15

1671 282 1762 319 1147

1678 333 1755 363 Nov.

1713 917 1805 954 1148

1674 967 1761 998 Mart.
1774 968 1846 1006 Apr.

1683 1714 1775 1749 1148

1683 2111 1766 2150 Sept.
1783 2112 1800 2141 8
