1924 3288
175 297 264 334 1151

175 347 263 378 Mad.

191 2431 279 2467 1151

188 2481 275 2511 Mart.

291 187 379 230 454
743 198 941 229 wmALm
969 197 1219 229 EPISTOLAE
1248 197 1318 228 324.
1341 196 1411 227 325.

294 297 335 337 et
370 293 610 351 principum
651 296 694 336 et
723 293 911 336 virorum
949 292 1220 350 prudentium
1258 306 1307 335 ac
1343 292 1634 348 religiosorum
1668 290 1857 348 consilio,

293 371 663 426 consideravimuS,
695 369 895 414 electores
926 370 1105 427 predicti
1131 369 1414 424 H(erimanni)
1445 369 1650 427 prepositi
1680 365 1859 414 sanioris

293 462 384 494 esse
415 448 581 493 consilii
616 447 668 491 de
698 461 880 504 persona
917 448 942 491 a
979 447 1190 492 canonicis
1226 448 1560 492 institutionibus
1589 461 1675 492 non
1704 447 1860 492 discre-

292 530 441 585 pante3
482 526 632 583 quibus
671 539 724 569 ex
763 538 916 580 magno
953 525 1096 570 favore
1132 525 1417 569 assentiebant
1447 539 1591 570 omnes
1619 525 1782 571 nobiles
1807 533 1861 570 'ac

292 607 560 662 prepotentes
602 602 790 647 eiusdem
827 606 985 659 terrae,
1025 603 1098 660 qui
1136 603 1446 647 Traiectensem
1484 602 1703 648 ecclesiam
1739 605 1783 648 et
1814 602 1862 647 in

292 695 396 740 pace
426 681 588 737 legibus
619 681 844 725 honestant
875 684 917 724 et
945 681 991 724 in
1020 680 1130 724 bello
1162 680 1290 724 armis
1325 681 1556 725 defensant.
1598 681 1746 738 Itaque
1762 680 1862 738 quia

292 760 338 803 in
375 762 522 803 nostra
559 759 774 817 presentia
807 758 925 803 nulla
953 758 1228 803 contradictio
1260 759 1380 802 iuxta
1409 759 1514 802 iuris
1545 758 1735 803 ordinem
1763 757 1862 803 huic

295 836 488 881 electioni
508 839 804 895 opponeretur,
837 850 933 880 cum
954 836 1090 879 omnis
1112 835 1315 880 aecclesia
1333 837 1380 879 in
1398 839 1588 880 nostram
1607 835 1863 893 presentiam

295 918 406 959 esset
436 917 621 971 evocata,
652 915 886 958 iudicatum
915 917 979 958 est
1009 914 1061 958 ab
1093 914 1301 971 episcopis
1324 916 1366 958 et
1389 913 1671 971 principibus:
1701 913 1862 958 nullam

294 1006 370 1036 nos
402 992 554 1037 debere
577 1006 741 1036 moram
760 991 1046 1051 probabilibus
1072 991 1289 1035 desideriis
1309 992 1509 1048 inserere,
1541 995 1606 1036 set
1624 1005 1862 1049 personam,

296 1071 453 1127 absque
483 1071 526 1115 vi
565 1073 607 1114 et
640 1069 729 1113 ulla
757 1069 870 1114 mala
898 1069 1206 1114 machinatione
1238 1069 1412 1122 electam
1445 1073 1487 1113 et
1515 1070 1562 1113 in
1591 1069 1721 1114 sacris
1751 1069 1864 1114 ordi-

295 1149 419 1193 nibus
452 1151 590 1193 aetate
613 1161 797 1204 congrua
816 1149 1044 1203 inventam,
1075 1147 1317 1205 provehere.
1363 1147 1545 1191 Proinde
1573 1147 1864 1192 celsitudinem

297 1227 521 1271 sacerdotii
555 1227 707 1282 vestri,
748 1239 875 1283 quam
904 1239 1006 1269 vera
1041 1226 1086 1269 in
1123 1225 1305 1269 Domino
1344 1225 1520 1269 caritate
1558 1225 1863 1283 amplectimur,

297 1307 456 1349 attente
485 1304 693 1349 monendo
725 1317 942 1360 rogamus,
981 1307 1029 1347 ut
1059 1316 1164 1360 opus
1196 1303 1222 1347 a
1251 1303 1370 1347 nobis
1400 1302 1667 1348 laudabiliter
1694 1302 1866 1348 inchoa·-

296 1385 388 1426 tum
425 1382 715 1427 benedictione
754 1395 897 1426 sacrae
934 1394 1084 1424 manus
1115 1384 1280 1425 vestrae
1314 1379 1516 1437 perficere
1547 1384 1590 1424 et
1618 1379 1866 1426 confirmare

296 1474 383 1504 non
412 1460 619 1516 abnuatis,
651 1462 694 1503 et
714 1458 893 1503 labentis
920 1458 1118 1503 ecclesiae
1139 1459 1418 1503 Traiectensis
1447 1458 1615 1502 ruinam
1645 1458 1772 1503 celeri
1792 1458 1865 1505 be—

297 1538 534 1582 nedictione
571 1537 768 1581 fulciatis.
889 1536 1100 1592 Rogamus
1138 1540 1331 1594 preterea
1368 1537 1653 1581 sinceritatem
1681 1540 1867 1583 vestram

299 1630 377 1674 pro
409 1615 591 1672 quodam
614 1615 922 1670 consanguineo
943 1618 1102 1670 nostro,
1134 1615 1286 1658 comite
1304 1614 1500 1658 videlicet
1519 1614 1672 1658 Ottone
1692 1614 1744 1659 de
1762 1614 1865 1671 Ara,

301 1708 426 1751 quem
457 1693 627 1750 quidam
659 1692 834 1737 clericus
865 1692 1034 1736 nomine
1054 1691 1251 1736 Ionathas
1280 1706 1357 1750 per
1377 1693 1684 1750 surreptionem
1703 1692 1730 1737 a
1747 1691 1866 1738 vobis

301 1771 655 1816 excommunicari
683 1771 797 1826 fecit,
830 1770 1026 1827 quatinus
1058 1783 1154 1813 eum
1182 1770 1207 1813 a
1225 1769 1448 1814 Leodiensi
1468 1767 1687 1828 episcopo¹
1707 1769 1868 1815 absolvi

299 1850 479 1904 faciatis,
512 1862 560 1893 eo
593 1849 753 1892 scilicet
773 1848 951 1892 rationis
971 1847 1270 1903 moderamine,
1301 1851 1361 1904 ut,
1392 1851 1615 1906 postquam
1644 1848 1773 1892 fuerit
1794 1847 1867 1892 ab·

303 1927 477 1983 solutus,
510 1926 768 1984 synodaliter
786 1928 970 1981 vocetur,
995 1928 1037 1969 et
1057 1939 1196 1981 causa,
1218 1939 1325 1982 quae
1346 1940 1472 1983 super
1492 1925 1672 1983 quadam
1693 1925 1869 1973 ecclesia

302 2006 413 2050 inter
444 2019 514 2050 eos
546 2005 698 2060 agitur,
730 2003 929 2048 canonico
959 2003 1113 2047 iudicio
1144 2003 1372 2047 decidatur.

308 2171 424 2218 325.
451 2171 665 2216 Emanuel
694 2170 950 2214 Graecorum
985 2171 1213 2228 imperator
1241 2170 1474 2214 Wibaldum
1513 2171 1565 2213 de
1596 2186 1672 2214 sua
1701 2171 1746 2213 in
1776 2185 1868 2214 eum

453 2249 729 2293 benevolentia
757 2249 969 2291 certiorem
991 2247 1114 2304 facit.
1155 2247 1369 2302 Hortatur,
1400 2255 1447 2290 ut
1466 2247 1656 2291 Conrado
1675 2248 1767 2306 reqi
1782 2262 1868 2290 ser·

454 2328 540 2370 vire
571 2333 812 2384 perseveret.
859 2325 1041 2369 Litteras
1068 2327 1211 2383 poscit.
1256 2326 1426 2368 Donwm
1455 2326 1585 2368 mittit.
1653 2322 1726 2378 (Μ.
1748 2322 1867 2379 321.)

424 2413 709 2473 Imperiale
761 2414 822 2457 ad
871 2414 1326 2471 preciosissimum
1377 2413 1507 2458 aban
1559 2413 1866 2458 monasterii

309 2493 525 2540 Stabuli.

426 2570 459 2623 -Χ-
487 2568 800 2615 Preciosissime
832 2568 912 2612 aba
940 2568 1186 2612 monasterii
1206 2566 1364 2612 Stavli'l.
1465 2567 1693 2626 Imperium
1713 2580 1868 2623 meum,

309 2663 406 2695 cum
444 2648 659 2692 didicisset
695 2659 721 2690 a
757 2645 901 2690 multis
931 2646 976 2690 in
1006 2649 1049 2690 te
1078 2645 1295 2690 florentem
1324 2645 1542 2701 virtutem,
1582 2644 1870 2702 quomodoque

308 2729 354 2772 in
391 2727 593 2771 honorem
627 2726 762 2768 certas
792 2723 1121 2780 prenobilissimi
1150 2723 1261 2779 regis
1291 2722 1421 2766 Rome
1451 2722 1869 2780 predilectissimique

309 2805 453 2849 fratris
500 2806 542 2848 et
579 2802 744 2859 cognati
781 2801 950 2859 imperii
988 2802 1071 2845 mei
1109 2804 1151 2845 et
1187 2801 1232 2844 in
1269 2799 1495 2844 utilitatem
1534 2799 1868 2855 christianorum,

311 2895 508 2939 magnam
539 2881 802 2925 devotionem
833 2882 874 2923 et
905 2877 1166 2923 affectionem
1197 2892 1297 2935 erga
1325 2880 1442 2922 tuam
1463 2877 1776 2935 preciositatem
1796 2876 1869 2921 ob-

410 2971 441 3005 1.
467 2968 640 3006 Heinrico
664 2968 712 3004 11.
