1924 3288
306 156 396 200 494
753 170 952 202 wmALm
980 170 1227 202 musmonm
1255 170 1326 202 365.
1350 171 1422 202 366.

187 266 280 302 1152
422 263 604 308 Audisse
634 264 843 308 credimus
875 264 1165 310 excellentiam
1186 269 1384 321 vestram,
1416 266 1527 322 quod
1555 266 1689 312 felicis
1707 280 1864 313 memo·

193 314 280 345 Feb*
305 341 394 386 riae
414 342 607 386 dominus
629 342 840 398 quondam
854 346 1010 398 noster,
1030 343 1199 387 inclitus
1214 343 1497 388 Romanorum
1511 357 1588 388 rex
1602 343 1865 402 Omni-adue),

305 432 382 462 nos
419 419 474 463 ad
509 419 710 463 domnum
747 433 903 477 papam
940 423 983 464 et
1020 420 1074 464 ad
1103 421 1251 465 urbem
1280 421 1457 465 Romam
1485 435 1563 479 pro
1592 421 1720 469 rebus
1746 423 1869 479 regni

306 497 477 551 agendis
508 498 812 541 transmiserat.
858 497 932 541 Set
961 500 1058 542 ante
1087 498 1267 543 reditum
1300 502 1503 555 nostrum,
1524 499 1703 546 domino
1721 503 1871 550 nostro

305 573 642 619 Walciodorense
673 575 822 619 abbate
835 572 846 592 ¹
875 575 987 619 viam
1017 576 1237 620 universae
1267 577 1405 621 carnis
1433 577 1643 634 ingresso,
1679 580 1773 625 orta
1802 581 1867 626 est

305 651 509 695 dissensio
546 652 657 696 inter
693 653 927 698 monachos
948 652 1306 703 Walciodorenses
1344 657 1386 698 et
1415 653 1704 700 Hasterienses
1740 669 1867 714 snper

305 728 507 773 electione
543 730 675 774 futuri
714 730 897 786 abbatis3
936 745 1013 788 pro
1052 745 1136 788 qua
1173 732 1458 775 controversia
1493 732 1759 778 terminanda
1791 746 1866 781 vos

305 807 463 851 eisdem
492 808 707 852 monachis
737 808 875 852 locum
906 812 949 853 et
977 809 1090 852 diem
1109 808 1329 866 prefixisse
1349 809 1646 855 intelleximus.
1687 809 1749 862 Et
1764 823 1867 868 quo-

303 884 418 928 niam
448 885 649 929 mandata
678 886 822 930 domni
850 900 986 944 papae
1017 887 1153 931 adhuc
1182 887 1228 930 in
1251 887 1445 932 manibus
1466 887 1679 944 habemus,
1710 873 1869 940 discre-

303 963 431 1006 tionis
462 966 627 1007 vestrae
656 964 833 1021 pedibus
865 965 1003 1008 animo
1036 964 1235 1020 advoluti,
1267 965 1570 1020 benignitatem
1588 968 1775 1017 vestram
1800 965 1874 1016 in-

303 1040 406 1084 time
441 1054 658 1097 rogamuS,
695 1045 744 1085 ut
778 1056 856 1099 pro
894 1043 1129 1086 reverentia
1167 1042 1354 1086 eiusdem
1391 1042 1533 1086 domni
1570 1056 1706 1101 papae
1744 1056 1873 1099 agere

304 1131 400 1162 cum
420 1119 480 1162 eis
501 1118 718 1175 differatis,
750 1119 881 1164 donec
902 1145 957 1150 —
976 1120 1166 1164 ordinato
1187 1134 1264 1177 per
1285 1108 1583 1177 omnipotentis
1603 1120 1685 1173 Dei
1702 1120 1867 1165 miseri-

304 1196 491 1241 cordiam
527 1210 635 1241 novo
672 1211 793 1253 rege,
830 1211 907 1255 pro
946 1198 1063 1242 cuius
1101 1197 1301 1242 electione
1330 1197 1542 1255 principes
1570 1198 1692 1254 regni
1720 1197 1873 1254 crebra

303 1274 390 1318 iam
419 1275 531 1319 inter
561 1289 605 1319 se
635 1274 790 1318 habent
821 1274 1029 1332 colloquia
1058 1278 1100 1319 et
1119 1289 1195 1319 nos
1215 1289 1292 1332 pro
1313 1275 1472 1319 recenti
1491 1275 1700 1331 legatione
1719 1260 1874 1324 Italiae

306 1352 450 1396 abesse
480 1366 565 1397 non
585 1352 911 1410 permittunt-
935 1353 1071 1396 eidem
1100 1366 1251 1397 causae
1280 1353 1483 1397 interesse
1513 1354 1734 1411 possimus.
1779 1352 1868 1400 Neo

306 1431 418 1474 enim
451 1431 598 1474 matris
628 1433 797 1474 nostrae
826 1429 1177 1475 Walciodorensis
1209 1430 1432 1475 aecclesiae
1461 1431 1625 1475 labores
1655 1430 1868 1487 negligere

305 1507 502 1552 debemus
541 1512 614 1552 aut
642 1508 857 1564 volumus,
897 1509 998 1565 quin
1037 1509 1076 1553 ei
1113 1509 1159 1552 in
1190 1509 1306 1552 omni
1334 1508 1584 1553 necessitate
1614 1523 1712 1566 sua,
1750 1508 1868 1555 salva

305 1585 523 1641 dignitatis
554 1589 719 1630 vestrae
757 1586 995 1630 reverentia
1033 1589 1074 1629 et
1110 1589 1278 1630 sanctae
1308 1586 1508 1631 Metensis
1539 1586 1763 1632 aecclesiae
1791 1586 1868 1631 ho—

305 1676 420 1720 nore,
453 1664 690 1708 subservire
719 1664 860 1722 parati
891 1665 1057 1708 simus'.

309 1834 426 1881 366.
453 1838 663 1881 Wibaldus
686 1838 1082 1881 Walciodorensibus
1112 1838 1262 1891 scribit,
1294 1853 1337 1880 se
1349 1845 1448 1894 post
1468 1838 1635 1881 electum
1653 1853 1791 1896 reqem
1810 1836 1868 1882 ets

454 1916 599 1974 affore.
660 1916 788 1959 Mittit
816 1915 1000 1973 Euqenii
1026 1915 1109 1958 III
1133 1916 1286 1959 bullam
1324 1931 1573 1974 suarumque
1602 1917 1661 1959 ad
1680 1916 1866 1974 *Stepha-

453 2009 552 2036 num
592 1995 827 2051 episcopum
866 1994 1086 2036 Metensem
1124 2000 1161 2036 et
1199 1994 1257 2036 ad
1287 1992 1568 2036 Hasterienses
1603 1994 1867 2051 epistolarum

457 2072 655 2128 exmnpla.
1465 2127 1470 2133 .
1487 2099 1489 2102 -
1650 2069 1723 2124 (M.
1746 2070 1864 2124 342.)

187 2169 279 2205 1152
424 2158 573 2203 Frater
603 2158 853 2213 W(ibaldus)
884 2159 965 2203 Dei
995 2159 1132 2214 gratia
1159 2158 1224 2214 id,
1262 2158 1372 2215 quod
1403 2162 1467 2202 est
1495 2158 1541 2202 in
1569 2158 1770 2204 aecclesia
1797 2171 1867 2203 ca-

257 2228 281 2248 r·
306 2237 474 2293 thelica,
505 2237 667 2280 dilectis
688 2237 733 2279 in
754 2236 920 2280 Christo
947 2236 1147 2280 fratribus
1177 2237 1263 2280 suis
1289 2237 1495 2280 universis
1516 2235 1864 2281 Walciodorensis

309 2315 532 2360 aecclesiae
562 2314 659 2357 filiis
690 2314 1022 2358 benedictionem
1053 2317 1096 2358 et
1123 2314 1256 2358 vitam
1285 2328 1418 2371 usque
1446 2314 1492 2358 in
1523 2314 1720 2358 seculum.

426 2392 583 2436 Audito
613 2405 690 2449 per
717 2392 875 2435 famam
907 2392 1023 2436 obitu
1045 2392 1263 2436 reverendi
1282 2392 1416 2450 patris
1436 2390 1607 2448 nostri²,
1637 2391 1866 2449 plurimum

308 2473 482 2529 propter
510 2468 763 2527 multiplices
795 2470 1019 2514 aecclesiae
1039 2474 1203 2514 vestrae
1233 2469 1410 2526 labores,
1442 2483 1544 2526 quos
1566 2470 1612 2514 in
1631 2483 1771 2514 rerum
1791 2483 1867 2514 no-

309 2549 439 2593 vitate
458 2548 620 2592 futuros
641 2548 928 2604 formidamus,
958 2549 1095 2592 animo
1116 2548 1234 2592 vobis
1255 2547 1560 2601 condoluimus3
1592 2550 1634 2591 et
1652 2547 1865 2605 precipue,

308 2640 403 2670 cum
434 2626 486 2671 de
515 2625 642 2670 verbo
673 2625 886 2669 electionis
916 2622 1102 2673 vestrae⁸
1131 2625 1436 2680 intelleximuS,
1468 2638 1573 2681 quae
1602 2625 1867 2669 universitati

308 2708 474 2749 vestrae
502 2703 662 2748 nullam
692 2703 860 2747 omnino
891 2703 1117 2748 utilitatem
1147 2703 1295 2748 afferre
1324 2703 1480 2761 poterit
1506 2706 1549 2746 et
1568 2715 1772 2760 personae
1789 2715 1866 2746 no-

405 2809 433 2830 8·
461 2808 564 2830 sumus
586 2811 613 2831 c·
1825 2810 1827 2814 '
1875 2816 1877 2818 ·

407 2860 439 2894 1.
455 2856 694 2894 Theoderico.
765 2857 800 2892 2.
817 2854 1036 2893 Tbeoderici
1053 2856 1198 2894 abbatis
1214 2855 1533 2894 walciodorensis.
1598 2856 1631 2892 3.
1651 2854 1706 2893 Cf.
1724 2866 1781 2902 ep.
1795 2856 1865 2892 368

310 2916 405 2953 infra
428 2928 465 2963 p.
482 2917 564 2953 496.
