1924 3288
306 165 395 209 540
810 176 1009 208 wmum
1036 155 1255 209 nnsiom
1284 175 1356 207 404.
1431 226 1434 230 ²

191 276 282 314 1152
295 274 385 329 fide
413 274 623 326 virtutem,
663 274 710 315 in
738 273 889 316 virtute
917 274 1150 327 scientiam,
1189 274 1236 316 in
1265 273 1438 315 scientia
1466 271 1776 326 chounentimn,
1810 274 1859 317 in

306 351 555 394 abstinentia
576 352 848 408 pacientiam,
880 352 926 394 in
948 352 1164 408 pacientia
1186 352 1398 408 pietatm,
1429 351 1476 392 in
1502 351 1655 407 pietate
1677 363 1859 401 amorem

293 429 601 486 fraternitatis,
633 429 680 471 in
710 442 850 471 amore
867 428 1154 485 frater-nita&
1185 428 1403 471 karitatem
1413 423 1437 470 ¹.
1498 425 1614 471 Haeo
1641 426 1759 472 vobis
1789 438 1859 473 su-

303 509 487 564 perent·.
550 504 627 550 Cui
665 505 778 549 enim
813 504 917 550 haec
952 518 1037 550 non
1074 508 1217 564 presto
1255 507 1373 561 sunt,
1410 516 1532 549 cecus
1568 507 1634 550 est
1661 508 1704 550 et
1730 517 1859 551 manu

303 587 527 642 temptans.
589 582 655 627 De
685 582 834 640 quibus
863 597 1031 627 rursum
1059 583 1172 628 idem
1202 581 1415 640 apostolus
1445 582 1565 627 dicit:
1599 583 1740 628 Ermut
1765 597 1858 638 ma-

300 665 428 720 9i8tri
454 657 707 715 memlaoes',
741 663 818 718 qui
843 663 890 704 in
919 664 1108 706 avaricia
1138 663 1188 705 de
1216 661 1331 704 vobis
1361 657 1721 718 neqociabuntntr',
1753 661 1858 706 deli-

304 742 380 784 ciis
419 740 654 798 affluentes,
694 741 741 782 in
777 741 977 783 conviviis
1013 742 1101 783 suis
1139 740 1396 783 luxuriantes
1432 735 1680 794 vobiscumss
1720 738 1858 784 oouloe

303 819 492 862 habentes
505 818 656 876 plenos
676 817 881 861 adulterio
889 814 917 872 ⁶,
940 833 1018 876 per
1049 832 1151 875 quos
1171 819 1243 860 via
1261 818 1446 860 veritatis
1467 813 1855 875 blacphevnabitnar‘,

303 898 350 940 ki
383 905 481 940 sunt
504 896 651 953 fontes
687 897 777 939 sine
813 911 926 954 aqua
934 892 960 939 ⁷.
1023 894 1145 939 Tales
1183 880 1389 952 quomodo
1429 907 1524 938 oum
1557 892 1683 939 Petro
1719 893 1857 940 dicere

302 976 497 1032 possunt:
529 974 638 1018 Ecce
666 989 742 1017 nos
771 974 1015 1031 reliquimus
1047 976 1188 1018 omnia
1218 982 1256 1017 et
1284 974 1414 1016 secuti
1441 987 1582 1016 eumue
1610 968 1685 1027 te’,
1717 974 1761 1017 et
1778 971 1859 1018 ite-

301 1065 416 1096 rum:
449 1052 681 1110 Aryentum
711 1060 750 1096 et
778 1067 928 1096 aurum
956 1067 1041 1095 non
1072 1060 1131 1095 est
1158 1047 1350 1095 ‘'nicki?⁹⁴
1380 1049 1592 1102 Quomodo
1623 1063 1650 1094 a
1677 1048 1859 1095 Domino

302 1129 497 1174 audiunt:
528 1130 608 1174 Vos
639 1132 733 1174 estis
759 1130 832 1174 lux
851 1131 1011 1184 mundi,
1043 1145 1115 1173 vos
1137 1132 1231 1173 estis
1257 1130 1325 1173 eal
1351 1124 1518 1173 terre9¹⁰
1556 1127 1727 1185 Quibus,
1748 1127 1860 1186 quod

301 1207 509 1265 sequitur,
547 1207 746 1251 nimirum
781 1207 994 1251 convenit:
1035 1207 1199 1263 Quodsi
1234 1207 1301 1251 sal
1330 1208 1561 1261 evanuerit,
1599 1208 1646 1250 in
1676 1221 1758 1264 quo
1788 1221 1859 1251 oa-

302 1286 444 1341 lietur,
483 1287 542 1330 ad
574 1287 775 1330 nichilum
803 1286 930 1340 valet,
967 1288 1054 1329 nisi
1081 1287 1196 1343 quod
1224 1285 1482 1329 conculcetur
1511 1284 1563 1328 ab
1593 1280 1860 1329 hominibueu

301 1363 368 1408 vol
398 1376 424 1407 a
451 1363 604 1421 porois.
645 1363 764 1408 Unde
784 1363 1010 1407 Iohannes:
1045 1363 1132 1418 Qui
1159 1365 1274 1418 dicit,
1306 1378 1350 1406 ee
1380 1364 1542 1407 credere
1570 1363 1617 1406 in
1637 1360 1858 1418 Clu-itum,

301 1442 428 1495 debet,
461 1444 566 1485 sicut
595 1442 667 1485 ille
696 1442 936 1495 ambulavit,
969 1450 1008 1485 et
1035 1443 1125 1500 ipse
1154 1437 1414 1485 ambulare¹'.
1465 1440 1593 1484 Item.
1627 1439 1716 1495 Qui
1741 1441 1857 1496 dicit,

300 1535 343 1563 se
375 1534 495 1563 nosse
524 1519 684 1574 Deum,
725 1528 763 1563 et
791 1520 993 1563 mandata
1024 1522 1110 1563 eius
1145 1535 1232 1562 non
1269 1520 1468 1573 custodit,
1509 1519 1690 1562 menda-‘c
1726 1526 1787 1562 eet
1821 1526 1861 1564 et

299 1599 450 1642 veritas
480 1599 528 1640 in
558 1613 603 1640 eo
633 1612 719 1641 non
750 1593 853 1641 estu.
894 1595 1020 1641 Petro
1041 1599 1084 1640 et
1102 1595 1269 1640 vicariis
1289 1595 1406 1641 Petri
1436 1596 1462 1640 ἐ.
1480 1595 1661 1640 1)οωίῃο
1684 1595 1857 1642 dieitur:

300 1675 420 1721 Sicut
447 1677 562 1719 misit
595 1690 660 1719 me
688 1676 832 1729 Pater,
875 1684 913 1719 et
949 1690 1022 1732 eqo
1060 1677 1175 1718 mitto
1213 1689 1285 1719 vos
1294 1671 1332 1718 ¹⁴.
1395 1673 1470 1718 Set
1504 1673 1682 1731 qualiter
1709 1673 1803 1732 ipse
1831 1686 1859 1719 a

297 1752 422 1798 Patre
445 1753 599 1796 missus
618 1752 758 1808 fuerit,
791 1753 991 1810 exprimit
1011 1752 1172 1796 dicens:
1206 1752 1261 1797 Si
1277 1768 1361 1796 non
1379 1752 1526 1809 fecero
1548 1767 1677 1811 opera
1693 1753 1855 1808 Patrio,

297 1832 424 1875 nobite
454 1833 617 1875 credere
642 1827 794 1874 mihim.
858 1829 904 1874 Si
934 1829 1121 1886 Christo,
1153 1830 1224 1887 qui
1253 1832 1473 1887 peccatum
1501 1843 1586 1874 non
1614 1829 1735 1887 feeit,
1766 1829 1858 1875 sino

298 1909 494 1967 operibus
532 1908 787 1953 credendum
822 1921 908 1952 non
936 1907 1036 1964 fuit,
1077 1907 1283 1964 quomodo
1312 1908 1430 1964 istis,
1466 1921 1551 1952 non
1581 1906 1718 1952 solum
1745 1906 1856 1954 mulo

299 1990 364 2032 set
394 1987 521 2031 etiam
551 1985 665 2030 mala
693 1985 859 2044 publice
879 1985 1111 2042 agentibu8‚
1143 1988 1208 2030 est
1227 1985 1504 2030 eredendum?
1543 1984 1663 2030 Unde
1683 1985 1854 2031 dicitur:

299 2066 515 2120 Quomodo
539 2067 713 2123 potestis
745 2065 864 2122 loqui
891 2065 1014 2118 bona,
1047 2079 1140 2108 cum
1169 2066 1259 2108 sitis
1289 2065 1395 2108 mali
1400 2064 1419 2107 2
1466 2062 1562 2108 Non
1591 2063 1726 2108 solum
1755 2075 1855 2109 voro

295 2143 411 2200 loqui
449 2155 534 2186 non
571 2146 748 2200 possunt
785 2142 915 2198 bona,
954 2145 1019 2186 set
1055 2155 1133 2186 neo
1162 2141 1352 2198 eredere3
1390 2142 1499 2186 siout
1526 2141 1619 2200 ipse
1648 2140 1855 2187 Dominus

297 2220 376 2265 ait:
421 2220 637 2276 Quomodo
671 2223 841 2278 potestis
872 2222 1055 2275 credere,
1084 2221 1267 2278 yloriam
1297 2220 1349 2264 ab
1378 2222 1554 2264 invicem
1583 2215 1855 2278 querentes?“

295 2315 396 2343 nam
414 2299 524 2355 fides
555 2300 644 2342 sine
675 2298 867 2356 operibus
897 2307 1062 2343 mortua
1092 2295 1194 2343 est²⁷.
1237 2297 1449 2350 Quomodo
1479 2297 1551 2342 isti
1580 2311 1664 2342 non
1694 2295 1852 2342 solum*

297 2375 550 2434 quibuslibet
579 2375 743 2420 diviciis
773 2376 997 2432 inhiantes,
1029 2380 1094 2420 set
1122 2375 1195 2432 qui
1225 2375 1419 2432 divicias,
1455 2389 1560 2432 quae
1589 2375 1669 2419 toti
1697 2374 1853 2420 mundo

297 2454 500 2499 salutares
517 2452 761 2509 extiterunt,
777 2467 854 2511 per
869 2468 1046 2511 quarum
1059 2454 1203 2511 utique
1218 2467 1342 2498 usum
1362 2466 1447 2511 pax
1461 2456 1580 2498 tanta
1599 2455 1642 2498 et
1659 2451 1758 2497 talis
1776 2465 1854 2511 por

296 2532 538 2577 universum
569 2531 713 2576 orbem
742 2531 835 2587 fuit,
868 2532 979 2588 quod
1007 2531 1141 2576 filium
1163 2531 1244 2576 Dei
1274 2531 1325 2576 de
1355 2531 1451 2576 sinu
1470 2530 1608 2576 Patris
1637 2531 1683 2575 in
1714 2530 1853 2575 sinum

390 2643 418 2665 a.
445 2634 569 2674 superet
588 2644 614 2663 ο.
695 2632 725 2663 b.
747 2631 844 2663 solum
866 2633 988 2664 addidi.

390 2692 425 2728 1.
449 2692 472 2727 2
488 2691 585 2727 Petr.
600 2691 633 2736 1,
644 2689 751 2727 4-7.
823 2690 857 2726 2.
882 2691 905 2726 2
917 2691 1016 2727 Petr.
1029 2691 1063 2737 2,
1078 2691 1111 2727 l.
1182 2690 1217 2727 3.
1242 2691 1266 2727 2
1280 2689 1378 2727 Petr.
1389 2689 1423 2735 2,
1435 2689 1470 2726 8.
1539 2689 1577 2726 4.
1600 2689 1623 2725 2
1635 2688 1732 2726 Petr-
1746 2689 1780 2735 2,
1794 2688 1849 2726 18.

296 2751 332 2788 5.
356 2752 379 2787 2
395 2751 491 2787 Petr.
510 2751 543 2796 2,
561 2749 618 2786 14.
713 2749 748 2786 6.
772 2750 795 2786 2
811 2749 909 2785 Petr.
927 2751 960 2795 2,
978 2751 1012 2786 2.
1105 2750 1138 2786 7.
1163 2750 1186 2786 2
1202 2750 1300 2787 Petr.
1316 2750 1350 2795 2,
1370 2749 1425 2785 17.
1511 2748 1547 2785 8.
1571 2747 1700 2785 Matth.
1718 2749 1774 2795 19,
1790 2748 1851 2787 27.

296 2810 329 2846 9.
355 2809 443 2846 Aet.
460 2810 493 2856 3,
507 2810 541 2846 6.
638 2809 694 2845 10.
719 2807 847 2845 Matth.
859 2809 892 2854 5,
909 2810 964 2845 13.
980 2809 1034 2846 14.
1134 2809 1190 2845 11.
1214 2808 1341 2846 Matth.
1355 2809 1389 2854 5,
1402 2807 1458 2844 13.
1555 2809 1612 2844 12.
1641 2810 1658 2844 1
1676 2807 1754 2845 Ioh.
1767 2808 1801 2854 2,
1814 2808 1850 2845 6.

296 2870 354 2906 13.
379 2870 399 2905 1
417 2868 496 2906 1011.
513 2869 546 2915 2,
567 2868 604 2905 4.
712 2868 767 2905 14.
793 2867 872 2905 1011.
889 2868 946 2915 20,
971 2870 1028 2905 21.
1138 2869 1195 2906 15.
1219 2868 1298 2907 1011.
1316 2868 1371 2916 10,
1395 2867 1453 2905 37.
1564 2867 1620 2905 16.
1644 2867 1722 2905 1011.
1739 2867 1773 2915 5,
1788 2866 1847 2904 44.

296 2929 354 2966 17.
377 2928 499 2966 Iacob.
517 2929 551 2975 2,
570 2928 627 2966 17.
