1924 3288
544 193 742 224 wmALm
770 193 1018 225 EPISTOLAE
1046 193 1096 224 42.
1118 193 1168 224 43.
1553 183 1634 226 121

81 288 283 335 monfis.
329 287 450 332 Unde
478 288 679 332 nimirum
708 292 872 332 vestrae
904 288 1118 333 sanctitati
1146 289 1191 333 in
1210 288 1290 332 hoc
1310 288 1479 333 obedire
1499 290 1638 347 parati

82 380 246 423 sumus,
285 369 334 411 ut
369 365 599 410 materialis
628 379 732 410 »cum
772 366 954 423 spiritali
991 366 1130 422 gladio
1167 367 1213 411 in
1252 366 1453 411 aeeclesia
1481 368 1637 412 nostris

80 444 339 503 temporibus
369 443 628 488 concorditer
659 445 869 501 operando
890 444 1152 489 fructificent.
1199 444 1325 489 Pater
1346 445 1459 489 enim
1479 448 1636 502 noster,

80 522 373 568 devotissimus
409 521 520 566 filius
549 525 709 578 vester,
750 522 821 578 qui
858 536 934 579 pro
966 522 1211 568 dilatatione
1242 523 1440 568 ecclesiae
1471 537 1638 568 crucem

81 600 239 646 Christi
267 599 519 655 circumfert,
550 600 777 643 novissime
799 614 824 643 a
842 600 963 644 nobis
984 601 1195 657 recedens,
1225 601 1416 645 iterando
1436 602 1637 660 precepit,

79 681 128 723 ut
155 678 347 722 iusticiae
375 677 618 733 innitamur,
650 678 864 733 religionis
891 678 1071 722 formam
1093 679 1407 736 amplectamur,
1439 679 1638 724 ecclesiae

81 755 340 812 dignitatem,
370 756 490 811 regni
518 755 720 800 honorem
750 770 915 800 summa
945 756 1162 811 diligentia
1192 760 1397 801 tueamur.
1447 757 1532 802 Sub
1565 758 1638 802 ob-

80 836 200 879 tentu
235 834 364 889 igitur
399 833 534 891 patris
573 835 729 890 nostri,
770 834 843 891 qui
872 833 1050 878 Romani
1086 835 1255 892 imperii
1286 835 1533 891 dignitatem
1562 850 1639 894 per

82 915 228 957 extera
254 925 385 967 regna
412 911 596 955 traducit
626 915 681 968 et,
711 926 789 969 pro
821 911 1036 956 dilatanda
1066 912 1267 956 aecclesia
1297 927 1341 958 se
1367 914 1508 971 ipsum
1526 915 1639 972 peri-

81 989 186 1035 culis
224 989 415 1034 omnibus
451 1003 584 1046 usque
623 989 677 1033 ad
715 989 959 1034 effusionem
993 990 1213 1048 sanguinis
1241 992 1506 1049 exponendo,
1543 1006 1639 1050 per-

80 1071 254 1126 petuum
282 1067 427 1112 foedus
458 1080 554 1111 cum
585 1067 785 1111 aecclesia
813 1068 988 1126 pepigit,
1025 1069 1307 1126 patrocinium
1336 1073 1535 1126 vestrum,
1568 1071 1640 1127 qui

82 1145 298 1204 specialis⁵
328 1148 449 1203 pater
479 1145 677 1189 ecclesiae
708 1146 822 1202 estis,
854 1145 1109 1190 confidenter
1138 1147 1411 1203 requirimus3
1446 1148 1544 1205 quia
1574 1162 1639 1193 se-

81 1223 264 1268 cundum
293 1223 431 1268 Deum
461 1227 504 1267 et
532 1223 666 1281 patris
695 1224 832 1267 nostri
861 1227 1107 1282 preceptum
1137 1226 1385 1282 paternitati
1404 1229 1567 1271 vestrae
1593 1227 1640 1270 in

82 1302 274 1347 omnibus
304 1302 472 1346 obedire
500 1301 640 1359 parati
671 1315 828 1345 sumus.

83 1443 166 1492 43.
198 1445 414 1504 Enyenius
431 1446 506 1490 III
520 1462 642 1504 papa
671 1446 870 1490 Heinrioo
891 1447 1179 1490 Romanorum
1207 1449 1297 1505 φερέ
1327 1462 1446 1506 opem
1477 1456 1515 1491 et
1544 1465 1639 1492 con-

199 1524 335 1567 silium
360 1524 590 1582 pollicetur.
1453 1524 1526 1579 (M.
1549 1526 1638 1581 55.)

199 1612 413 1669 Eugenius
453 1614 673 1671 episcopus
712 1626 855 1657 servus
895 1626 1111 1657 servorum
1148 1613 1229 1658 Dei
1265 1613 1351 1658 filio
1391 1615 1437 1658 in
1473 1615 1639 1660 Christo

83 1690 233 1736 dilecto
264 1690 445 1735 Henrico
475 1692 630 1735 iuniori
659 1691 943 1735 Romanorum
971 1692 1075 1748 regi,
1106 1693 1218 1748 regis
1248 1692 1425 1737 illustris
1457 1693 1641 1738 Cunradi

82 1768 182 1826 filio,
213 1768 392 1813 salutem
423 1772 465 1813 et
495 1769 768 1827 apostolicam
796 1769 1141 1814 benedictionem.

203 1845 414 1891 Genitoris
450 1847 514 1890 tui
551 1847 815 1892 devotionem
851 1861 950 1904 erga
979 1848 1149 1892 beatum
1178 1848 1350 1892 Petrum
1380 1852 1422 1893 et
1452 1852 1641 1894 sanctam

82 1924 315 1969 Romanam
353 1924 597 1969 aecclesiam
635 1925 895 1970 attendentes
936 1929 998 1982 et,
1038 1926 1148 1982 quod
1187 1926 1329 1970 divina
1365 1927 1641 1984 inspiratione

83 2006 368 2061 compunctus,
401 2007 615 2061 assumpto
649 2003 759 2047 vitae
789 2003 1016 2060 signaculo,
1048 2004 1102 2048 ad
1131 2004 1271 2048 hostes
1300 2003 1397 2048 fidei
1418 2005 1641 2061 subiugan-

83 2081 158 2125 dos
190 2084 232 2125 et
261 2081 509 2125 catholicam
540 2081 784 2126 aecclesiam
815 2081 1072 2126 dilatandam
1103 2096 1147 2126 se
1178 2082 1358 2126 viriliter
1388 2086 1430 2127 et
1448 2087 1641 2141 potenter

84 2159 285 2215 accinxit,
324 2173 401 2216 pre
432 2159 561 2203 oculis
593 2160 728 2203 cordis
758 2159 981 2216 habentes,
1017 2163 1218 2217 tanquam
1248 2161 1411 2205 viscera
1441 2176 1517 2205 sua
1546 2176 1641 2220 spe-

84 2236 183 2281 ciali
226 2240 268 2281 te
311 2236 527 2281 affectione
565 2237 878 2295 complectimur
916 2241 957 2282 et
994 2238 1045 2282 de
1084 2238 1197 2282 illius
1235 2238 1425 2283 absentia
1461 2240 1642 2296 quodam

83 2315 227 2372 modo,
264 2319 465 2372 tanquam
502 2329 622 2358 suam
657 2315 703 2358 in
739 2319 781 2359 te
816 2319 1032 2360 cernentes
1063 2316 1322 2374 ymaginem,
1362 2317 1637 2362 consolamur.

82 2393 311 2452 Propterea
339 2393 511 2437 nuncios
545 2396 587 2437 et
615 2392 777 2437 litteras
805 2397 898 2437 tuas
925 2397 1103 2451 paterna
1130 2394 1387 2450 benignitate
1406 2396 1639 2452 recepimus

0 2493 13 2529 χ
85 2475 140 2528 et,
172 2472 282 2528 quod
311 2472 357 2515 in
383 2472 502 2515 annis
524 2470 801 2515 tenerioribus
833 2472 1096 2528 constitutus,
1128 2475 1170 2515 te
1199 2476 1443 2530 promptum
1474 2486 1564 2517 esse
1587 2474 1641 2517 ad

86 2549 362 2594 exhibendam
393 2549 590 2593 ecclesiae
617 2548 829 2593 Romanae
860 2562 908 2592 ac
936 2549 1057 2593 nobis
1089 2549 1368 2593 obedientiam
1397 2550 1481 2594 tuis
1512 2550 1640 2607 apici-

87 2626 164 2672 bus
194 2627 413 2683 intimasti,
444 2630 610 2683 gratum
640 2626 861 2670 habuimus
894 2629 935 2670 et
963 2626 1178 2682 habemus,
1210 2631 1440 2684 sperantes,
1471 2631 1519 2671 ut
1546 2641 1641 2672 cum

0 2758 3 2762 ,
87 2705 236 2749 aetatis
266 2708 363 2750 tuae
392 2706 648 2750 incremento
675 2703 796 2747 firma
816 2703 1048 2747 devotionis
1071 2707 1113 2747 et
1133 2704 1321 2761 obsequii
1340 2706 1403 2749 tui
1423 2705 1640 2751 sinceritas

87 2797 186 2839 erga
215 2783 356 2827 sedem
381 2783 653 2840 apostolicam
674 2782 921 2839 propensius
943 2785 1155 2837 augeatur.
1203 2781 1322 2826 Unde
1344 2783 1640 2841 omnipotentis

12 2894 24 2897 ⁴
87 2859 167 2905 Dei
203 2874 429 2918 supernam
467 2874 686 2904 exoramus
725 2859 1009 2915 clementiam,
1048 2863 1096 2903 ut
1126 2859 1214 2903 dies
1246 2863 1288 2904 et
1318 2864 1434 2905 actus
1464 2864 1557 2906 tuos
1588 2862 1639 2907 de

183 2964 209 2985 a.
237 2952 311 2995 spfil'
332 2956 401 2986 cod.

1677 293 1767 330 1147

1661 343 1790 374 c.huflo

1695 1622 1785 1657 1147

1664 1671 1816 1702 clun.22
