1924 3288
589 198 789 229 wmALm
818 197 1041 229 EPISTOLA
1072 197 1143 228 294.
1563 186 1650 230 421

80 294 318 339 versatione
359 293 476 349 digni
517 294 766 350 existerent,
815 308 918 350 quos
959 293 1131 351 speciali
1169 293 1450 337 fraternitatis
1488 293 1655 338 vinculo
1729 297 1823 334 1150

79 372 259 416 fratrum
290 372 464 428 collegio
497 373 668 417 deberet
691 387 931 428 aggregare.
974 372 1133 415 Verum
1153 371 1237 429 ipsi
1266 385 1352 415 non
1375 371 1512 416 solum
1533 386 1655 417 enor-
1675 347 1881 388 Sept.-00t.

79 450 204 495 miter
223 451 435 507 vivebant,
468 454 533 495 set
564 451 693 495 etiam
723 452 834 494 inter
863 450 1089 494 monachos
1111 449 1474 494 Walciodorenses
1506 454 1547 494 et
1568 451 1654 495 Ha-

79 528 304 572 sterienses
341 533 465 586 atque
495 529 636 587 ipsum
668 529 862 573 abbatem
895 528 1093 572 scandala
1123 531 1164 572 et
1195 528 1425 572 discordias
1458 533 1653 573 accurato

77 607 215 651 studio
247 607 463 662 serebant3
495 608 557 651 ita
587 610 647 663 ut,
678 608 866 664 proiecto
897 607 1111 650 interdum
1143 620 1261 650 sacro
1278 597 1281 600 Δ
1296 609 1337 650 et
1366 607 1551 663 regulari
1577 608 1653 652 ha-

75 685 188 741 bitu,
229 686 357 729 armis
389 686 586 742 accincti,
617 686 904 743 possessiones
936 684 1298 729 Walciodorenses
1331 685 1581 730 invaderent
1611 690 1654 731 et

74 763 275 808 terminos
295 764 486 821 ipsorum
507 764 687 820 absque⁶
708 763 795 806 ulla
815 764 919 807 iuris
942 763 1173 807 assertione
1195 763 1489 808 convellerent.
1533 764 1653 816 Quod

75 855 169 885 cum
209 842 337 886 abbas
377 842 586 898 corrigere
634 842 705 885 diu
745 841 1052 885 dissimulasset
1100 845 1142 885 et
1179 842 1359 885 orientia
1393 842 1508 885 mala
1544 843 1652 887 falce

73 920 265 964 iusticiae
284 933 474 964 resecare
497 920 742 976 distulisset,
767 920 952 976 tandem,
975 923 1118 964 nostro
1142 923 1183 963 et
1203 920 1454 963 coabbatum
1477 934 1651 965 suorum

74 998 248 1042 consilio
280 999 556 1054 ammonitus,
590 998 821 1056 capitulum
852 999 1029 1042 intravit
1059 998 1396 1042 Hasteriensium
1430 1002 1483 1054 et,
1516 999 1649 1043 fretus

75 1078 323 1121 auctoritate
371 1080 661 1121 sacrosanctae
707 1076 878 1132 regulae
924 1077 1038 1120 beati
1067 1077 1202 1134 patris
1240 1077 1376 1119 nostri
1414 1076 1648 1134 Benedicti,

74 1155 183 1199 dixit
211 1155 386 1199 honeste
417 1155 589 1199 advenis
623 1159 664 1199 et
693 1155 944 1213 hospitibus,
975 1155 1115 1198 litium
1145 1154 1482 1211 seminatoribus,
1514 1158 1562 1199 ut
1580 1169 1647 1199 re-

73 1234 281 1278 cederent.
323 1233 443 1286 Quod
471 1234 556 1277 illis
586 1234 723 1278 facere
755 1234 1084 1277 detrectantibus
1117 1236 1158 1277 et
1182 1234 1366 1277 convitia
1384 1234 1430 1276 in
1452 1234 1647 1277 abbatem

72 1313 340 1370 impudenter
375 1312 646 1368 iacientibus,
684 1313 875 1370 precepit
911 1312 1026 1368 aliis,
1065 1325 1119 1355 ne
1151 1325 1222 1355 eos
1253 1312 1299 1355 in
1330 1313 1539 1355 consortio
1572 1326 1647 1356 suo

71 1391 303 1435 retinerent
334 1394 388 1447 et,
422 1391 622 1448 quamdiu
653 1391 734 1434 duo
765 1390 829 1433 illi
858 1391 972 1434 intra
1001 1390 1249 1434 monasterii
1274 1390 1370 1433 edes
1391 1390 1646 1447 habitarent,

73 1468 125 1512 ab
157 1467 304 1512 officiis
337 1469 491 1513 divinis
523 1483 667 1513 omnes
698 1483 872 1526 prorsus
904 1469 1175 1513 abstinerent.
1220 1468 1416 1512 Ceterum
1443 1468 1529 1525 ipsi
1549 1482 1648 1512 con-

72 1547 184 1590 versi
214 1550 313 1590 sunt
341 1548 387 1590 in
418 1561 561 1591 arcum
591 1545 795 1606 pravum¹
827 1551 869 1591 et
897 1548 942 1590 in
973 1550 1151 1604 utroque
1183 1546 1353 1590 obedire
1384 1550 1647 1605 contempse-

71 1627 183 1681 runt,
215 1628 304 1668 tam
334 1625 448 1682 illos,
484 1627 555 1682 qui
585 1626 691 1670 iussi
727 1626 895 1669 fuerant
927 1626 1091 1681 egredi,
1125 1625 1369 1681 detinendo,
1404 1640 1530 1682 quam
1560 1625 1646 1670 illis

71 1703 336 1760 presentibus
369 1707 411 1748 et
441 1717 536 1748 011111
565 1704 651 1748 illis
682 1693 827 1747 divina
858 1703 996 1747 officia
1026 1706 1184 1747 temere
1217 1704 1463 1747 exercendo.
1517 1703 1645 1760 Quae,

70 1784 120 1824 ut
156 1795 285 1838 supra
323 1782 528 1838 diximus,
567 1782 753 1825 violenta
787 1796 872 1825 non
903 1782 993 1826 sine
1025 1782 1156 1825 divini
1187 1782 1370 1825 nominis
1403 1785 1647 1840 contemptu

70 1860 332 1917 presumptio
365 1860 418 1903 ad
438 1859 715 1904 Leodiensem
747 1858 965 1904 ecclesiam
996 1859 1160 1916 perlata
1191 1863 1254 1903 est
1286 1863 1327 1903 et
1358 1860 1557 1903 canonico
1580 1861 1646 1904 iu-

71 1938 179 1982 dicio
219 1938 360 1982 debita
399 1938 762 1982 animadversione
801 1941 865 1982 est
900 1938 1062 1995 punita.
1186 1938 1306 1981 Hanc
1344 1951 1513 1981 causam
1550 1952 1646 1982 cum

71 2016 342 2061 excellentiae
373 2020 538 2061 vestrae
577 2031 654 2074 per
689 2017 853 2060 litteras
894 2019 936 2060 et
965 2017 1166 2060 nuncium
1196 2017 1571 2060 insinuavissemus
1603 2020 1646 2061 et

71 2094 282 2152 supplices
312 2107 459 2152 preces
479 2109 556 2152 pro
579 2098 692 2139 statu
711 2095 860 2139 matris
881 2098 1050 2139 nostrae
1070 2094 1424 2139 Walciodorensis
1446 2095 1646 2139 ecclesiae

70 2176 234 2216 vestrae
265 2173 548 2228 magnitudini
580 2173 885 2229 effudissemus,
916 2173 1078 2230 placuit
1108 2173 1348 2217 celsitudini
1372 2176 1540 2217 vestrae
1569 2187 1644 2217 no-

71 2253 184 2295 strae
222 2251 425 2307 parvitati
462 2251 713 2307 rescribere,
752 2255 801 2294 ut
838 2252 1064 2295 monachos
1104 2251 1396 2295 Hasterienses
1427 2251 1645 2296 voluntate

72 2342 121 2372 ac
140 2329 230 2372 vice
251 2331 392 2372 vestra
420 2329 778 2386 compelleremus,
810 2330 995 2374 debitam
1012 2329 1293 2374 reverentiam
1313 2329 1645 2374 Walciodorensi

71 2406 243 2450 cenobio
275 2410 317 2450 et
348 2407 489 2450 abbati
522 2421 595 2450 suo
628 2404 860 2451 exhibere².
978 2407 1174 2452 Ceterum
1204 2421 1295 2463 nos,
1330 2409 1401 2464 qui
1431 2408 1571 2465 parati
1602 2411 1645 2451 et

73 2485 248 2529 accincti
285 2499 429 2528 sumus
468 2485 513 2528 in
552 2484 761 2540 legatione
793 2485 950 2528 domini
981 2486 1116 2529 nostri
1145 2486 1256 2541 regis
1288 2485 1516 2542 proficisci,
1554 2489 1643 2528 tam

71 2563 259 2606 molestis
290 2563 470 2618 negotiis
500 2576 763 2619 nequaquam
797 2562 1007 2619 implicari
1036 2563 1262 2619 potuimus.
1312 2563 1385 2606 Set
1413 2563 1526 2606 idem
1557 2563 1642 2606 Η3-

73 2641 295 2684 sterienses
328 2641 382 2684 ad
402 2655 475 2684 vos
506 2640 684 2698 profecti
714 2637 900 2683 litteras³
933 2640 985 2683 ad
1017 2640 1211 2684 abbatem
1243 2655 1364 2684 suum
1393 2640 1641 2696 retulerunt,

73 2722 212 2762 vestro
241 2719 411 2762 nomine
442 2718 632 2762 titulatas
665 2721 707 2761 et
737 2717 874 2773 sigillo
899 2720 1037 2761 vestro
1069 2719 1270 2773 signatas,
1303 2718 1431 2774 quas¹³
1465 2718 1516 2762 ab
1548 2732 1643 2761 eru-

74 2796 231 2840 ditione
251 2799 393 2840 vestra
422 2797 680 2854 conscriptas
713 2799 754 2839 et
784 2795 903 2839 datas
934 2809 1197 2852 nequaquam
1229 2796 1400 2840 credere
1426 2796 1640 2853 potuimus

170 2912 197 2933 a.
226 2904 315 2943 atque
338 2916 364 2935 c.
446 2904 476 2934 b.
507 2913 595 2943 quam
617 2916 643 2933 c.

170 2961 202 2997 1.
227 2961 288 2997 Ps.
306 2962 362 3006 77,
380 2962 436 2997 57.
527 2963 561 2997 2.
586 2961 631 2998 V.
651 2971 707 3006 ep.
726 2961 794 2997 291
813 2970 924 3006 supra
940 2970 975 3007 p.
990 2959 1070 2996 418.
1157 2961 1193 2998 3.
1220 2971 1276 3008 ep.
1291 2961 1361 2998 293
1378 2971 1490 3010 supra
1504 2972 1542 3012 p.
1554 2961 1639 3002 419.
