1924 3288
303 164 386 208 168
754 177 760 181 ·
816 174 1013 205 wmALm
1040 172 1260 205 merom
1285 173 1337 204 ⁹4.

184 272 276 310 1148
301 270 532 326 degustata,
564 269 616 314 de
637 269 789 313 futuris
810 267 935 312 anxie
961 267 1132 311 timetis.
1181 267 1264 311 Sed
1284 266 1543 314 Stabulensis
1570 268 1771 315 aeccle&
1788 293 1848 318 -τ-

301 361 407 404 quae
435 361 511 391 nos
541 347 673 391 lacteo
703 345 873 403 pietatis
905 344 1102 390 alimento
1131 345 1311 389 nutrivit
1339 348 1402 402 et,
1443 346 1594 391 delicta
1620 347 1849 393 iuventuti!

298 427 467 469 nostrae
499 428 540 468 et
568 423 827 480 ignorantias
857 426 1022 467 nostras
1051 436 1138 467 non
1165 423 1459 479 reminiscens,
1496 437 1597 480 nos,
1626 425 1664 469 ei
1694 438 1786 482 qua«
1802 425 1851 470 in

299 502 530 560 prelatione
561 501 825 545 existimatur
855 501 1057 557 dignitas,
1095 500 1149 544 ad
1178 514 1387 544 summum
1418 501 1485 545 sui
1511 502 1727 558 regiminis
1752 504 1851 559 gm-

300 581 399 624 dum
428 579 622 637 provexit
647 603 705 608 —
733 579 904 622 interim
935 579 1034 622 dum
1063 578 1182 622 vobis
1206 578 1451 635 militamus,
1479 579 1782 638 multiplicibus
1796 593 1852 625 ’ω

298 656 604 702 miserabilibus
634 656 769 716 modis
799 657 845 700 in
873 657 1018 715 preda,
1048 657 1094 700 in
1123 656 1341 712 incendiiS,
1372 656 1418 700 in
1449 657 1671 709 cotidiana
1685 657 1849 716 rapina,

298 737 344 779 in
373 735 542 779 cedibus
571 734 756 778 lacerata
785 737 860 778 est.
907 733 977 778 Ad
1007 747 1110 791 quas
1141 734 1415 778 contriciones
1445 734 1666 792 sanandas,
1694 749 1750 780 ex
1766 749 1851 794 quo

300 828 326 857 a
355 813 505 856 domno
535 825 647 870 papa
675 812 936 868 recessimus,
966 811 1056 855 Deo
1085 811 1272 869 propicio
1291 812 1413 856 nobis
1435 812 1488 856 ad
1506 793 1851 870 precesfratrum

298 893 537 934 nostrorum
566 890 612 934 in
642 889 895 933 adiutorium
925 892 1116 933 nostrum
1146 889 1410 946 intendente,
1440 903 1527 933 non
1555 889 1774 936 inutiliter·
1787 889 1852 937 laa.

297 968 558 1023 boravimus3
599 971 642 1012 et
672 967 957 1011 circumdante
986 980 1064 1011 nos
1096 970 1212 1011 scuto
1243 967 1408 1011 divinae
1437 966 1621 1025 gratiae,
1658 966 1850 1013 inimicos

299 1044 536 1101 aecclesiae,
568 1058 644 1088 sua
671 1045 951 1102 prosperitate
980 1045 1209 1089 inebriatos
1230 1047 1272 1088 et
1290 1045 1414 1089 rebus
1435 1058 1669 1102 pauperum
1686 1048 1851 1090 nesta-o-

296 1136 393 1166 rum
437 1122 611 1179 ditatos,
659 1122 736 1166 sub
778 1122 924 1178 iugum
961 1122 1292 1166 aecclesiasticae
1329 1122 1574 1180 disciplinae
1610 1122 1852 1169 humiliatos

297 1200 479 1244 vidimus
520 1203 562 1244 et
597 1202 816 1257 querentes
845 1200 1107 1244 reconciliari
1138 1199 1383 1256 aecclesiae,
1422 1213 1548 1257 quam
1577 1198 1850 1246 offenderunt

300 1277 373 1323 Set
410 1278 606 1335 quoniam
646 1291 772 1322 causa
811 1276 991 1322 difficilis
1031 1279 1094 1321 est
1131 1280 1172 1320 et
1205 1277 1252 1320 in
1277 1277 1360 1321 hac
1387 1277 1701 1335 perturbatione
1729 1277 1852 1324 multi-

298 1359 386 1400 tam
415 1356 461 1399 in
490 1356 681 1413 personis
713 1369 841 1412 quam
869 1355 916 1399 in
945 1355 1069 1399 rebus
1100 1354 1186 1398 suis
1217 1355 1400 1410 graviter
1431 1354 1578 1399 offensi
1604 1358 1716 1412 sunt,
1747 1369 1856 1414 opus

298 1433 512 1492 plenariae
548 1433 900 1478 reconciliationis
937 1433 1163 1490 procedere
1202 1433 1253 1476 de
1282 1432 1396 1476 facili
1424 1446 1509 1476 non
1538 1433 1701 1491 potuit;
1733 1433 1855 1478 cuius

298 1511 424 1556 finem
462 1511 586 1568 adeo,
627 1511 679 1555 de
716 1511 854 1567 gratia
882 1510 963 1555 Dei
998 1509 1271 1566 confidentes,
1309 1510 1592 1568 propinquum
1621 1519 1852 1569 speramus,¹

298 1593 365 1645 ut,
403 1589 528 1634 rebus
566 1588 808 1646 compositis
856 1592 898 1632 et
933 1588 1115 1646 pacatis,
1162 1588 1347 1646 expediti
1386 1588 1440 1632 ad
1477 1602 1552 1632 vos
1593 1591 1636 1632 et
1673 1588 1855 1634 absoluti

300 1668 456 1724 absque
493 1666 712 1725 prolixiori
746 1680 866 1710 mora
894 1666 1032 1710 redire
1060 1665 1287 1710 valeamus.
1333 1665 1503 1710 Etenim
1531 1666 1714 1711 transite
1739 1680 1855 1712 nunc

300 1746 353 1789 ad
382 1759 478 1800 vos,
514 1758 598 1788 non
629 1747 740 1788 esset
768 1744 886 1788 vobis
917 1743 1152 1800 consulere,
1185 1744 1258 1788 sed
1289 1743 1581 1788 Stabulensem
1609 1743 1852 1789 aecclesiam

298 1823 479 1880 turpiter
510 1826 552 1866 et
582 1835 678 1866 cum
706 1825 808 1866 nota
826 1821 992 1877 fugitivi
1013 1821 1216 1865 deserere.
1262 1820 1350 1864 Nec
1369 1821 1463 1865 ideo
1483 1821 1711 1879 tardamus,
1738 1822 1853 1879 quod

298 1904 395 1958 post
423 1900 578 1944 multos
607 1899 772 1944 labores
805 1902 847 1942 et
877 1898 1190 1954 sollicitudines,
1223 1899 1372 1955 quibus
1403 1899 1489 1942 iam
1517 1898 1641 1955 longo
1664 1902 1852 1961 tempore

297 1978 479 2036 inpliciti
507 1978 677 2034 fuimus,
709 1977 897 2034 requiem
915 1976 1036 2021 nobis
1061 1980 1103 2020 et
1126 1976 1383 2021 curationem
1403 1977 1718 2034 provideamus3
1734 1991 1853 2035 ¹‹1110-

298 2056 414 2100 niam
452 2056 477 2100 a
513 2055 742 2113 primordio
782 2057 950 2099 nostrae
988 2054 1262 2112 promotionis
1299 2068 1512 2111 nunquam
1545 2058 1633 2099 tam
1663 2055 1852 2101 assiduas

300 2136 342 2177 et
372 2133 503 2177 animi
534 2136 576 2177 et
606 2133 793 2190 corporis
817 2132 1082 2188 fatigationes
1102 2131 1363 2190 pertulimus.
1457 2131 1612 2176 Caveat
1629 2132 1853 2190 prudentia

298 2214 460 2267 vestra,
500 2224 554 2254 ne
592 2224 755 2266 rumor,
795 2210 867 2267 qui
904 2210 954 2254 de
990 2212 1131 2254 monte
1167 2213 1308 2254 vestro
1339 2209 1626 2254 Brunesberch
1655 2210 1850 2267 agitatur,

301 2289 352 2333 ab
382 2289 448 2332 his
481 2288 618 2332 alatur
649 2291 691 2332 et
722 2290 935 2344 augeatur,
973 2288 1043 2344 qui
1071 2301 1149 2332 nos
1181 2287 1365 2332 eiusdem
1393 2287 1546 2332 montis
1577 2285 1738 2332 edificio
1765 2301 1853 2341 non

301 2367 458 2423 absque
494 2379 646 2422 magno
682 2366 824 2411 labore
863 2368 906 2410 et
942 2366 1118 2423 inpensa
1155 2365 1311 2410 involvi
1346 2365 1595 2410 desiderant.
1716 2364 1852 2423 Super

301 2445 474 2499 damno,
512 2443 623 2500 quod
652 2443 813 2487 civibus
845 2446 887 2487 et
916 2443 1259 2488 ministerialibus
1289 2443 1441 2487 nostris
1473 2442 1524 2486 de
1553 2441 1725 2486 Huxera
1753 2455 1851 2487 con-

300 2522 418 2578 tigit,
454 2521 575 2565 valde
606 2520 814 2577 dolenteS‚
855 2521 1006 2565 domno
1037 2534 1171 2580 papae
1202 2520 1503 2578 querimoniam
1533 2519 1608 2564 sub
1638 2519 1850 2565 celeritate

300 2599 623 2655 transmisimus,
655 2602 836 2654 orantes,
867 2602 914 2642 ut
945 2599 1171 2643 secundum
1199 2598 1377 2643 formam
1402 2597 1558 2641 decreti
1578 2597 1603 2640 a
1623 2611 1668 2641 se
1687 2597 1733 2642 in
1752 2610 1849 2643 con-

302 2677 397 2721 cilio
427 2676 623 2721 Remensi
661 2679 850 2721 recenter
886 2676 1102 2720 constituti
1139 2709 1150 2720 .
1174 2709 1184 2720 .
1208 2709 1219 2720 .
1243 2683 1278 2720 .·
1309 2675 1522 2720 dominum
1551 2678 1743 2719 nostrum
1770 2674 1851 2720 Pa-

301 2754 644 2799 therbornensem
677 2751 942 2812 episcopum¹
969 2753 1190 2810 diligenter
1219 2756 1497 2808 commoneat,
1537 2753 1732 2809 quatinus
1751 2752 1850 2798 Ful-

396 2864 423 2885 ι.
451 2856 564 2886 lacuna
585 2857 616 2885 ιἰι
638 2855 707 2886 cod.

396 2918 430 2955 1.
452 2917 715 2955 Bernhardum.
