1884 3242
249 176 276 219 6
793 190 1080 222 ‘mausum-10
1111 190 1147 222 8.
1168 191 1263 223 vm

36 283 223 321 752—768
249 281 338 325 eius
367 279 587 339 passione¹
616 283 905 340 perlegissent,
941 285 1041 328 totis
1072 284 1232 329 viribus
1260 284 1340 329 hoc
1369 299 1494 342 agere
1521 287 1809 346 decreverunt,

247 361 296 402 ut
331 371 428 403 cum
464 359 722 416 reliquorum
758 364 994 418 martyrum
1030 361 1220 419 reliquiis
1256 363 1302 406 in
1331 357 1507 408 basilica
1542 366 1690 411 nancti·
1703 365 1810 412 mo-

246 436 359 493 nysii
388 441 627 494 poneretur.
692 437 774 481 Sed
803 438 894 492 ille,
925 439 999 494 qui
1028 452 1100 483 eas
1129 440 1416 497 transtulerat,
1448 454 1618 488 omnem
1641 443 1807 489 herodi-

246 515 378 557 tatem
408 527 529 557 suam
560 528 686 570 seque
716 527 811 557 cum
840 515 945 572 ipsis
972 516 1161 573 reliquiis
1184 517 1336 562 Sancto
1356 518 1560 577 Dionysio
1579 521 1692 565 traffi
1708 534 1809 580 pre-q

245 590 438 646 mittens,
477 591 647 635 tandem
689 591 889 647 obtinuit,
927 595 976 636 ut
1011 593 1058 637 in
1093 594 1207 651 loco,
1249 609 1330 652 quo
1364 596 1528 653 positae
1557 601 1709 654 erant,
1732 612 1808 644 eu

244 681 415 712 manere
443 668 750 726 permitterent.
798 668 956 714 Mansit
985 675 1126 716 autem
1153 673 1199 716 in
1231 673 1376 717 eodem
1405 673 1497 718 loco
1526 687 1679 733 corpus
1706 676 1810 721 bea».

149 753 218 788 836
243 746 398 788 tissimi
427 746 627 802 martyris
656 759 789 802 usque
819 747 874 790 ad
903 761 1060 792 annum
1090 750 1146 793 23
1176 751 1358 807 piissimi
1379 752 1647 809 imperatoris
1665 752 1808 798 Ludo*

242 822 326 866 vici
361 826 404 866 et
433 823 825 878 octingentesimum
853 825 1115 870 tricesimum
1145 831 1311 872 sextum
1339 829 1642 875 incarnationis
1670 831 1806 877 ‹huni-

241 899 373 943 nicae.
466 899 550 943 Sed
578 900 826 958 priusquam
855 903 910 946 ad
938 903 1030 960 hoc,
1062 905 1240 961 qualiter
1266 919 1418 964 corpus
1444 908 1581 952 sancti
1604 910 1810 968 ωηεν

240 977 431 1034 partibus
466 977 674 1022 Saxoniae
702 979 953 1024 translatum
985 982 1053 1038 sit,
1084 983 1173 1026 vel’
1204 983 1383 1039 qualiter
1408 985 1585 1030 virtutes
1610 998 1802 1044 per-em

240 1053 447 1098 Dominus
477 1055 524 1098 in
552 1055 646 1112 ipso
675 1056 827 1102 itinere
857 1059 1075 1104 ostendere
1102 1060 1298 1116 dignatus
1320 1066 1397 1118 est,
1428 1063 1557 1108 verba
1574 1066 1802 1121 vel-tunm,

241 1131 415 1187 dignum
444 1132 661 1189 duximuS‚
700 1137 749 1178 ut
779 1135 831 1179 de
862 1136 951 1180 eius
981 1135 1250 1181 monasterii²
1281 1140 1610 1198 constructione,
1647 1142 1722 1187 ubi
1743 1142 1808 1187 aad>

239 1223 439 1266 praesens
470 1211 684 1266 quiescere
713 1212 894 1269 videtur,
926 1213 1085 1270 aliquid
1113 1215 1298 1260 breviter
1328 1217 1529 1262 dicamus.

145 1292 214 1328 768
360 1286 463 1331 Post
492 1288 653 1332 obitum
672 1303 854 1346 namque
873 1291 1125 1336 nobilissimi
1145 1294 1256 1349 regis
1277 1293 1462 1352 Pippini,
1493 1295 1672 1340 Karolus
1690 1295 1809 1342 filiu

238 1364 327 1408 eius
356 1379 533 1420 regnum
564 1366 745 1410 obtinuit
773 1367 1031 1412 Francorum
1061 1370 1316 1414 universum.
1364 1371 1443 1416 Cui
1471 1372 1681 1418 Dominus
1706 1377 1802 1420 tm-

238 1445 326 1486 tam
356 1443 534 1487 contulit
562 1444 764 1488 virtutem
794 1448 919 1502 atque
939 1447 1185 1504 potentiam,
1215 1452 1265 1492 ut
1282 1462 1367 1492 non
1388 1449 1524 1494 solum
1543 1450 1810 1497 Francorum

237 1534 414 1576 regnum
443 1524 612 1565 strenue
642 1522 896 1577 gubernaret
925 1524 1000 1567 sed
1029 1525 1158 1568 etiam
1186 1525 1341 1570 multas
1363 1526 1638 1573 barbarorum
1654 1533 1801 1586 gentos

236 1596 560 1656 circumquaque
581 1600 833 1655 subiugaret.
863 1600 986 1645 Unde
1005 1602 1164 1646 factum
1185 1606 1263 1659 est,
1282 1607 1332 1647 ut
1351 1608 1518 1660 gentem
1534 1605 1805 1666 Saxonicum,

237 1689 344 1732 quae
382 1676 483 1719 olim
523 1681 670 1721 contra
699 1677 882 1722 Francos
918 1679 1170 1736 rebellabat,
1209 1695 1295 1725 non
1333 1682 1469 1726 solum
1508 1697 1583 1727 suo
1613 1685 1812 1732 dominin-

26 1762 213 1799 772—803
237 1754 471 1809 subegisset
501 1754 575 1798 sed
606 1758 648 1798 et
673 1755 872 1799 mellifluo
895 1755 1052 1800 Christi
1071 1758 1233 1801 nomini
1253 1759 1393 1803 dicare
1410 1761 1645 1806 meruisset.
1689 1762 1811 1813 Nam*

237 1834 280 1874 et
307 1831 419 1875 hunc
446 1831 542 1875 ideo
572 1845 675 1890 prae
705 1833 897 1877 omnibus
928 1834 1168 1878 christianis
1198 1837 1366 1892 regibus
1395 1839 1736 1895 potentissimum
1751 1840 1809 1888 in,

235 1908 356 1952 bellis
381 1908 513 1953 fuisse
533 1910 756 1966 credimus,
789 1910 900 1967 quia,
933 1925 1035 1968 quos
1057 1927 1132 1956 suo
1154 1914 1339 1958 dominio
1360 1915 1621 1973 subiugabat,
1640 1916 1811 1962 Christi

235 1986 398 2030 nomini
427 1986 660 2031 dedicabat.
709 1987 816 2032 Cum
847 1992 986 2032 autem
1015 1990 1205 2047 requiem
1233 1993 1515 2049 praestitisset
1535 1994 1573 2039 ei
1592 1994 1810 2040 Domus

237 2077 264 2107 a
292 2063 576 2121 compluribus
613 2066 813 2110 inimicis
834 2067 944 2122 suis,
982 2068 1228 2112 convocavit
1257 2083 1401 2114 omnes
1431 2071 1503 2128 qui
1533 2071 1610 2116 sub
1640 2072 1798 2118 1111110110

237 2155 313 2185 8113
350 2145 470 2185 erant
507 2142 688 2186 maiores
727 2144 963 2188 sacerdotes
1005 2148 1047 2188 et
1081 2146 1293 2203 principes
1333 2151 1457 2204 atque
1493 2149 1805 2196 studiosissime¹

237 2220 462 2276 quaesivit,
501 2221 708 2276 quomodo
739 2235 883 2265 veram
919 2221 1046 2266 fidem
1075 2237 1300 2280 veramque
1335 2225 1581 2281 religionem
1616 2226 1662 2271 in
1683 2228 1796 2272 runi-

236 2311 356 2341 verso
394 2311 523 2353 regno
564 2311 639 2341 suo
676 2297 876 2343 firmaret.
939 2299 1154 2352 Quaesivit
1191 2302 1319 2345 etiam
1356 2303 1628 2348 nihilominus
1658 2318 1807 2351 sacer-2

236 2375 354 2420 dotes
385 2375 517 2419 bonae
549 2376 652 2433 spei,
685 2390 787 2433 quos
818 2377 864 2420 in
895 2377 1124 2422 Saxoniam
1153 2379 1366 2436 dirigeret,
1402 2381 1474 2437 qui
1501 2381 1617 2439 ipsos
1647 2396 1795 2428 secuns-

236 2452 337 2496 dum
373 2452 698 2497 ecclesiasticam
733 2453 860 2498 fidem
897 2455 1094 2500 docerent
1129 2456 1379 2514 domosque¹²
1410 2458 1700 2517 episcoporum
1729 2464 1793 2505 et⁰

237 2530 432 2574 ecclesias
463 2531 776 2575 constituerent.
827 2531 910 2576 Sed
939 2546 1035 2577 cum
1065 2547 1230 2578 omnem
1260 2534 1448 2579 ordinem
1468 2536 1794 2583 ecclesiasticum

236 2608 280 2651 in
309 2607 384 2652 illa
412 2608 583 2664 regione
612 2609 873 2666 tradidisset,
906 2610 1086 2667 qualiter
1116 2611 1273 2656 ibidem
1300 2613 1575 2658 monasticam
1606 2615 1792 2677 discipli-

236 2685 359 2728 namd
387 2686 606 2730 instituere
636 2687 863 2743 potuisset,
898 2688 1086 2732 invenire
1115 2689 1322 2746 nequivit,
1352 2690 1457 2734 nisi·
1486 2694 1652 2736 tantum
1681 2694 1793 2750 quod

236 2761 348 2805 illius
386 2764 522 2819 gentis
564 2763 774 2820 homines,
821 2779 924 2822 quos
963 2766 1127 2810 obsides
1165 2770 1207 2810 et
1241 2767 1428 2825 captivos
1466 2771 1655 2827 tempore
1693 2783 1791 2815 con-

328 2871 355 2893 a.
378 2865 430 2894 unt
450 2865 480 2901 2,
502 2865 535 2895 ut
556 2865 586 2895 3.
647 2864 677 2895 b.
699 2864 806 2896 domos
827 2867 857 2896 2.
871 2867 902 2897 3.
963 2875 990 2897 0.
1012 2868 1102 2906 atque
1122 2868 1151 2898 2.
1166 2867 1195 2898 8.
1258 2867 1289 2898 d.
1309 2867 1484 2907 religionem
1498 2870 1527 2900 2.
1541 2870 1571 2901 8.
1633 2879 1662 2902 ο.
1682 2879 1745 2903 non
1757 2872 1803 2904 8.·

331 2927 364 2961 1.
389 2926 434 2962 V.
459 2937 570 2973 supra
593 2938 630 2974 p.
646 2927 680 2973 5,
705 2939 741 2964 n.
760 2929 792 2965 1.
887 2930 924 2966 2.
947 2929 1125 2967 corbeiae
1147 2939 1276 2967 novae.
