<?xml version="1.0" encoding="UTF-8"?>
<!DOCTYPE html PUBLIC "-//W3C//DTD XHTML 1.0 Transitional//EN"
    "http://www.w3.org/TR/xhtml1/DTD/xhtml1-transitional.dtd">
<html xmlns="http://www.w3.org/1999/xhtml" xml:lang="en" lang="en">
 <head>
  <title>
</title>
<meta http-equiv="Content-Type" content="text/html;charset=utf-8" />
  <meta name='ocr-system' content='tesseract 3.04.00' />
  <meta name='ocr-capabilities' content='ocr_page ocr_carea ocr_par ocr_line ocrx_word'/>
</head>
<body>
  <div class='ocr_page' id='page_1' title='image "bibliothecarerum01wattuoft_0590.png"; bbox 0 0 1924 3288; ppageno 0'>
   <div class='ocr_carea' id='block_1_1' title="bbox 305 179 1417 225">
    <p class='ocr_par' dir='ltr' id='par_1_1' title="bbox 305 179 1417 225">
     <span class='ocr_line' id='line_1_1' title="bbox 305 179 1417 225; baseline 0.002 -2"><span class='ocrx_word' id='word_1_1' title='bbox 305 179 394 223; x_wconf 79' lang='lat'><strong>572</strong></span> <span class='ocrx_word' id='word_1_2' title='bbox 749 191 947 224; x_wconf 71' lang='lat' dir='ltr'><strong>wmALm</strong></span> <span class='ocrx_word' id='word_1_3' title='bbox 975 192 1224 225; x_wconf 69' lang='lat' dir='ltr'><strong>nrls‘rom</strong></span> <span class='ocrx_word' id='word_1_4' title='bbox 1250 193 1322 225; x_wconf 75' lang='lat'><strong><em>48¹1.</em></strong></span> <span class='ocrx_word' id='word_1_5' title='bbox 1345 194 1417 225; x_wconf 76' lang='lat'><strong>438.</strong></span> 
     </span>
    </p>
   </div>
   <div class='ocr_carea' id='block_1_2' title="bbox 307 285 1861 425">
    <p class='ocr_par' dir='ltr' id='par_1_2' title="bbox 307 285 1861 425">
     <span class='ocr_line' id='line_1_2' title="bbox 307 285 1861 351; baseline 0.003 -19"><span class='ocrx_word' id='word_1_6' title='bbox 307 285 426 333; x_wconf 88' lang='grc'><strong>437.</strong></span> <span class='ocrx_word' id='word_1_7' title='bbox 453 287 666 330; x_wconf 76' lang='lat' dir='ltr'><strong><em>Adrianus</em></strong></span> <span class='ocrx_word' id='word_1_8' title='bbox 693 287 765 331; x_wconf 87' lang='lat' dir='ltr'><strong>IV</strong></span> <span class='ocrx_word' id='word_1_9' title='bbox 781 303 903 346; x_wconf 80' lang='lat' dir='ltr'><strong>papa</strong></span> <span class='ocrx_word' id='word_1_10' title='bbox 930 288 1117 333; x_wconf 73' lang='lat' dir='ltr'><strong>Wibaldo</strong></span> <span class='ocrx_word' id='word_1_11' title='bbox 1157 291 1346 344; x_wconf 77' lang='lat' dir='ltr'><strong>mandat,</strong></span> <span class='ocrx_word' id='word_1_12' title='bbox 1383 297 1431 334; x_wconf 76' lang='lat' dir='ltr'><strong>ut</strong></span> <span class='ocrx_word' id='word_1_13' title='bbox 1457 289 1861 351; x_wconf 48' lang='lat' dir='ltr'><strong>Berardinquet</strong></span> 
     </span>
     <span class='ocr_line' id='line_1_3' title="bbox 452 365 1859 425; baseline 0.005 -18"><span class='ocrx_word' id='word_1_14' title='bbox 452 365 629 408; x_wconf 78' lang='lat' dir='ltr'><strong>Rotense</strong></span> <span class='ocrx_word' id='word_1_15' title='bbox 648 366 896 409; x_wconf 75' lang='lat' dir='ltr'><strong>monasteria</strong></span> <span class='ocrx_word' id='word_1_16' title='bbox 915 365 1130 410; x_wconf 70' lang='lat' dir='ltr'><strong>Friderico</strong></span> <span class='ocrx_word' id='word_1_17' title='bbox 1151 368 1182 411; x_wconf 92' lang='lat' dir='ltr'><strong><em>I</em></strong></span> <span class='ocrx_word' id='word_1_18' title='bbox 1201 369 1292 425; x_wconf 70' lang='lat' dir='ltr'><strong>reyt&#39;</strong></span> <span class='ocrx_word' id='word_1_19' title='bbox 1317 369 1577 412; x_wconf 69' lang='lat' dir='ltr'><strong>commendet.</strong></span> <span class='ocrx_word' id='word_1_20' title='bbox 1644 366 1718 423; x_wconf 76' lang='grc' dir='ltr'><strong>(Μ,</strong></span> <span class='ocrx_word' id='word_1_21' title='bbox 1739 368 1859 425; x_wconf 77' lang='lat'>427.)</span> 
     </span>
    </p>
   </div>
   <div class='ocr_carea' id='block_1_3' title="bbox 143 453 1860 2070">
    <p class='ocr_par' dir='ltr' id='par_1_3' title="bbox 143 453 1860 2070">
     <span class='ocr_line' id='line_1_4' title="bbox 166 453 1860 511; baseline 0.007 -20"><span class='ocrx_word' id='word_1_22' title='bbox 166 454 258 491; x_wconf 90' lang='lat'>1155</span> <span class='ocrx_word' id='word_1_23' title='bbox 423 453 637 497; x_wconf 83' lang='lat' dir='ltr'><strong>Adrianus</strong></span> <span class='ocrx_word' id='word_1_24' title='bbox 677 453 896 511; x_wconf 84' lang='lat' dir='ltr'><strong>episeopus</strong></span> <span class='ocrx_word' id='word_1_25' title='bbox 933 468 1077 499; x_wconf 88' lang='lat' dir='ltr'><strong>servus</strong></span> <span class='ocrx_word' id='word_1_26' title='bbox 1113 469 1329 500; x_wconf 87' lang='lat' dir='ltr'><strong>servorum</strong></span> <span class='ocrx_word' id='word_1_27' title='bbox 1358 456 1440 501; x_wconf 89' lang='lat' dir='ltr'><strong>Dei</strong></span> <span class='ocrx_word' id='word_1_28' title='bbox 1469 456 1619 502; x_wconf 90' lang='lat' dir='ltr'><strong>dilecto</strong></span> <span class='ocrx_word' id='word_1_29' title='bbox 1647 456 1734 503; x_wconf 83' lang='lat' dir='ltr'><strong>filio</strong></span> <span class='ocrx_word' id='word_1_30' title='bbox 1764 457 1860 503; x_wconf 75' lang='lat' dir='ltr'><strong>Sta-</strong></span> 
     </span>
     <span class='ocr_line' id='line_1_5' title="bbox 143 504 1721 590; baseline 0.002 -14"><span class='ocrx_word' id='word_1_31' title='bbox 143 504 229 535; x_wconf 59' lang='lat' dir='ltr'><strong>mm&#39;</strong></span> <span class='ocrx_word' id='word_1_32' title='bbox 244 505 283 536; x_wconf 71' lang='lat'><strong>¹⁹</strong></span> <span class='ocrx_word' id='word_1_33' title='bbox 307 530 469 576; x_wconf 91' lang='lat' dir='ltr'><strong>bulensi</strong></span> <span class='ocrx_word' id='word_1_34' title='bbox 501 531 642 575; x_wconf 85' lang='lat' dir='ltr'><strong>abbati</strong></span> <span class='ocrx_word' id='word_1_35' title='bbox 672 531 850 575; x_wconf 88' lang='lat' dir='ltr'><strong>salutem</strong></span> <span class='ocrx_word' id='word_1_36' title='bbox 879 535 922 576; x_wconf 91' lang='lat' dir='ltr'><strong>et</strong></span> <span class='ocrx_word' id='word_1_37' title='bbox 951 533 1224 590; x_wconf 80' lang='lat' dir='ltr'><strong>apostolicam</strong></span> <span class='ocrx_word' id='word_1_38' title='bbox 1253 533 1596 579; x_wconf 81' lang='lat' dir='ltr'><strong>benedictionem.</strong></span> <span class='ocrx_word' id='word_1_39' title='bbox 1718 531 1721 534; x_wconf 69' lang='grc'>’</span> 
     </span>
     <span class='ocr_line' id='line_1_6' title="bbox 423 608 1860 658; baseline 0.004 -6"><span class='ocrx_word' id='word_1_40' title='bbox 423 608 543 653; x_wconf 87' lang='lat' dir='ltr'><strong>Licet</strong></span> <span class='ocrx_word' id='word_1_41' title='bbox 573 609 760 653; x_wconf 91' lang='lat' dir='ltr'><strong>omnium</strong></span> <span class='ocrx_word' id='word_1_42' title='bbox 789 609 1085 654; x_wconf 82' lang='lat' dir='ltr'><strong>aecclesiarum</strong></span> <span class='ocrx_word' id='word_1_43' title='bbox 1114 611 1235 655; x_wconf 89' lang='lat' dir='ltr'><strong>nobis</strong></span> <span class='ocrx_word' id='word_1_44' title='bbox 1265 623 1367 655; x_wconf 85' lang='lat' dir='ltr'><strong>cura</strong></span> <span class='ocrx_word' id='word_1_45' title='bbox 1396 614 1438 656; x_wconf 88' lang='lat' dir='ltr'><strong>et</strong></span> <span class='ocrx_word' id='word_1_46' title='bbox 1457 611 1692 657; x_wconf 84' lang='lat' dir='ltr'><strong>sollicitudo</strong></span> <span class='ocrx_word' id='word_1_47' title='bbox 1720 612 1860 658; x_wconf 69' lang='lat' dir='ltr'><strong>nnun-</strong></span> 
     </span>
     <span class='ocr_line' id='line_1_7' title="bbox 304 685 1860 746; baseline 0.004 -17"><span class='ocrx_word' id='word_1_48' title='bbox 304 689 415 742; x_wconf 87' lang='lat' dir='ltr'><strong>neat,</strong></span> <span class='ocrx_word' id='word_1_49' title='bbox 445 685 545 730; x_wconf 87' lang='lat' dir='ltr'><strong>licet</strong></span> <span class='ocrx_word' id='word_1_50' title='bbox 575 700 644 731; x_wconf 82' lang='lat' dir='ltr'><strong>eas</strong></span> <span class='ocrx_word' id='word_1_51' title='bbox 675 687 966 732; x_wconf 80' lang='lat' dir='ltr'><strong>universaliter</strong></span> <span class='ocrx_word' id='word_1_52' title='bbox 987 688 1210 732; x_wconf 85' lang='lat' dir='ltr'><strong>debeamus</strong></span> <span class='ocrx_word' id='word_1_53' title='bbox 1240 688 1474 746; x_wconf 84' lang='lat' dir='ltr'><strong>defendere,</strong></span> <span class='ocrx_word' id='word_1_54' title='bbox 1503 688 1700 745; x_wconf 80' lang='lat' dir='ltr'><strong>religiosa</strong></span> <span class='ocrx_word' id='word_1_55' title='bbox 1716 693 1860 736; x_wconf 80' lang='lat' dir='ltr'><strong>tamen</strong></span> 
     </span>
     <span class='ocr_line' id='line_1_8' title="bbox 303 763 1860 823; baseline 0.004 -16"><span class='ocrx_word' id='word_1_56' title='bbox 303 763 395 808; x_wconf 82' lang='lat' dir='ltr'><strong>loca</strong></span> <span class='ocrx_word' id='word_1_57' title='bbox 423 777 500 808; x_wconf 93' lang='lat' dir='ltr'><strong>nos</strong></span> <span class='ocrx_word' id='word_1_58' title='bbox 530 765 724 809; x_wconf 84' lang='lat' dir='ltr'><strong>convenit</strong></span> <span class='ocrx_word' id='word_1_59' title='bbox 753 766 952 810; x_wconf 86' lang='lat' dir='ltr'><strong>attentius</strong></span> <span class='ocrx_word' id='word_1_60' title='bbox 989 766 1229 823; x_wconf 82' lang='lat' dir='ltr'><strong>confovere,</strong></span> <span class='ocrx_word' id='word_1_61' title='bbox 1268 770 1311 811; x_wconf 93' lang='lat' dir='ltr'><strong>et</strong></span> <span class='ocrx_word' id='word_1_62' title='bbox 1345 766 1532 822; x_wconf 83' lang='lat' dir='ltr'><strong>gratiora</strong></span> <span class='ocrx_word' id='word_1_63' title='bbox 1567 766 1628 812; x_wconf 88' lang='lat' dir='ltr'><strong>eis</strong></span> <span class='ocrx_word' id='word_1_64' title='bbox 1664 767 1860 814; x_wconf 77' lang='lat' dir='ltr'><strong>exhibere</strong></span> 
     </span>
     <span class='ocr_line' id='line_1_9' title="bbox 304 841 1860 902; baseline 0.004 -17"><span class='ocrx_word' id='word_1_65' title='bbox 304 841 517 898; x_wconf 81' lang='lat' dir='ltr'><strong>obsequia,</strong></span> <span class='ocrx_word' id='word_1_66' title='bbox 548 843 640 899; x_wconf 91' lang='lat' dir='ltr'><strong>qui,</strong></span> <span class='ocrx_word' id='word_1_67' title='bbox 671 844 844 901; x_wconf 85' lang='lat' dir='ltr'><strong>propria</strong></span> <span class='ocrx_word' id='word_1_68' title='bbox 872 843 1176 900; x_wconf 85' lang='lat' dir='ltr'><strong>relinquentes,</strong></span> <span class='ocrx_word' id='word_1_69' title='bbox 1215 844 1260 887; x_wconf 92' lang='lat' dir='ltr'><strong>in</strong></span> <span class='ocrx_word' id='word_1_70' title='bbox 1291 844 1413 888; x_wconf 92' lang='lat' dir='ltr'><strong>domo</strong></span> <span class='ocrx_word' id='word_1_71' title='bbox 1444 843 1616 889; x_wconf 87' lang='lat' dir='ltr'><strong>Domini</strong></span> <span class='ocrx_word' id='word_1_72' title='bbox 1645 844 1860 902; x_wconf 78' lang='lat' dir='ltr'><strong>elegerunt</strong></span> 
     </span>
     <span class='ocr_line' id='line_1_10' title="bbox 304 919 1859 979; baseline 0.003 -16"><span class='ocrx_word' id='word_1_73' title='bbox 304 919 456 964; x_wconf 79' lang='lat' dir='ltr'><strong>abiecti</strong></span> <span class='ocrx_word' id='word_1_74' title='bbox 485 923 528 964; x_wconf 90' lang='lat' dir='ltr'><strong>et</strong></span> <span class='ocrx_word' id='word_1_75' title='bbox 557 920 830 978; x_wconf 84' lang='lat' dir='ltr'><strong>despicabiles</strong></span> <span class='ocrx_word' id='word_1_76' title='bbox 861 935 1078 966; x_wconf 83' lang='lat' dir='ltr'><strong>remanere</strong></span> <span class='ocrx_word' id='word_1_77' title='bbox 1107 922 1242 978; x_wconf 86' lang='lat' dir='ltr'><strong>magis</strong></span> <span class='ocrx_word' id='word_1_78' title='bbox 1273 935 1399 979; x_wconf 85' lang='lat' dir='ltr'><strong>quam</strong></span> <span class='ocrx_word' id='word_1_79' title='bbox 1426 922 1617 968; x_wconf 84' lang='lat' dir='ltr'><strong>habitare</strong></span> <span class='ocrx_word' id='word_1_80' title='bbox 1644 923 1692 967; x_wconf 93' lang='lat' dir='ltr'><strong>in</strong></span> <span class='ocrx_word' id='word_1_81' title='bbox 1718 922 1859 968; x_wconf 71' lang='lat' dir='ltr'><strong>taber-</strong></span> 
     </span>
     <span class='ocr_line' id='line_1_11' title="bbox 303 996 1858 1059; baseline 0.004 -18"><span class='ocrx_word' id='word_1_82' title='bbox 303 997 464 1041; x_wconf 81' lang='lat' dir='ltr'><strong>naoulis</strong></span> <span class='ocrx_word' id='word_1_83' title='bbox 495 1001 761 1056; x_wconf 85' lang='lat' dir='ltr'><strong>peecatorum</strong></span> <span class='ocrx_word' id='word_1_84' title='bbox 774 996 797 1043; x_wconf 87' lang='lat'><strong>¹.</strong></span> <span class='ocrx_word' id='word_1_85' title='bbox 858 999 907 1043; x_wconf 94' lang='lat' dir='ltr'><strong>In</strong></span> <span class='ocrx_word' id='word_1_86' title='bbox 942 999 1186 1057; x_wconf 85' lang='lat' dir='ltr'><strong>episcopatu</strong></span> <span class='ocrx_word' id='word_1_87' title='bbox 1214 999 1420 1056; x_wconf 88' lang='lat' dir='ltr'><strong>siquidem</strong></span> <span class='ocrx_word' id='word_1_88' title='bbox 1449 1000 1626 1045; x_wconf 89' lang='lat' dir='ltr'><strong>Aretino</strong></span> <span class='ocrx_word' id='word_1_89' title='bbox 1655 1001 1858 1059; x_wconf 72' lang='lat' dir='ltr'><strong>quaedam</strong></span> 
     </span>
     <span class='ocr_line' id='line_1_12' title="bbox 303 1075 1859 1134; baseline 0.004 -15"><span class='ocrx_word' id='word_1_90' title='bbox 303 1076 559 1120; x_wconf 84' lang='lat' dir='ltr'><strong>monasteria</strong></span> <span class='ocrx_word' id='word_1_91' title='bbox 596 1089 687 1120; x_wconf 89' lang='lat' dir='ltr'><strong>esse</strong></span> <span class='ocrx_word' id='word_1_92' title='bbox 724 1080 973 1134; x_wconf 80' lang='lat' dir='ltr'><strong>noscuntur,</strong></span> <span class='ocrx_word' id='word_1_93' title='bbox 1011 1075 1386 1133; x_wconf 83' lang='lat' dir='ltr'><strong>Berardingorum²</strong></span> <span class='ocrx_word' id='word_1_94' title='bbox 1417 1078 1610 1124; x_wconf 88' lang='lat' dir='ltr'><strong>videlicet</strong></span> <span class='ocrx_word' id='word_1_95' title='bbox 1647 1082 1691 1124; x_wconf 92' lang='lat' dir='ltr'><strong>et</strong></span> <span class='ocrx_word' id='word_1_96' title='bbox 1724 1079 1859 1125; x_wconf 80' lang='lat' dir='ltr'><strong>sancti</strong></span> 
     </span>
     <span class='ocr_line' id='line_1_13' title="bbox 303 1152 1859 1211; baseline 0.003 -13"><span class='ocrx_word' id='word_1_97' title='bbox 303 1153 419 1198; x_wconf 88' lang='lat' dir='ltr'><strong>Petri</strong></span> <span class='ocrx_word' id='word_1_98' title='bbox 439 1154 491 1198; x_wconf 91' lang='lat' dir='ltr'><strong>de</strong></span> <span class='ocrx_word' id='word_1_99' title='bbox 505 1153 626 1210; x_wconf 85' lang='lat' dir='ltr'><strong>Rota,</strong></span> <span class='ocrx_word' id='word_1_100' title='bbox 647 1155 692 1198; x_wconf 91' lang='lat' dir='ltr'><strong>in</strong></span> <span class='ocrx_word' id='word_1_101' title='bbox 712 1155 862 1211; x_wconf 90' lang='lat' dir='ltr'><strong>quibus</strong></span> <span class='ocrx_word' id='word_1_102' title='bbox 877 1155 1063 1211; x_wconf 87' lang='lat' dir='ltr'><strong>religiosi</strong></span> <span class='ocrx_word' id='word_1_103' title='bbox 1077 1155 1158 1199; x_wconf 88' lang='lat' dir='ltr'><strong>viri</strong></span> <span class='ocrx_word' id='word_1_104' title='bbox 1172 1155 1324 1200; x_wconf 85' lang='lat' dir='ltr'><strong>fratres</strong></span> <span class='ocrx_word' id='word_1_105' title='bbox 1339 1155 1678 1201; x_wconf 83' lang='lat' dir='ltr'><strong>Camaldulenses</strong></span> <span class='ocrx_word' id='word_1_106' title='bbox 1693 1152 1859 1203; x_wconf 80' lang='lat' dir='ltr'><strong>assidue</strong></span> 
     </span>
     <span class='ocr_line' id='line_1_14' title="bbox 303 1230 1857 1293; baseline 0.003 -17"><span class='ocrx_word' id='word_1_107' title='bbox 303 1232 473 1276; x_wconf 80' lang='lat' dir='ltr'><strong>student</strong></span> <span class='ocrx_word' id='word_1_108' title='bbox 500 1231 681 1276; x_wconf 91' lang='lat' dir='ltr'><strong>Domino</strong></span> <span class='ocrx_word' id='word_1_109' title='bbox 719 1232 951 1289; x_wconf 89' lang='lat' dir='ltr'><strong>deservire,</strong></span> <span class='ocrx_word' id='word_1_110' title='bbox 992 1231 1085 1290; x_wconf 84' lang='lat' dir='ltr'><strong>qui,</strong></span> <span class='ocrx_word' id='word_1_111' title='bbox 1120 1233 1256 1278; x_wconf 60' lang='lat' dir='ltr'><strong>licet*</strong></span> <span class='ocrx_word' id='word_1_112' title='bbox 1275 1234 1361 1278; x_wconf 91' lang='lat' dir='ltr'><strong>sint</strong></span> <span class='ocrx_word' id='word_1_113' title='bbox 1395 1234 1520 1279; x_wconf 89' lang='lat' dir='ltr'><strong>rebus</strong></span> <span class='ocrx_word' id='word_1_114' title='bbox 1558 1230 1857 1293; x_wconf 75' lang='lat' dir='ltr'><strong>temporalibus</strong></span> 
     </span>
     <span class='ocr_line' id='line_1_15' title="bbox 302 1308 1855 1369; baseline 0.003 -16"><span class='ocrx_word' id='word_1_115' title='bbox 302 1323 524 1368; x_wconf 84' lang='lat' dir='ltr'><strong>pauperes,</strong></span> <span class='ocrx_word' id='word_1_116' title='bbox 554 1310 750 1354; x_wconf 89' lang='lat' dir='ltr'><strong>thesauro</strong></span> <span class='ocrx_word' id='word_1_117' title='bbox 780 1314 922 1355; x_wconf 85' lang='lat' dir='ltr'><strong>tamen</strong></span> <span class='ocrx_word' id='word_1_118' title='bbox 951 1308 1228 1355; x_wconf 79' lang='lat' dir='ltr'><strong>indeficienti⁸</strong></span> <span class='ocrx_word' id='word_1_119' title='bbox 1247 1310 1476 1369; x_wconf 87' lang='lat' dir='ltr'><strong>locupletes</strong></span> <span class='ocrx_word' id='word_1_120' title='bbox 1497 1326 1589 1357; x_wconf 90' lang='lat' dir='ltr'><strong>esse</strong></span> <span class='ocrx_word' id='word_1_121' title='bbox 1617 1312 1855 1358; x_wconf 80' lang='lat' dir='ltr'><strong>creduntur.</strong></span> 
     </span>
     <span class='ocr_line' id='line_1_16' title="bbox 301 1387 1856 1448; baseline 0.003 -17"><span class='ocrx_word' id='word_1_122' title='bbox 301 1387 383 1431; x_wconf 90' lang='lat' dir='ltr'><strong>Pro</strong></span> <span class='ocrx_word' id='word_1_123' title='bbox 413 1388 518 1445; x_wconf 90' lang='lat' dir='ltr'><strong>ipsis</strong></span> <span class='ocrx_word' id='word_1_124' title='bbox 538 1388 680 1445; x_wconf 89' lang='lat' dir='ltr'><strong>itaque</strong></span> <span class='ocrx_word' id='word_1_125' title='bbox 701 1387 965 1433; x_wconf 89' lang='lat' dir='ltr'><strong>dilectionem</strong></span> <span class='ocrx_word' id='word_1_126' title='bbox 984 1392 1082 1433; x_wconf 90' lang='lat' dir='ltr'><strong>tuae</strong></span> <span class='ocrx_word' id='word_1_127' title='bbox 1101 1389 1377 1433; x_wconf 81' lang='lat' dir='ltr'><strong>fraternitatis</strong></span> <span class='ocrx_word' id='word_1_128' title='bbox 1399 1391 1599 1434; x_wconf 88' lang='lat' dir='ltr'><strong>attentius</strong></span> <span class='ocrx_word' id='word_1_129' title='bbox 1623 1401 1856 1448; x_wconf 80' lang='lat' dir='ltr'><strong>exoramus,</strong></span> 
     </span>
     <span class='ocr_line' id='line_1_17' title="bbox 302 1465 1858 1526; baseline 0.002 -17"><span class='ocrx_word' id='word_1_130' title='bbox 302 1465 543 1523; x_wconf 87' lang='lat' dir='ltr'><strong>apostolicis</strong></span> <span class='ocrx_word' id='word_1_131' title='bbox 563 1465 716 1510; x_wconf 88' lang='lat' dir='ltr'><strong>litteris</strong></span> <span class='ocrx_word' id='word_1_132' title='bbox 738 1466 979 1511; x_wconf 86' lang='lat' dir='ltr'><strong>discretioni</strong></span> <span class='ocrx_word' id='word_1_133' title='bbox 998 1470 1097 1511; x_wconf 83' lang='lat' dir='ltr'><strong>tuae</strong></span> <span class='ocrx_word' id='word_1_134' title='bbox 1117 1467 1377 1523; x_wconf 83' lang='lat' dir='ltr'><strong>mandantes,</strong></span> <span class='ocrx_word' id='word_1_135' title='bbox 1401 1468 1598 1524; x_wconf 85' lang='lat' dir='ltr'><strong>quatinus</strong></span> <span class='ocrx_word' id='word_1_136' title='bbox 1617 1481 1695 1526; x_wconf 88' lang='lat' dir='ltr'><strong>pro</strong></span> <span class='ocrx_word' id='word_1_137' title='bbox 1716 1481 1858 1513; x_wconf 83' lang='lat' dir='ltr'><strong>amore</strong></span> 
     </span>
     <span class='ocr_line' id='line_1_18' title="bbox 300 1543 1858 1605; baseline 0.003 -18"><span class='ocrx_word' id='word_1_138' title='bbox 300 1543 395 1600; x_wconf 88' lang='lat' dir='ltr'><strong>Dei,</strong></span> <span class='ocrx_word' id='word_1_139' title='bbox 426 1557 503 1602; x_wconf 91' lang='lat' dir='ltr'><strong>pro</strong></span> <span class='ocrx_word' id='word_1_140' title='bbox 534 1544 648 1588; x_wconf 87' lang='lat' dir='ltr'><strong>beati</strong></span> <span class='ocrx_word' id='word_1_141' title='bbox 667 1543 782 1588; x_wconf 85' lang='lat' dir='ltr'><strong>Petri</strong></span> <span class='ocrx_word' id='word_1_142' title='bbox 813 1548 855 1588; x_wconf 87' lang='lat' dir='ltr'><strong>et</strong></span> <span class='ocrx_word' id='word_1_143' title='bbox 884 1548 1030 1589; x_wconf 85' lang='lat' dir='ltr'><strong>nostra</strong></span> <span class='ocrx_word' id='word_1_144' title='bbox 1057 1545 1306 1601; x_wconf 85' lang='lat' dir='ltr'><strong>reverentia,</strong></span> <span class='ocrx_word' id='word_1_145' title='bbox 1337 1546 1399 1589; x_wconf 87' lang='lat' dir='ltr'><strong>ita</strong></span> <span class='ocrx_word' id='word_1_146' title='bbox 1426 1545 1635 1590; x_wconf 80' lang='lat' dir='ltr'><strong>industria</strong></span> <span class='ocrx_word' id='word_1_147' title='bbox 1652 1549 1727 1591; x_wconf 80' lang='lat' dir='ltr'><strong>tua</strong></span> <span class='ocrx_word' id='word_1_148' title='bbox 1747 1546 1858 1605; x_wconf 80' lang='lat' dir='ltr'><strong>apud</strong></span> 
     </span>
     <span class='ocr_line' id='line_1_19' title="bbox 301 1620 1857 1681; baseline 0.001 -15"><span class='ocrx_word' id='word_1_149' title='bbox 301 1622 565 1666; x_wconf 87' lang='lat' dir='ltr'><strong>carissimum</strong></span> <span class='ocrx_word' id='word_1_150' title='bbox 601 1620 735 1665; x_wconf 91' lang='lat' dir='ltr'><strong>filium</strong></span> <span class='ocrx_word' id='word_1_151' title='bbox 772 1625 964 1666; x_wconf 86' lang='lat' dir='ltr'><strong>nostrum</strong></span> <span class='ocrx_word' id='word_1_152' title='bbox 994 1622 1287 1678; x_wconf 85' lang='lat' dir='ltr'><strong>F(riderieum)</strong></span> <span class='ocrx_word' id='word_1_153' title='bbox 1322 1623 1531 1667; x_wconf 86' lang='lat' dir='ltr'><strong>illustrem</strong></span> <span class='ocrx_word' id='word_1_154' title='bbox 1560 1627 1686 1681; x_wconf 79' lang='lat' dir='ltr'><strong>atque</strong></span> <span class='ocrx_word' id='word_1_155' title='bbox 1715 1623 1857 1668; x_wconf 80' lang='lat' dir='ltr'><strong>catho-</strong></span> 
     </span>
     <span class='ocr_line' id='line_1_20' title="bbox 299 1698 1856 1758; baseline 0.002 -15"><span class='ocrx_word' id='word_1_156' title='bbox 299 1698 428 1743; x_wconf 82' lang='lat' dir='ltr'><strong>licum</strong></span> <span class='ocrx_word' id='word_1_157' title='bbox 465 1699 748 1743; x_wconf 88' lang='lat' dir='ltr'><strong>Romanorum</strong></span> <span class='ocrx_word' id='word_1_158' title='bbox 785 1713 927 1756; x_wconf 88' lang='lat' dir='ltr'><strong>regem</strong></span> <span class='ocrx_word' id='word_1_159' title='bbox 965 1699 1138 1744; x_wconf 84' lang='lat' dir='ltr'><strong>efficiat:</strong></span> <span class='ocrx_word' id='word_1_160' title='bbox 1184 1705 1232 1744; x_wconf 93' lang='lat' dir='ltr'><strong>ut</strong></span> <span class='ocrx_word' id='word_1_161' title='bbox 1276 1700 1453 1758; x_wconf 88' lang='lat' dir='ltr'><strong>predicti</strong></span> <span class='ocrx_word' id='word_1_162' title='bbox 1489 1701 1641 1745; x_wconf 79' lang='lat' dir='ltr'><strong>fratres</strong></span> <span class='ocrx_word' id='word_1_163' title='bbox 1685 1714 1856 1746; x_wconf 80' lang='lat' dir='ltr'><strong>suarum</strong></span> 
     </span>
     <span class='ocr_line' id='line_1_21' title="bbox 299 1777 1855 1836; baseline 0.002 -15"><span class='ocrx_word' id='word_1_164' title='bbox 299 1791 440 1821; x_wconf 84' lang='lat' dir='ltr'><strong>rerum</strong></span> <span class='ocrx_word' id='word_1_165' title='bbox 471 1777 523 1821; x_wconf 87' lang='lat' dir='ltr'><strong>ab</strong></span> <span class='ocrx_word' id='word_1_166' title='bbox 552 1777 633 1834; x_wconf 87' lang='lat' dir='ltr'><strong>his,</strong></span> <span class='ocrx_word' id='word_1_167' title='bbox 664 1778 736 1834; x_wconf 90' lang='lat' dir='ltr'><strong>qui</strong></span> <span class='ocrx_word' id='word_1_168' title='bbox 766 1780 864 1822; x_wconf 90' lang='lat' dir='ltr'><strong>sunt</strong></span> <span class='ocrx_word' id='word_1_169' title='bbox 893 1778 938 1821; x_wconf 90' lang='lat' dir='ltr'><strong>in</strong></span> <span class='ocrx_word' id='word_1_170' title='bbox 969 1778 1167 1834; x_wconf 83' lang='lat' dir='ltr'><strong>exercitu,</strong></span> <span class='ocrx_word' id='word_1_171' title='bbox 1197 1791 1282 1822; x_wconf 93' lang='lat' dir='ltr'><strong>non</strong></span> <span class='ocrx_word' id='word_1_172' title='bbox 1310 1779 1475 1836; x_wconf 89' lang='lat' dir='ltr'><strong>possint</strong></span> <span class='ocrx_word' id='word_1_173' title='bbox 1493 1779 1700 1824; x_wconf 87' lang='lat' dir='ltr'><strong>sustinere</strong></span> <span class='ocrx_word' id='word_1_174' title='bbox 1723 1779 1855 1824; x_wconf 80' lang='lat' dir='ltr'><strong>iaetu·</strong></span> 
     </span>
     <span class='ocr_line' id='line_1_22' title="bbox 299 1855 1854 1914; baseline 0.002 -16"><span class='ocrx_word' id='word_1_175' title='bbox 299 1868 412 1910; x_wconf 87' lang='lat' dir='ltr'><strong>ram;</strong></span> <span class='ocrx_word' id='word_1_176' title='bbox 445 1858 509 1899; x_wconf 90' lang='lat' dir='ltr'><strong>set</strong></span> <span class='ocrx_word' id='word_1_177' title='bbox 538 1855 692 1913; x_wconf 88' lang='lat' dir='ltr'><strong>potius,</strong></span> <span class='ocrx_word' id='word_1_178' title='bbox 725 1868 820 1899; x_wconf 87' lang='lat' dir='ltr'><strong>cum</strong></span> <span class='ocrx_word' id='word_1_179' title='bbox 843 1855 955 1913; x_wconf 85' lang='lat' dir='ltr'><strong>apud</strong></span> <span class='ocrx_word' id='word_1_180' title='bbox 975 1855 1369 1900; x_wconf 88' lang='lat' dir='ltr'><strong>christianissimum</strong></span> <span class='ocrx_word' id='word_1_181' title='bbox 1388 1857 1623 1914; x_wconf 86' lang='lat' dir='ltr'><strong>prinoipem</strong></span> <span class='ocrx_word' id='word_1_182' title='bbox 1643 1856 1696 1901; x_wconf 89' lang='lat' dir='ltr'><strong>de</strong></span> <span class='ocrx_word' id='word_1_183' title='bbox 1716 1856 1854 1914; x_wconf 75' lang='lat' dir='ltr'><strong>aliquo</strong></span> 
     </span>
     <span class='ocr_line' id='line_1_23' title="bbox 301 1932 1855 1991; baseline 0.001 -15"><span class='ocrx_word' id='word_1_184' title='bbox 301 1932 516 1990; x_wconf 68' lang='lat' dir='ltr'><strong>querelam</strong></span> <span class='ocrx_word' id='word_1_185' title='bbox 544 1933 811 1990; x_wconf 88' lang='lat' dir='ltr'><strong>protulerint,</strong></span> <span class='ocrx_word' id='word_1_186' title='bbox 842 1933 1077 1991; x_wconf 83' lang='lat' dir='ltr'><strong>plenariam</strong></span> <span class='ocrx_word' id='word_1_187' title='bbox 1106 1933 1159 1977; x_wconf 86' lang='lat' dir='ltr'><strong>ab</strong></span> <span class='ocrx_word' id='word_1_188' title='bbox 1188 1934 1281 1991; x_wconf 88' lang='lat' dir='ltr'><strong>ipso</strong></span> <span class='ocrx_word' id='word_1_189' title='bbox 1311 1933 1480 1979; x_wconf 81' lang='lat' dir='ltr'><strong>valeant</strong></span> <span class='ocrx_word' id='word_1_190' title='bbox 1507 1934 1718 1979; x_wconf 81' lang='lat' dir='ltr'><strong>iusticiam</strong></span> <span class='ocrx_word' id='word_1_191' title='bbox 1748 1933 1855 1980; x_wconf 81' lang='lat' dir='ltr'><strong>obti-</strong></span> 
     </span>
     <span class='ocr_line' id='line_1_24' title="bbox 299 2010 1733 2070; baseline 0.001 -16"><span class='ocrx_word' id='word_1_192' title='bbox 299 2024 410 2055; x_wconf 91' lang='lat' dir='ltr'><strong>nere.</strong></span> <span class='ocrx_word' id='word_1_193' title='bbox 457 2010 570 2055; x_wconf 87' lang='lat' dir='ltr'><strong>Data</strong></span> <span class='ocrx_word' id='word_1_194' title='bbox 597 2010 754 2055; x_wconf 84' lang='lat' dir='ltr'><strong>Romae</strong></span> <span class='ocrx_word' id='word_1_195' title='bbox 785 2011 897 2068; x_wconf 85' lang='lat' dir='ltr'><strong>apud</strong></span> <span class='ocrx_word' id='word_1_196' title='bbox 928 2010 1127 2055; x_wconf 87' lang='lat' dir='ltr'><strong>Sanctum</strong></span> <span class='ocrx_word' id='word_1_197' title='bbox 1158 2010 1330 2056; x_wconf 89' lang='lat' dir='ltr'><strong>Petrum</strong></span> <span class='ocrx_word' id='word_1_198' title='bbox 1363 2013 1417 2056; x_wconf 90' lang='lat'><strong>14</strong></span> <span class='ocrx_word' id='word_1_199' title='bbox 1446 2011 1539 2056; x_wconf 83' lang='lat' dir='ltr'><strong>Kal.</strong></span> <span class='ocrx_word' id='word_1_200' title='bbox 1560 2011 1733 2070; x_wconf 84' lang='lat' dir='ltr'><strong>Aprilis.</strong></span> 
     </span>
    </p>
   </div>
   <div class='ocr_carea' id='block_1_4' title="bbox 938 2105 1220 2113">
    <p class='ocr_par' dir='ltr' id='par_1_4' title="bbox 938 2105 1220 2113">
     <span class='ocr_line' id='line_1_25' title="bbox 938 2105 1220 2113; baseline 0 0"><span class='ocrx_word' id='word_1_201' title='bbox 938 2105 1220 2113; x_wconf 95' lang='lat' dir='ltr'><strong> </strong></span> 
     </span>
    </p>
   </div>
   <div class='ocr_carea' id='block_1_5' title="bbox 299 2168 1854 2382">
    <p class='ocr_par' dir='ltr' id='par_1_5' title="bbox 299 2168 1854 2382">
     <span class='ocr_line' id='line_1_26' title="bbox 299 2168 1852 2231; baseline 0.001 -16"><span class='ocrx_word' id='word_1_202' title='bbox 299 2168 418 2217; x_wconf 87' lang='lat'>438.</span> <span class='ocrx_word' id='word_1_203' title='bbox 447 2172 658 2215; x_wconf 75' lang='lat' dir='ltr'><strong>Adrianus</strong></span> <span class='ocrx_word' id='word_1_204' title='bbox 693 2172 763 2215; x_wconf 93' lang='lat' dir='ltr'><strong>IV</strong></span> <span class='ocrx_word' id='word_1_205' title='bbox 798 2189 917 2231; x_wconf 83' lang='lat' dir='ltr'><strong>papa</strong></span> <span class='ocrx_word' id='word_1_206' title='bbox 954 2174 1140 2217; x_wconf 78' lang='lat' dir='ltr'><strong>Amoldo</strong></span> <span class='ocrx_word' id='word_1_207' title='bbox 1180 2173 1230 2216; x_wconf 88' lang='lat' dir='ltr'><strong>II</strong></span> <span class='ocrx_word' id='word_1_208' title='bbox 1251 2173 1572 2231; x_wconf 74' lang='lat' dir='ltr'><strong>‘archiepiscopo</strong></span> <span class='ocrx_word' id='word_1_209' title='bbox 1612 2173 1852 2228; x_wconf 64' lang='lat' dir='ltr'><strong>Coloniensi,</strong></span> 
     </span>
     <span class='ocr_line' id='line_1_27' title="bbox 448 2248 1854 2309; baseline 0.002 -18"><span class='ocrx_word' id='word_1_210' title='bbox 448 2248 701 2292; x_wconf 79' lang='lat' dir='ltr'><strong>Herimanno</strong></span> <span class='ocrx_word' id='word_1_211' title='bbox 742 2251 931 2309; x_wconf 77' lang='lat' dir='ltr'><strong>episcopo</strong></span> <span class='ocrx_word' id='word_1_212' title='bbox 971 2251 1284 2304; x_wconf 70' lang='lat' dir='ltr'><strong>constantiensi,</strong></span> <span class='ocrx_word' id='word_1_213' title='bbox 1335 2250 1520 2294; x_wconf 77' lang='lat' dir='ltr'><strong>Wibaldo</strong></span> <span class='ocrx_word' id='word_1_214' title='bbox 1564 2251 1854 2294; x_wconf 62' lang='lat' dir='ltr'><strong>monasterium</strong></span> 
     </span>
     <span class='ocr_line' id='line_1_28' title="bbox 448 2325 1852 2382; baseline 0.002 -13"><span class='ocrx_word' id='word_1_215' title='bbox 448 2326 492 2370; x_wconf 86' lang='lat' dir='ltr'><strong>S.</strong></span> <span class='ocrx_word' id='word_1_216' title='bbox 514 2327 672 2369; x_wconf 75' lang='lat' dir='ltr'><strong>Antimi</strong></span> <span class='ocrx_word' id='word_1_217' title='bbox 701 2329 965 2371; x_wconf 76' lang='lat' dir='ltr'><strong>commendat.</strong></span> <span class='ocrx_word' id='word_1_218' title='bbox 1235 2354 1241 2360; x_wconf 85' lang='lat'>-</span> <span class='ocrx_word' id='word_1_219' title='bbox 1639 2325 1712 2381; x_wconf 83' lang='grc' dir='ltr'><strong>(Μ.</strong></span> <span class='ocrx_word' id='word_1_220' title='bbox 1733 2326 1852 2382; x_wconf 81' lang='grc'><strong>428.)</strong></span> 
     </span>
    </p>
   </div>
   <div class='ocr_carea' id='block_1_6' title="bbox 151 2414 1853 2784">
    <p class='ocr_par' dir='ltr' id='par_1_6' title="bbox 151 2414 1853 2629">
     <span class='ocr_line' id='line_1_29' title="bbox 171 2414 1853 2473; baseline 0 -13"><span class='ocrx_word' id='word_1_221' title='bbox 171 2424 264 2461; x_wconf 87' lang='grc'>1155</span> <span class='ocrx_word' id='word_1_222' title='bbox 416 2414 628 2459; x_wconf 86' lang='lat' dir='ltr'><strong>Adrianus</strong></span> <span class='ocrx_word' id='word_1_223' title='bbox 649 2415 867 2473; x_wconf 84' lang='lat' dir='ltr'><strong>episcopus</strong></span> <span class='ocrx_word' id='word_1_224' title='bbox 889 2430 1033 2460; x_wconf 84' lang='lat' dir='ltr'><strong>servus</strong></span> <span class='ocrx_word' id='word_1_225' title='bbox 1054 2429 1268 2460; x_wconf 89' lang='lat' dir='ltr'><strong>servorum</strong></span> <span class='ocrx_word' id='word_1_226' title='bbox 1287 2415 1368 2460; x_wconf 90' lang='lat' dir='ltr'><strong>Dei</strong></span> <span class='ocrx_word' id='word_1_227' title='bbox 1387 2414 1692 2461; x_wconf 88' lang='lat' dir='ltr'><strong>venerabilibus</strong></span> <span class='ocrx_word' id='word_1_228' title='bbox 1710 2415 1853 2460; x_wconf 82' lang='lat' dir='ltr'><strong>fratri-</strong></span> 
     </span>
     <span class='ocr_line' id='line_1_30' title="bbox 151 2473 1852 2552; baseline 0.001 -15"><span class='ocrx_word' id='word_1_229' title='bbox 151 2473 221 2505; x_wconf 50' lang='lat' dir='ltr'><strong>M&#39;j&#39;</strong></span> <span class='ocrx_word' id='word_1_230' title='bbox 236 2475 276 2505; x_wconf 76' lang='lat'><strong>²⁸</strong></span> <span class='ocrx_word' id='word_1_231' title='bbox 299 2493 376 2538; x_wconf 91' lang='lat' dir='ltr'><strong>bus</strong></span> <span class='ocrx_word' id='word_1_232' title='bbox 400 2491 639 2537; x_wconf 84' lang='lat' dir='ltr'><strong>Coloniensi</strong></span> <span class='ocrx_word' id='word_1_233' title='bbox 662 2490 997 2552; x_wconf 83' lang='lat' dir='ltr'><strong>archiepiscopo⁴</strong></span> <span class='ocrx_word' id='word_1_234' title='bbox 1013 2497 1055 2538; x_wconf 93' lang='lat' dir='ltr'><strong>et</strong></span> <span class='ocrx_word' id='word_1_235' title='bbox 1069 2493 1379 2538; x_wconf 85' lang='lat' dir='ltr'><strong>Constantiensi</strong></span> <span class='ocrx_word' id='word_1_236' title='bbox 1401 2490 1618 2552; x_wconf 82' lang='lat' dir='ltr'><strong>episcopo⁸</strong></span> <span class='ocrx_word' id='word_1_237' title='bbox 1641 2496 1683 2538; x_wconf 90' lang='lat' dir='ltr'><strong>et</strong></span> <span class='ocrx_word' id='word_1_238' title='bbox 1702 2492 1852 2538; x_wconf 86' lang='lat' dir='ltr'><strong>dilecto</strong></span> 
     </span>
     <span class='ocr_line' id='line_1_31' title="bbox 298 2569 1849 2629; baseline -0.001 -14"><span class='ocrx_word' id='word_1_239' title='bbox 298 2570 384 2615; x_wconf 90' lang='lat' dir='ltr'><strong>filio</strong></span> <span class='ocrx_word' id='word_1_240' title='bbox 416 2569 557 2615; x_wconf 86' lang='lat' dir='ltr'><strong>abbati</strong></span> <span class='ocrx_word' id='word_1_241' title='bbox 587 2569 638 2614; x_wconf 91' lang='lat' dir='ltr'><strong>de</strong></span> <span class='ocrx_word' id='word_1_242' title='bbox 670 2569 892 2614; x_wconf 87' lang='lat' dir='ltr'><strong>Stabulaus</strong></span> <span class='ocrx_word' id='word_1_243' title='bbox 924 2571 1101 2615; x_wconf 89' lang='lat' dir='ltr'><strong>salutem</strong></span> <span class='ocrx_word' id='word_1_244' title='bbox 1134 2575 1176 2616; x_wconf 92' lang='lat' dir='ltr'><strong>et</strong></span> <span class='ocrx_word' id='word_1_245' title='bbox 1206 2571 1476 2629; x_wconf 88' lang='lat' dir='ltr'><strong>apostolicam</strong></span> <span class='ocrx_word' id='word_1_246' title='bbox 1506 2570 1849 2615; x_wconf 83' lang='lat' dir='ltr'><strong>benedictionem.</strong></span> 
     </span>
    </p>

    <p class='ocr_par' dir='ltr' id='par_1_7' title="bbox 300 2647 1850 2784">
     <span class='ocr_line' id='line_1_32' title="bbox 417 2647 1850 2709; baseline 0.001 -17"><span class='ocrx_word' id='word_1_247' title='bbox 417 2648 522 2692; x_wconf 85' lang='lat' dir='ltr'><strong>Tam</strong></span> <span class='ocrx_word' id='word_1_248' title='bbox 551 2647 726 2692; x_wconf 84' lang='lat' dir='ltr'><strong>rationis</strong></span> <span class='ocrx_word' id='word_1_249' title='bbox 757 2662 882 2705; x_wconf 89' lang='lat' dir='ltr'><strong>quam</strong></span> <span class='ocrx_word' id='word_1_250' title='bbox 920 2649 1115 2706; x_wconf 90' lang='lat' dir='ltr'><strong>equitatis</strong></span> <span class='ocrx_word' id='word_1_251' title='bbox 1157 2649 1257 2693; x_wconf 91' lang='lat' dir='ltr'><strong>ordo</strong></span> <span class='ocrx_word' id='word_1_252' title='bbox 1296 2647 1534 2707; x_wconf 87' lang='lat' dir='ltr'><strong>expostulat</strong></span> <span class='ocrx_word' id='word_1_253' title='bbox 1563 2650 1605 2691; x_wconf 91' lang='lat' dir='ltr'><strong>et</strong></span> <span class='ocrx_word' id='word_1_254' title='bbox 1635 2651 1850 2709; x_wconf 84' lang='lat' dir='ltr'><strong>susceptae</strong></span> 
     </span>
     <span class='ocr_line' id='line_1_33' title="bbox 300 2724 1849 2784; baseline 0.001 -15"><span class='ocrx_word' id='word_1_255' title='bbox 300 2725 690 2770; x_wconf 85' lang='lat' dir='ltr'><strong>amministrationis</strong></span> <span class='ocrx_word' id='word_1_256' title='bbox 721 2724 903 2769; x_wconf 85' lang='lat' dir='ltr'><strong>officium</strong></span> <span class='ocrx_word' id='word_1_257' title='bbox 934 2741 1008 2770; x_wconf 87' lang='lat' dir='ltr'><strong>vos</strong></span> <span class='ocrx_word' id='word_1_258' title='bbox 1038 2727 1210 2782; x_wconf 86' lang='lat' dir='ltr'><strong>invitat,</strong></span> <span class='ocrx_word' id='word_1_259' title='bbox 1247 2730 1294 2770; x_wconf 90' lang='lat' dir='ltr'><strong>ut</strong></span> <span class='ocrx_word' id='word_1_260' title='bbox 1323 2726 1405 2784; x_wconf 93' lang='lat' dir='ltr'><strong>piis</strong></span> <span class='ocrx_word' id='word_1_261' title='bbox 1436 2738 1484 2770; x_wconf 82' lang='lat' dir='ltr'><strong>ao</strong></span> <span class='ocrx_word' id='word_1_262' title='bbox 1513 2724 1719 2781; x_wconf 84' lang='lat' dir='ltr'><strong>religiosis</strong></span> <span class='ocrx_word' id='word_1_263' title='bbox 1747 2724 1849 2770; x_wconf 87' lang='lat' dir='ltr'><strong>locis</strong></span> 
     </span>
    </p>
   </div>
   <div class='ocr_carea' id='block_1_7' title="bbox 394 2822 569 2852">
    <p class='ocr_par' dir='ltr' id='par_1_8' title="bbox 394 2822 569 2852">
     <span class='ocr_line' id='line_1_34' title="bbox 394 2822 569 2852; baseline 0 0"><span class='ocrx_word' id='word_1_264' title='bbox 394 2830 420 2852; x_wconf 72' lang='lat' dir='ltr'><strong>a.</strong></span> <span class='ocrx_word' id='word_1_265' title='bbox 449 2822 521 2852; x_wconf 75' lang='lat' dir='ltr'><strong>licet</strong></span> <span class='ocrx_word' id='word_1_266' title='bbox 542 2834 569 2852; x_wconf 87' lang='lat' dir='ltr'><strong>c.</strong></span> 
     </span>
    </p>
   </div>
   <div class='ocr_carea' id='block_1_8' title="bbox 298 2876 1847 2976">
    <p class='ocr_par' dir='ltr' id='par_1_9' title="bbox 298 2876 1847 2976">
     <span class='ocr_line' id='line_1_35' title="bbox 393 2876 1847 2925; baseline 0 -10"><span class='ocrx_word' id='word_1_267' title='bbox 393 2879 427 2915; x_wconf 94' lang='lat'><strong>1.</strong></span> <span class='ocrx_word' id='word_1_268' title='bbox 456 2879 518 2916; x_wconf 84' lang='lat' dir='ltr'><strong>Ps.</strong></span> <span class='ocrx_word' id='word_1_269' title='bbox 534 2879 591 2925; x_wconf 87' lang='lat'><strong>83,</strong></span> <span class='ocrx_word' id='word_1_270' title='bbox 610 2878 664 2915; x_wconf 91' lang='lat'><strong>11.</strong></span> <span class='ocrx_word' id='word_1_271' title='bbox 749 2878 783 2914; x_wconf 81' lang='lat'><strong>2.</strong></span> <span class='ocrx_word' id='word_1_272' title='bbox 816 2877 894 2914; x_wconf 85' lang='lat' dir='ltr'><strong>sive</strong></span> <span class='ocrx_word' id='word_1_273' title='bbox 924 2878 972 2915; x_wconf 88' lang='lat' dir='ltr'><strong>de</strong></span> <span class='ocrx_word' id='word_1_274' title='bbox 1002 2878 1257 2916; x_wconf 84' lang='lat' dir='ltr'><strong>Fonte-bono.</strong></span> <span class='ocrx_word' id='word_1_275' title='bbox 1342 2879 1375 2915; x_wconf 84' lang='lat'><strong>3.</strong></span> <span class='ocrx_word' id='word_1_276' title='bbox 1401 2878 1490 2915; x_wconf 87' lang='lat' dir='ltr'><strong>Luc.</strong></span> <span class='ocrx_word' id='word_1_277' title='bbox 1508 2878 1564 2924; x_wconf 77' lang='lat'><strong>12,</strong></span> <span class='ocrx_word' id='word_1_278' title='bbox 1581 2877 1639 2915; x_wconf 87' lang='grc'><strong>33.</strong></span> <span class='ocrx_word' id='word_1_279' title='bbox 1719 2878 1756 2915; x_wconf 83' lang='grc'><strong>4.</strong></span> <span class='ocrx_word' id='word_1_280' title='bbox 1779 2876 1847 2915; x_wconf 86' lang='lat' dir='ltr'><strong>Ar-</strong></span> 
     </span>
     <span class='ocr_line' id='line_1_36' title="bbox 298 2937 867 2976; baseline -0.004 -1"><span class='ocrx_word' id='word_1_281' title='bbox 298 2937 408 2975; x_wconf 88' lang='lat' dir='ltr'><strong>noldo</strong></span> <span class='ocrx_word' id='word_1_282' title='bbox 432 2938 479 2975; x_wconf 90' lang='lat'><strong>11.</strong></span> <span class='ocrx_word' id='word_1_283' title='bbox 574 2938 607 2974; x_wconf 87' lang='grc'><strong>5.</strong></span> <span class='ocrx_word' id='word_1_284' title='bbox 634 2937 867 2976; x_wconf 83' lang='lat' dir='ltr'><strong>Herimanno.</strong></span> 
     </span>
    </p>
   </div>
  </div>
 </body>
</html>
