1924 3288
510 216 708 248 wmALm
737 216 986 248 EP1s¹r0LAE
1013 217 1084 248 261.
1109 217 1180 248 262.
1540 207 1627 251 389

65 313 224 357 attente
252 311 462 356 monendo
492 325 709 369 rogamus,
748 315 816 369 ut,
856 313 955 370 quia
983 312 1197 370 predictus
1226 313 1478 359 venerabilis
1507 317 1631 372 pater
1654 317 1748 355 1150

63 392 210 435 noster
235 388 612 435 Patherburnensis
650 391 871 449 episcopus
901 391 1095 447 sanguini
1126 395 1168 436 et
1197 392 1314 437 carni
1343 406 1464 449 suae,
1503 407 1629 450 quam

63 481 186 513 nemo
216 481 415 525 umquam
447 469 543 512 odio
565 468 725 525 habuit,
756 483 840 514 non
862 470 1064 527 pepercit,
1095 472 1138 514 et
1157 470 1275 515 vobis
1293 473 1496 528 tanquam
1514 472 1629 529 patri

63 559 140 591 suo
158 551 412 603 reverenter,
433 550 481 590 ut
500 547 668 591 iusticia
687 547 733 591 in
753 561 827 591 suo
847 551 992 592 tenore
1011 548 1270 605 procederet,
1291 549 1430 606 cessit,
1457 557 1628 608 preces⁶

62 624 242 681 benigne
258 625 506 682 admittatis,
524 628 565 669 et
578 625 815 683 predictum
832 625 1125 681 F(olcwinum)
1142 626 1368 671 clementer
1389 628 1627 686 suscipiatis

62 706 118 759 et,
149 716 245 747 cum
276 703 330 747 ad
359 706 501 761 partes
532 707 698 747 nostras
730 704 1068 761 appropinquare
1099 705 1309 762 ceperitis,
1339 719 1471 750 uxore
1492 707 1627 764 ipsius

61 780 275 826 vobiscum
306 781 486 825 adducta
516 785 559 826 et
589 782 669 826 sibi
699 782 908 838 restituta,
941 796 1036 826 eum
1058 786 1227 827 sanctae
1247 785 1530 828 communioni
1549 799 1626 843 pa-

59 861 179 904 terne
205 860 452 903 restituatis.

62 1002 179 1052 262.
206 1003 426 1048 Ηείηνίαιε
457 1006 670 1062 episcopus
689 1004 918 1048 madens-is
941 1004 1130 1048 Wibaldo
1150 1008 1380 1063 respondet.
1422 1007 1531 1051 Eius
1551 1024 1626 1066 op-

201 1083 377 1141 probria
409 1083 575 1140 depellit
602 1084 815 1141 minasque
844 1083 1023 1140 neyliyit.
1412 1083 1483 1139 (Μ.
1508 1085 1626 1140 244.)

178 1171 434 1226 H(einricus)
465 1171 545 1215 Dei
584 1172 722 1227 gratia
750 1170 982 1215 Mindensis
1014 1171 1235 1230 episcopus
1265 1171 1495 1230 W(ibaldo)
1526 1174 1628 1219 Cor-

59 1251 217 1295 beiensi
249 1250 403 1307 abbati,
433 1253 522 1294 tam
552 1250 723 1308 pietatis
755 1263 881 1307 quam
913 1250 1112 1294 scientiae
1142 1250 1299 1308 repleri
1330 1252 1494 1309 spiritu.

176 1328 458 1373 Rescribimus
507 1328 765 1372 fraternitati
809 1331 973 1372 vestrae
981 1327 1011 1385 ¹’,
1063 1332 1237 1385 urgente
1287 1330 1470 1374 karitate
1521 1344 1628 1388 quae

58 1407 200 1452 omnia
230 1406 387 1464 suffert,
418 1421 503 1451 non
532 1410 694 1451 terrore
723 1406 948 1463 minarum,
981 1421 1084 1463 quas
1106 1408 1314 1452 austerius
1336 1422 1462 1465 quam
1483 1409 1629 1453 deceat

58 1486 289 1530 intentatis.
351 1484 608 1530 Confidimus
648 1486 759 1530 enim
797 1486 843 1529 in
883 1485 1058 1530 ecclesia
1096 1486 1286 1531 Romana
1322 1487 1389 1531 vel
1426 1487 1471 1531 in
1510 1488 1629 1532 curia

58 1565 190 1621 regis,
227 1564 441 1608 innocenti
477 1565 757 1622 preiudicium
794 1577 880 1608 non
916 1563 1029 1621 fieri,
1070 1564 1281 1609 ledentem
1316 1566 1464 1623 pocius
1501 1580 1628 1623 quam

56 1643 293 1701 pacientem
323 1643 537 1687 sentencia
565 1643 787 1686 iudiciaria
815 1642 1000 1687 multari.
1062 1643 1163 1700 Nos,
1195 1657 1221 1687 a
1249 1643 1369 1688 vobis
1398 1644 1490 1701 lesi,
1523 1644 1627 1688 dici·

56 1735 152 1766 mur
181 1735 256 1766 vos
285 1721 452 1777 lesisse,
489 1734 582 1765 cum
614 1721 729 1765 Deus
760 1721 864 1764 mihi
894 1721 1015 1765 testis
1047 1722 1122 1778 sit,
1154 1735 1370 1778 nunquam
1400 1736 1489 1779 me,
1519 1737 1627 1767 nun-

58 1813 184 1856 quam
222 1812 412 1843 meorum
450 1799 631 1855 aliquem
670 1813 765 1843 mea
794 1798 1010 1843 voluntate
1049 1813 1123 1843 seu
1161 1799 1335 1843 consilio
1365 1800 1433 1844 vel
1469 1800 1626 1845 auxilio

59 1877 201 1922 vobis⁶
236 1877 448 1933 nocuisse,
486 1879 550 1920 set
587 1880 754 1920 tantum
789 1877 840 1920 de
870 1877 1036 1920 iniuriis
1072 1877 1193 1921 nobis
1229 1877 1358 1921 illatis
1395 1878 1626 1923 fraternam

58 1956 388 2000 satisfactionem
419 1954 684 2012 expetivisse.
732 1953 1026 1999 Gorbeiensem
1057 1955 1316 2012 aecclesiam,
1349 1970 1455 2013 quae
1485 1970 1554 2001 me
1584 1960 1628 2001 et

59 2033 252 2078 educavit
297 2036 339 2077 et
386 2032 586 2089 erudivit,
634 2046 770 2090 neque
808 2047 982 2091 prorsus
1020 2033 1195 2091 despexi
1230 2047 1365 2091 neque
1400 2034 1626 2079 indiscrete

57 2112 250 2168 tractavi,
281 2115 346 2156 set
368 2124 544 2156 veneror
575 2114 617 2155 et
634 2111 885 2166 venerabor3
916 2112 1167 2156 iniuriarum
1198 2115 1439 2156 nostrarum
1470 2112 1625 2157 solum-

58 2190 182 2235 modo
221 2190 568 2244 satisfactionem,
613 2189 721 2233 sicut
758 2190 963 2247 expetivi,
1003 2193 1167 2248 expeto.
1237 2189 1355 2242 Quod
1392 2191 1511 2235 vobis
1548 2205 1625 2249 per

58 2269 319 2327 prepositum
348 2267 643 2323 Adelbertum,
681 2281 757 2325 per
793 2268 1051 2313 sacerdotem
1082 2268 1327 2312 Heinricum
1357 2269 1402 2312 in
1433 2283 1625 2314 sermone

57 2347 275 2402 mandavi,
315 2346 589 2403 complessem
621 2348 663 2389 et
693 2359 838 2403 opere,
879 2346 915 2390 si
947 2346 1296 2402 satisfactionem,
1333 2359 1440 2403 quae
1469 2348 1624 2391 nostris

58 2424 250 2469 fidelibus
280 2425 410 2468 immo
442 2427 484 2468 et
515 2423 765 2480 quibusdam
794 2424 946 2468 vestris
976 2424 1167 2482 plenaria
1190 2424 1418 2480 videretur,
1449 2425 1625 2482 optulis-

60 2503 174 2547 setis,
236 2502 466 2547 Consilium
501 2505 690 2546 nostrum
723 2505 765 2545 et
794 2502 967 2546 verbum
999 2502 1051 2546 de
1081 2515 1208 2546 causa
1235 2503 1437 2547 canonica
1465 2516 1550 2547 non
1579 2503 1625 2547 in

61 2595 132 2626 ore
161 2581 363 2625 laicorum
394 2581 624 2639 posuimus,
658 2583 722 2624 set
750 2579 868 2637 pacis
892 2580 1202 2638 componendae
1222 2581 1360 2637 gratia
1379 2580 1624 2625 clericorum

60 2673 110 2703 ac
138 2659 341 2703 laicorum
370 2658 571 2714 fidelium,
603 2658 711 2702 sicut
742 2661 784 2702 et
804 2671 892 2714 vos,
923 2658 990 2701 usi
1021 2672 1164 2702 sumus
1189 2658 1375 2702 consilio.
1418 2658 1623 2702 Violentis

60 2740 103 2781 et
142 2737 353 2793 sacrilegis
393 2751 460 2782 res
501 2736 724 2781 aecclesiae
762 2735 1056 2793 diripientibus
1095 2749 1173 2780 nec
1210 2736 1513 2781 communicavi
1548 2749 1624 2781 nec

59 2816 339 2870 communico3
379 2830 482 2873 quos
520 2816 669 2870 etiam,
708 2814 745 2857 si
781 2813 1026 2858 manifestos
1062 2827 1317 2871 cognovero,
1355 2818 1404 2858 ut
1432 2814 1623 2859 inimicos

60 2892 141 2938 Dei
162 2894 314 2937 devito.
354 2893 454 2937 Filii
473 2894 590 2951 pacis
611 2906 777 2947 sumus;
808 2905 955 2950 pacem
976 2892 1094 2936 vobis
1116 2892 1343 2950 optulimus
1366 2906 1450 2949 ore,
1475 2906 1623 2951 pacem

156 2997 183 3020 a,
210 2990 329 3020 nostras
351 2989 500 3020 excidisse
521 2989 646 3020 videtur.
728 2988 758 3018 b.
781 2989 899 3018 vestrae
921 2999 978 3019 om.
993 2988 1063 3019 cod.
1145 2997 1170 3020 c,
1192 2998 1246 3019 vos
1269 3000 1295 3020 c.

1654 1181 1746 1217 1150
