<?xml version="1.0" encoding="UTF-8"?>
<!DOCTYPE html PUBLIC "-//W3C//DTD XHTML 1.0 Transitional//EN"
    "http://www.w3.org/TR/xhtml1/DTD/xhtml1-transitional.dtd">
<html xmlns="http://www.w3.org/1999/xhtml" xml:lang="en" lang="en">
 <head>
  <title>
</title>
<meta http-equiv="Content-Type" content="text/html;charset=utf-8" />
  <meta name='ocr-system' content='tesseract 3.04.00' />
  <meta name='ocr-capabilities' content='ocr_page ocr_carea ocr_par ocr_line ocrx_word'/>
</head>
<body>
  <div class='ocr_page' id='page_1' title='image "bibliothecarerum01wattuoft_0215.png"; bbox 0 0 1924 3288; ppageno 0'>
   <div class='ocr_carea' id='block_1_1' title="bbox 539 230 1661 273">
    <p class='ocr_par' dir='ltr' id='par_1_1' title="bbox 539 230 1661 273">
     <span class='ocr_line' id='line_1_1' title="bbox 539 230 1661 273; baseline 0.001 -1"><span class='ocrx_word' id='word_1_1' title='bbox 539 241 736 272; x_wconf 81' lang='lat' dir='ltr'>WIBALDI</span> <span class='ocrx_word' id='word_1_2' title='bbox 765 240 1015 272; x_wconf 69' lang='lat' dir='ltr'>EPISTOLAE</span> <span class='ocrx_word' id='word_1_3' title='bbox 1052 240 1120 270; x_wconf 86' lang='lat'>123.</span> <span class='ocrx_word' id='word_1_4' title='bbox 1147 241 1215 270; x_wconf 83' lang='lat'>124.</span> <span class='ocrx_word' id='word_1_5' title='bbox 1578 230 1661 273; x_wconf 87' lang='lat'>197</span> 
     </span>
    </p>
   </div>
   <div class='ocr_carea' id='block_1_2' title="bbox 97 335 1780 393">
    <p class='ocr_par' dir='ltr' id='par_1_2' title="bbox 97 335 1780 393">
     <span class='ocr_line' id='line_1_2' title="bbox 97 335 1780 393; baseline 0 -12"><span class='ocrx_word' id='word_1_6' title='bbox 97 349 241 382; x_wconf 86' lang='lat' dir='ltr'>omnes</span> <span class='ocrx_word' id='word_1_7' title='bbox 270 335 316 382; x_wconf 93' lang='lat' dir='ltr'>in</span> <span class='ocrx_word' id='word_1_8' title='bbox 346 336 612 381; x_wconf 76' lang='lat' dir='ltr'>concordiam</span> <span class='ocrx_word' id='word_1_9' title='bbox 642 337 883 380; x_wconf 85' lang='lat' dir='ltr'>unanimem</span> <span class='ocrx_word' id='word_1_10' title='bbox 907 336 1069 393; x_wconf 86' lang='lat' dir='ltr'>Spiritu</span> <span class='ocrx_word' id='word_1_11' title='bbox 1100 339 1243 384; x_wconf 89' lang='lat' dir='ltr'>sancto</span> <span class='ocrx_word' id='word_1_12' title='bbox 1274 335 1486 380; x_wconf 81' lang='lat' dir='ltr'>mediante</span> <span class='ocrx_word' id='word_1_13' title='bbox 1516 338 1662 382; x_wconf 90' lang='lat' dir='ltr'>redea-</span> <span class='ocrx_word' id='word_1_14' title='bbox 1687 341 1780 377; x_wconf 84' lang='lat'>1148</span> 
     </span>
    </p>
   </div>
   <div class='ocr_carea' id='block_1_3' title="bbox 87 415 1661 1881">
    <p class='ocr_par' dir='ltr' id='par_1_3' title="bbox 87 415 1661 1881">
     <span class='ocr_line' id='line_1_3' title="bbox 95 415 1661 472; baseline 0 -12"><span class='ocrx_word' id='word_1_15' title='bbox 95 415 165 471; x_wconf 86' lang='lat' dir='ltr'>tis,</span> <span class='ocrx_word' id='word_1_16' title='bbox 201 428 345 460; x_wconf 92' lang='lat' dir='ltr'>omnes</span> <span class='ocrx_word' id='word_1_17' title='bbox 376 415 421 459; x_wconf 93' lang='lat' dir='ltr'>in</span> <span class='ocrx_word' id='word_1_18' title='bbox 453 415 619 459; x_wconf 88' lang='lat' dir='ltr'>Christo</span> <span class='ocrx_word' id='word_1_19' title='bbox 650 415 695 458; x_wconf 92' lang='lat' dir='ltr'>id</span> <span class='ocrx_word' id='word_1_20' title='bbox 725 415 866 472; x_wconf 90' lang='lat' dir='ltr'>ipsum</span> <span class='ocrx_word' id='word_1_21' title='bbox 898 415 1086 472; x_wconf 88' lang='lat' dir='ltr'>sapiatis,</span> <span class='ocrx_word' id='word_1_22' title='bbox 1124 428 1266 458; x_wconf 93' lang='lat' dir='ltr'>omnes</span> <span class='ocrx_word' id='word_1_23' title='bbox 1298 428 1382 458; x_wconf 91' lang='lat' dir='ltr'>non</span> <span class='ocrx_word' id='word_1_24' title='bbox 1412 416 1661 461; x_wconf 79' lang='lat' dir='ltr'>necessitate</span> 
     </span>
     <span class='ocr_line' id='line_1_4' title="bbox 95 492 1660 550; baseline 0.001 -13"><span class='ocrx_word' id='word_1_25' title='bbox 95 492 232 538; x_wconf 87' lang='lat' dir='ltr'>solum</span> <span class='ocrx_word' id='word_1_26' title='bbox 271 496 335 537; x_wconf 87' lang='lat' dir='ltr'>set</span> <span class='ocrx_word' id='word_1_27' title='bbox 375 493 502 537; x_wconf 90' lang='lat' dir='ltr'>etiam</span> <span class='ocrx_word' id='word_1_28' title='bbox 539 493 754 537; x_wconf 86' lang='lat' dir='ltr'>voluntate</span> <span class='ocrx_word' id='word_1_29' title='bbox 791 493 1046 537; x_wconf 85' lang='lat' dir='ltr'>iussionibus</span> <span class='ocrx_word' id='word_1_30' title='bbox 1078 493 1221 536; x_wconf 90' lang='lat' dir='ltr'>domni</span> <span class='ocrx_word' id='word_1_31' title='bbox 1252 506 1388 550; x_wconf 88' lang='lat' dir='ltr'>papae</span> <span class='ocrx_word' id='word_1_32' title='bbox 1418 506 1514 537; x_wconf 92' lang='lat' dir='ltr'>cum</span> <span class='ocrx_word' id='word_1_33' title='bbox 1546 495 1660 538; x_wconf 92' lang='lat' dir='ltr'>omni</span> 
     </span>
     <span class='ocr_line' id='line_1_5' title="bbox 95 571 1657 629; baseline 0.001 -14"><span class='ocrx_word' id='word_1_34' title='bbox 95 571 333 617; x_wconf 82' lang='lat' dir='ltr'>obedientia</span> <span class='ocrx_word' id='word_1_35' title='bbox 363 572 672 629; x_wconf 85' lang='lat' dir='ltr'>obtemperetis.</span> <span class='ocrx_word' id='word_1_36' title='bbox 721 571 886 614; x_wconf 90' lang='lat' dir='ltr'>Durum</span> <span class='ocrx_word' id='word_1_37' title='bbox 915 575 979 614; x_wconf 87' lang='lat' dir='ltr'>est</span> <span class='ocrx_word' id='word_1_38' title='bbox 999 575 1145 615; x_wconf 88' lang='lat' dir='ltr'>contra</span> <span class='ocrx_word' id='word_1_39' title='bbox 1166 571 1383 615; x_wconf 88' lang='lat' dir='ltr'>stimulum</span> <span class='ocrx_word' id='word_1_40' title='bbox 1403 572 1622 617; x_wconf 90' lang='lat' dir='ltr'>calcitrare</span> <span class='ocrx_word' id='word_1_41' title='bbox 1635 571 1657 617; x_wconf 90' lang='lat'>¹.</span> 
     </span>
     <span class='ocr_line' id='line_1_6' title="bbox 93 647 1660 708; baseline 0.001 -14"><span class='ocrx_word' id='word_1_42' title='bbox 93 649 189 694; x_wconf 91' lang='lat' dir='ltr'>Non</span> <span class='ocrx_word' id='word_1_43' title='bbox 219 652 295 705; x_wconf 89' lang='lat' dir='ltr'>est,</span> <span class='ocrx_word' id='word_1_44' title='bbox 329 650 401 707; x_wconf 91' lang='lat' dir='ltr'>qui</span> <span class='ocrx_word' id='word_1_45' title='bbox 432 664 476 694; x_wconf 90' lang='lat' dir='ltr'>se</span> <span class='ocrx_word' id='word_1_46' title='bbox 508 650 736 694; x_wconf 89' lang='lat' dir='ltr'>abscondat</span> <span class='ocrx_word' id='word_1_47' title='bbox 767 663 792 692; x_wconf 91' lang='lat' dir='ltr'>a</span> <span class='ocrx_word' id='word_1_48' title='bbox 822 649 959 693; x_wconf 87' lang='lat' dir='ltr'>calore</span> <span class='ocrx_word' id='word_1_49' title='bbox 982 647 1106 693; x_wconf 82' lang='lat' dir='ltr'>eius².</span> <span class='ocrx_word' id='word_1_50' title='bbox 1162 649 1358 694; x_wconf 90' lang='lat' dir='ltr'>Summus</span> <span class='ocrx_word' id='word_1_51' title='bbox 1383 651 1574 708; x_wconf 79' lang='lat' dir='ltr'>pontifex</span> <span class='ocrx_word' id='word_1_52' title='bbox 1596 655 1660 695; x_wconf 91' lang='lat' dir='ltr'>est</span> 
     </span>
     <span class='ocr_line' id='line_1_7' title="bbox 93 727 1659 787; baseline 0 -14"><span class='ocrx_word' id='word_1_53' title='bbox 93 731 136 773; x_wconf 85' lang='lat' dir='ltr'>et</span> <span class='ocrx_word' id='word_1_54' title='bbox 155 732 347 787; x_wconf 87' lang='lat' dir='ltr'>preterea</span> <span class='ocrx_word' id='word_1_55' title='bbox 366 731 505 772; x_wconf 88' lang='lat' dir='ltr'>vester</span> <span class='ocrx_word' id='word_1_56' title='bbox 526 727 720 784; x_wconf 89' lang='lat' dir='ltr'>specialis</span> <span class='ocrx_word' id='word_1_57' title='bbox 739 727 967 770; x_wconf 60' lang='lat' dir='ltr'>dominusfl.</span> <span class='ocrx_word' id='word_1_58' title='bbox 1002 727 1034 770; x_wconf 92' lang='lat' dir='ltr'>F</span> <span class='ocrx_word' id='word_1_59' title='bbox 1037 727 1209 771; x_wconf 91' lang='lat' dir='ltr'>uldense</span> <span class='ocrx_word' id='word_1_60' title='bbox 1224 729 1527 772; x_wconf 90' lang='lat' dir='ltr'>monasterium</span> <span class='ocrx_word' id='word_1_61' title='bbox 1547 730 1659 774; x_wconf 93' lang='lat' dir='ltr'>beati</span> 
     </span>
     <span class='ocr_line' id='line_1_8' title="bbox 92 805 1658 863; baseline 0 -12"><span class='ocrx_word' id='word_1_62' title='bbox 92 806 208 851; x_wconf 85' lang='lat' dir='ltr'>Petri</span> <span class='ocrx_word' id='word_1_63' title='bbox 239 820 287 850; x_wconf 88' lang='lat' dir='ltr'>ac</span> <span class='ocrx_word' id='word_1_64' title='bbox 325 810 493 850; x_wconf 87' lang='lat' dir='ltr'>sanctae</span> <span class='ocrx_word' id='word_1_65' title='bbox 529 805 678 849; x_wconf 87' lang='lat' dir='ltr'>matris</span> <span class='ocrx_word' id='word_1_66' title='bbox 709 808 879 849; x_wconf 89' lang='lat' dir='ltr'>nostrae</span> <span class='ocrx_word' id='word_1_67' title='bbox 916 805 1130 849; x_wconf 86' lang='lat' dir='ltr'>Romanae</span> <span class='ocrx_word' id='word_1_68' title='bbox 1169 806 1395 850; x_wconf 78' lang='lat' dir='ltr'>aecclesiae</span> <span class='ocrx_word' id='word_1_69' title='bbox 1433 807 1658 863; x_wconf 88' lang='lat' dir='ltr'>singularis</span> 
     </span>
     <span class='ocr_line' id='line_1_9' title="bbox 91 882 1658 943; baseline 0.001 -15"><span class='ocrx_word' id='word_1_70' title='bbox 91 884 299 943; x_wconf 88' lang='lat' dir='ltr'>possessio</span> <span class='ocrx_word' id='word_1_71' title='bbox 322 888 396 929; x_wconf 88' lang='lat' dir='ltr'>est.</span> <span class='ocrx_word' id='word_1_72' title='bbox 420 884 663 928; x_wconf 89' lang='lat' dir='ltr'>Domestica</span> <span class='ocrx_word' id='word_1_73' title='bbox 681 897 755 927; x_wconf 87' lang='lat' dir='ltr'>vos</span> <span class='ocrx_word' id='word_1_74' title='bbox 781 883 975 941; x_wconf 85' lang='lat' dir='ltr'>exempla</span> <span class='ocrx_word' id='word_1_75' title='bbox 996 882 1251 928; x_wconf 83' lang='lat' dir='ltr'>sufficienter</span> <span class='ocrx_word' id='word_1_76' title='bbox 1272 885 1438 929; x_wconf 90' lang='lat' dir='ltr'>erudire</span> <span class='ocrx_word' id='word_1_77' title='bbox 1467 890 1658 943; x_wconf 90' lang='lat' dir='ltr'>possunt,</span> 
     </span>
     <span class='ocr_line' id='line_1_10' title="bbox 91 963 1657 1020; baseline 0.001 -13"><span class='ocrx_word' id='word_1_78' title='bbox 91 963 290 1020; x_wconf 88' lang='lat' dir='ltr'>quoniam</span> <span class='ocrx_word' id='word_1_79' title='bbox 329 963 552 1007; x_wconf 90' lang='lat' dir='ltr'>concordia</span> <span class='ocrx_word' id='word_1_80' title='bbox 587 977 655 1006; x_wconf 88' lang='lat' dir='ltr'>res</span> <span class='ocrx_word' id='word_1_81' title='bbox 692 976 849 1019; x_wconf 88' lang='lat' dir='ltr'>parvae</span> <span class='ocrx_word' id='word_1_82' title='bbox 888 966 1101 1018; x_wconf 91' lang='lat' dir='ltr'>crescunt,</span> <span class='ocrx_word' id='word_1_83' title='bbox 1142 963 1351 1006; x_wconf 83' lang='lat' dir='ltr'>discordia</span> <span class='ocrx_word' id='word_1_84' title='bbox 1381 978 1448 1007; x_wconf 86' lang='lat' dir='ltr'>res</span> <span class='ocrx_word' id='word_1_85' title='bbox 1480 978 1657 1019; x_wconf 90' lang='lat' dir='ltr'>magnae</span> 
     </span>
     <span class='ocr_line' id='line_1_11' title="bbox 91 1038 1656 1099; baseline 0 -13"><span class='ocrx_word' id='word_1_86' title='bbox 91 1038 367 1087; x_wconf 73' lang='lat' dir='ltr'>dilabuntur³.</span> <span class='ocrx_word' id='word_1_87' title='bbox 416 1041 530 1085; x_wconf 93' lang='lat' dir='ltr'>Dum</span> <span class='ocrx_word' id='word_1_88' title='bbox 567 1042 613 1085; x_wconf 91' lang='lat' dir='ltr'>in</span> <span class='ocrx_word' id='word_1_89' title='bbox 649 1039 904 1084; x_wconf 89' lang='lat' dir='ltr'>monasterio</span> <span class='ocrx_word' id='word_1_90' title='bbox 940 1044 1080 1084; x_wconf 86' lang='lat' dir='ltr'>vestro</span> <span class='ocrx_word' id='word_1_91' title='bbox 1112 1054 1199 1097; x_wconf 82' lang='lat' dir='ltr'>pax</span> <span class='ocrx_word' id='word_1_92' title='bbox 1231 1045 1273 1085; x_wconf 87' lang='lat' dir='ltr'>et</span> <span class='ocrx_word' id='word_1_93' title='bbox 1302 1040 1449 1096; x_wconf 89' lang='lat' dir='ltr'>religio</span> <span class='ocrx_word' id='word_1_94' title='bbox 1480 1043 1656 1099; x_wconf 78' lang='lat' dir='ltr'>vigeret,</span> 
     </span>
     <span class='ocr_line' id='line_1_12' title="bbox 89 1119 1657 1178; baseline -0.001 -12"><span class='ocrx_word' id='word_1_95' title='bbox 89 1121 181 1166; x_wconf 89' lang='lat' dir='ltr'>Deo</span> <span class='ocrx_word' id='word_1_96' title='bbox 211 1120 400 1178; x_wconf 91' lang='lat' dir='ltr'>propicio</span> <span class='ocrx_word' id='word_1_97' title='bbox 431 1133 499 1163; x_wconf 91' lang='lat' dir='ltr'>res</span> <span class='ocrx_word' id='word_1_98' title='bbox 530 1120 734 1163; x_wconf 90' lang='lat' dir='ltr'>humanas</span> <span class='ocrx_word' id='word_1_99' title='bbox 766 1119 1030 1174; x_wconf 79' lang='lat' dir='ltr'>moderante,</span> <span class='ocrx_word' id='word_1_100' title='bbox 1073 1119 1205 1162; x_wconf 86' lang='lat' dir='ltr'>crevit</span> <span class='ocrx_word' id='word_1_101' title='bbox 1235 1119 1279 1162; x_wconf 89' lang='lat' dir='ltr'>in</span> <span class='ocrx_word' id='word_1_102' title='bbox 1309 1119 1562 1163; x_wconf 89' lang='lat' dir='ltr'>immensum</span> <span class='ocrx_word' id='word_1_103' title='bbox 1594 1121 1657 1164; x_wconf 93' lang='lat' dir='ltr'>di—</span> 
     </span>
     <span class='ocr_line' id='line_1_13' title="bbox 90 1197 1656 1256; baseline 0 -13"><span class='ocrx_word' id='word_1_104' title='bbox 90 1199 229 1255; x_wconf 89' lang='lat' dir='ltr'>gnitas</span> <span class='ocrx_word' id='word_1_105' title='bbox 261 1202 303 1243; x_wconf 93' lang='lat' dir='ltr'>et</span> <span class='ocrx_word' id='word_1_106' title='bbox 332 1198 541 1256; x_wconf 86' lang='lat' dir='ltr'>possessio</span> <span class='ocrx_word' id='word_1_107' title='bbox 572 1201 725 1242; x_wconf 87' lang='lat' dir='ltr'>vestra.</span> <span class='ocrx_word' id='word_1_108' title='bbox 774 1197 881 1249; x_wconf 82' lang='lat' dir='ltr'>Quid</span> <span class='ocrx_word' id='word_1_109' title='bbox 911 1211 1010 1241; x_wconf 88' lang='lat' dir='ltr'>vero</span> <span class='ocrx_word' id='word_1_110' title='bbox 1032 1210 1144 1241; x_wconf 91' lang='lat' dir='ltr'>nunc</span> <span class='ocrx_word' id='word_1_111' title='bbox 1175 1198 1471 1242; x_wconf 89' lang='lat' dir='ltr'>contumeliam</span> <span class='ocrx_word' id='word_1_112' title='bbox 1501 1202 1543 1242; x_wconf 89' lang='lat' dir='ltr'>et</span> <span class='ocrx_word' id='word_1_113' title='bbox 1563 1213 1656 1255; x_wconf 90' lang='lat' dir='ltr'>ege-</span> 
     </span>
     <span class='ocr_line' id='line_1_14' title="bbox 91 1275 1657 1334; baseline -0.001 -12"><span class='ocrx_word' id='word_1_114' title='bbox 91 1281 242 1323; x_wconf 88' lang='lat' dir='ltr'>statem</span> <span class='ocrx_word' id='word_1_115' title='bbox 284 1290 333 1321; x_wconf 91' lang='lat' dir='ltr'>ac</span> <span class='ocrx_word' id='word_1_116' title='bbox 368 1277 535 1321; x_wconf 91' lang='lat' dir='ltr'>ruinam</span> <span class='ocrx_word' id='word_1_117' title='bbox 574 1279 789 1334; x_wconf 86' lang='lat' dir='ltr'>operetur,</span> <span class='ocrx_word' id='word_1_118' title='bbox 839 1290 891 1318; x_wconf 82' lang='lat' dir='ltr'>ex</span> <span class='ocrx_word' id='word_1_119' title='bbox 930 1275 1153 1319; x_wconf 89' lang='lat' dir='ltr'>meliorum</span> <span class='ocrx_word' id='word_1_120' title='bbox 1191 1276 1412 1320; x_wconf 90' lang='lat' dir='ltr'>collatione</span> <span class='ocrx_word' id='word_1_121' title='bbox 1450 1278 1657 1322; x_wconf 86' lang='lat' dir='ltr'>veraciter</span> 
     </span>
     <span class='ocr_line' id='line_1_15' title="bbox 88 1354 1656 1413; baseline -0.001 -13"><span class='ocrx_word' id='word_1_122' title='bbox 88 1355 367 1411; x_wconf 87' lang='lat' dir='ltr'>intelligentia</span> <span class='ocrx_word' id='word_1_123' title='bbox 396 1358 538 1400; x_wconf 88' lang='lat' dir='ltr'>vestra</span> <span class='ocrx_word' id='word_1_124' title='bbox 567 1358 708 1413; x_wconf 92' lang='lat' dir='ltr'>potest</span> <span class='ocrx_word' id='word_1_125' title='bbox 739 1354 945 1410; x_wconf 85' lang='lat' dir='ltr'>colligere.</span> <span class='ocrx_word' id='word_1_126' title='bbox 992 1354 1203 1412; x_wconf 88' lang='lat' dir='ltr'>Deponite</span> <span class='ocrx_word' id='word_1_127' title='bbox 1233 1369 1346 1398; x_wconf 91' lang='lat' dir='ltr'>nunc</span> <span class='ocrx_word' id='word_1_128' title='bbox 1370 1355 1478 1411; x_wconf 85' lang='lat' dir='ltr'>odia,</span> <span class='ocrx_word' id='word_1_129' title='bbox 1509 1356 1656 1400; x_wconf 89' lang='lat' dir='ltr'>reicite</span> 
     </span>
     <span class='ocr_line' id='line_1_16' title="bbox 89 1432 1656 1490; baseline 0 -12"><span class='ocrx_word' id='word_1_130' title='bbox 89 1435 397 1490; x_wconf 89' lang='lat' dir='ltr'>contentiones,</span> <span class='ocrx_word' id='word_1_131' title='bbox 444 1433 583 1478; x_wconf 87' lang='lat' dir='ltr'>Deum</span> <span class='ocrx_word' id='word_1_132' title='bbox 627 1447 705 1490; x_wconf 90' lang='lat' dir='ltr'>pre</span> <span class='ocrx_word' id='word_1_133' title='bbox 751 1432 881 1476; x_wconf 89' lang='lat' dir='ltr'>oculis</span> <span class='ocrx_word' id='word_1_134' title='bbox 927 1432 1090 1477; x_wconf 91' lang='lat' dir='ltr'>habete.</span> <span class='ocrx_word' id='word_1_135' title='bbox 1155 1433 1371 1489; x_wconf 85' lang='lat' dir='ltr'>Siquidem</span> <span class='ocrx_word' id='word_1_136' title='bbox 1408 1433 1656 1478; x_wconf 90' lang='lat' dir='ltr'>maledictus</span> 
     </span>
     <span class='ocr_line' id='line_1_17' title="bbox 88 1509 1653 1569; baseline 0 -13"><span class='ocrx_word' id='word_1_137' title='bbox 88 1513 226 1568; x_wconf 93' lang='lat' dir='ltr'>homo,</span> <span class='ocrx_word' id='word_1_138' title='bbox 258 1512 330 1569; x_wconf 93' lang='lat' dir='ltr'>qui</span> <span class='ocrx_word' id='word_1_139' title='bbox 361 1511 531 1556; x_wconf 89' lang='lat' dir='ltr'>confidit</span> <span class='ocrx_word' id='word_1_140' title='bbox 560 1512 605 1555; x_wconf 92' lang='lat' dir='ltr'>in</span> <span class='ocrx_word' id='word_1_141' title='bbox 635 1511 806 1555; x_wconf 89' lang='lat' dir='ltr'>homine</span> <span class='ocrx_word' id='word_1_142' title='bbox 838 1514 880 1554; x_wconf 91' lang='lat' dir='ltr'>et</span> <span class='ocrx_word' id='word_1_143' title='bbox 908 1511 1029 1568; x_wconf 88' lang='lat' dir='ltr'>ponit</span> <span class='ocrx_word' id='word_1_144' title='bbox 1060 1523 1229 1554; x_wconf 87' lang='lat' dir='ltr'>carnem</span> <span class='ocrx_word' id='word_1_145' title='bbox 1252 1511 1470 1555; x_wconf 90' lang='lat' dir='ltr'>brachium</span> <span class='ocrx_word' id='word_1_146' title='bbox 1493 1509 1653 1556; x_wconf 81' lang='lat' dir='ltr'>suum⁴.</span> 
     </span>
     <span class='ocr_line' id='line_1_18' title="bbox 88 1588 1656 1649; baseline -0.001 -14"><span class='ocrx_word' id='word_1_147' title='bbox 88 1591 235 1635; x_wconf 89' lang='lat' dir='ltr'>Estote</span> <span class='ocrx_word' id='word_1_148' title='bbox 273 1589 351 1634; x_wconf 87' lang='lat' dir='ltr'>filii</span> <span class='ocrx_word' id='word_1_149' title='bbox 379 1590 496 1648; x_wconf 89' lang='lat' dir='ltr'>pacis</span> <span class='ocrx_word' id='word_1_150' title='bbox 529 1593 571 1634; x_wconf 92' lang='lat' dir='ltr'>et</span> <span class='ocrx_word' id='word_1_151' title='bbox 600 1589 682 1632; x_wconf 87' lang='lat' dir='ltr'>viri</span> <span class='ocrx_word' id='word_1_152' title='bbox 713 1588 890 1644; x_wconf 88' lang='lat' dir='ltr'>consilii,</span> <span class='ocrx_word' id='word_1_153' title='bbox 921 1603 1129 1633; x_wconf 87' lang='lat' dir='ltr'>memores</span> <span class='ocrx_word' id='word_1_154' title='bbox 1160 1590 1386 1649; x_wconf 89' lang='lat' dir='ltr'>verborum</span> <span class='ocrx_word' id='word_1_155' title='bbox 1417 1591 1551 1634; x_wconf 88' lang='lat' dir='ltr'>sancti</span> <span class='ocrx_word' id='word_1_156' title='bbox 1580 1604 1656 1647; x_wconf 90' lang='lat' dir='ltr'>pa-</span> 
     </span>
     <span class='ocr_line' id='line_1_19' title="bbox 88 1667 1657 1729; baseline 0 -16"><span class='ocrx_word' id='word_1_157' title='bbox 88 1684 167 1728; x_wconf 84' lang='lat' dir='ltr'>pae</span> <span class='ocrx_word' id='word_1_158' title='bbox 196 1668 371 1713; x_wconf 81' lang='lat' dir='ltr'>Leonis:</span> <span class='ocrx_word' id='word_1_159' title='bbox 411 1669 603 1729; x_wconf 64' lang='lat' dir='ltr'>Dffficile</span> <span class='ocrx_word' id='word_1_160' title='bbox 635 1676 702 1722; x_wconf 74' lang='lat' dir='ltr'>est,</span> <span class='ocrx_word' id='word_1_161' title='bbox 740 1667 891 1723; x_wconf 74' lang='lat' dir='ltr'>inquit,</span> <span class='ocrx_word' id='word_1_162' title='bbox 923 1676 969 1710; x_wconf 77' lang='lat' dir='ltr'>ut</span> <span class='ocrx_word' id='word_1_163' title='bbox 999 1670 1102 1711; x_wconf 77' lang='lat' dir='ltr'>bono</span> <span class='ocrx_word' id='word_1_164' title='bbox 1127 1677 1391 1726; x_wconf 76' lang='lat' dir='ltr'>perayantur</span> <span class='ocrx_word' id='word_1_165' title='bbox 1422 1671 1544 1724; x_wconf 75' lang='lat' dir='ltr'>exitu,</span> <span class='ocrx_word' id='word_1_166' title='bbox 1579 1686 1657 1728; x_wconf 83' lang='lat' dir='ltr'>que</span> 
     </span>
     <span class='ocr_line' id='line_1_20' title="bbox 87 1744 1657 1804; baseline -0.001 -13"><span class='ocrx_word' id='word_1_167' title='bbox 87 1749 197 1791; x_wconf 82' lang='lat' dir='ltr'>malo</span> <span class='ocrx_word' id='word_1_168' title='bbox 239 1755 334 1790; x_wconf 76' lang='lat' dir='ltr'>sunt</span> <span class='ocrx_word' id='word_1_169' title='bbox 367 1747 560 1790; x_wconf 80' lang='lat' dir='ltr'>inchoata</span> <span class='ocrx_word' id='word_1_170' title='bbox 591 1747 817 1804; x_wconf 77' lang='lat' dir='ltr'>principio.</span> <span class='ocrx_word' id='word_1_171' title='bbox 874 1744 1040 1800; x_wconf 83' lang='lat' dir='ltr'>Valete,</span> <span class='ocrx_word' id='word_1_172' title='bbox 1090 1749 1132 1789; x_wconf 75' lang='lat' dir='ltr'>et</span> <span class='ocrx_word' id='word_1_173' title='bbox 1170 1746 1215 1789; x_wconf 86' lang='lat' dir='ltr'>in</span> <span class='ocrx_word' id='word_1_174' title='bbox 1251 1746 1330 1790; x_wconf 83' lang='lat' dir='ltr'>hac</span> <span class='ocrx_word' id='word_1_175' title='bbox 1368 1749 1456 1790; x_wconf 83' lang='lat' dir='ltr'>tam</span> <span class='ocrx_word' id='word_1_176' title='bbox 1495 1745 1657 1790; x_wconf 85' lang='lat' dir='ltr'>difficili</span> 
     </span>
     <span class='ocr_line' id='line_1_21' title="bbox 89 1823 1056 1881; baseline -0.004 -11"><span class='ocrx_word' id='word_1_177' title='bbox 89 1839 216 1870; x_wconf 86' lang='lat' dir='ltr'>causa</span> <span class='ocrx_word' id='word_1_178' title='bbox 245 1824 380 1868; x_wconf 90' lang='lat' dir='ltr'>sancti</span> <span class='ocrx_word' id='word_1_179' title='bbox 412 1823 594 1881; x_wconf 90' lang='lat' dir='ltr'>Spiritus</span> <span class='ocrx_word' id='word_1_180' title='bbox 627 1823 730 1866; x_wconf 87' lang='lat' dir='ltr'>assit</span> <span class='ocrx_word' id='word_1_181' title='bbox 759 1823 877 1867; x_wconf 91' lang='lat' dir='ltr'>vobis</span> <span class='ocrx_word' id='word_1_182' title='bbox 908 1823 1056 1878; x_wconf 88' lang='lat' dir='ltr'>gratia.</span> 
     </span>
    </p>
   </div>
   <div class='ocr_carea' id='block_1_4' title="bbox 728 1919 1010 1926">
    <p class='ocr_par' dir='ltr' id='par_1_4' title="bbox 728 1919 1010 1926">
     <span class='ocr_line' id='line_1_22' title="bbox 728 1919 1010 1926; baseline 0 1362"><span class='ocrx_word' id='word_1_183' title='bbox 728 1919 1010 1926; x_wconf 95' lang='lat' dir='ltr'> </span> 
     </span>
    </p>
   </div>
   <div class='ocr_carea' id='block_1_5' title="bbox 95 1979 1654 2111">
    <p class='ocr_par' dir='ltr' id='par_1_5' title="bbox 95 1979 1654 2111">
     <span class='ocr_line' id='line_1_23' title="bbox 95 1979 1654 2038; baseline -0.003 -10"><span class='ocrx_word' id='word_1_184' title='bbox 95 1981 208 2028; x_wconf 82' lang='grc'>124.</span> <span class='ocrx_word' id='word_1_185' title='bbox 239 1980 500 2025; x_wconf 72' lang='lat' dir='ltr'>stabulenses</span> <span class='ocrx_word' id='word_1_186' title='bbox 528 1980 762 2023; x_wconf 83' lang='lat' dir='ltr'>Wibaldum</span> <span class='ocrx_word' id='word_1_187' title='bbox 794 1980 1008 2022; x_wconf 76' lang='lat' dir='ltr'>consulunt</span> <span class='ocrx_word' id='word_1_188' title='bbox 1038 1980 1088 2022; x_wconf 82' lang='lat' dir='ltr'>de</span> <span class='ocrx_word' id='word_1_189' title='bbox 1109 1980 1324 2038; x_wconf 73' lang='lat' dir='ltr'>fornayiis</span> <span class='ocrx_word' id='word_1_190' title='bbox 1351 1982 1403 2023; x_wconf 84' lang='lat' dir='ltr'>ab</span> <span class='ocrx_word' id='word_1_191' title='bbox 1428 1979 1570 2023; x_wconf 75' lang='lat' dir='ltr'>odilia</span> <span class='ocrx_word' id='word_1_192' title='bbox 1591 1996 1654 2024; x_wconf 80' lang='lat' dir='ltr'>ec·</span> 
     </span>
     <span class='ocr_line' id='line_1_24' title="bbox 237 2056 1654 2111; baseline -0.002 -8"><span class='ocrx_word' id='word_1_193' title='bbox 237 2061 383 2103; x_wconf 65' lang='lat' dir='ltr'>cle-siae</span> <span class='ocrx_word' id='word_1_194' title='bbox 415 2059 587 2101; x_wconf 75' lang='lat' dir='ltr'>donatis.</span> <span class='ocrx_word' id='word_1_195' title='bbox 1440 2056 1511 2111; x_wconf 91' lang='lat' dir='ltr'>(M.</span> <span class='ocrx_word' id='word_1_196' title='bbox 1539 2058 1654 2111; x_wconf 88' lang='lat'>103.)</span> 
     </span>
    </p>
   </div>
   <div class='ocr_carea' id='block_1_6' title="bbox 90 2146 1655 2911">
    <p class='ocr_par' dir='ltr' id='par_1_6' title="bbox 91 2146 1654 2363">
     <span class='ocr_line' id='line_1_25' title="bbox 208 2146 1654 2204; baseline -0.001 -10"><span class='ocrx_word' id='word_1_197' title='bbox 208 2148 450 2194; x_wconf 81' lang='lat' dir='ltr'>Reverendo</span> <span class='ocrx_word' id='word_1_198' title='bbox 481 2147 526 2190; x_wconf 90' lang='lat' dir='ltr'>in</span> <span class='ocrx_word' id='word_1_199' title='bbox 547 2146 714 2190; x_wconf 86' lang='lat' dir='ltr'>Christo</span> <span class='ocrx_word' id='word_1_200' title='bbox 745 2147 859 2204; x_wconf 84' lang='lat' dir='ltr'>patri</span> <span class='ocrx_word' id='word_1_201' title='bbox 890 2149 932 2190; x_wconf 91' lang='lat' dir='ltr'>et</span> <span class='ocrx_word' id='word_1_202' title='bbox 959 2146 1126 2190; x_wconf 90' lang='lat' dir='ltr'>domino</span> <span class='ocrx_word' id='word_1_203' title='bbox 1142 2146 1369 2201; x_wconf 87' lang='lat' dir='ltr'>W(ibald0)</span> <span class='ocrx_word' id='word_1_204' title='bbox 1394 2146 1654 2192; x_wconf 90' lang='lat' dir='ltr'>Stabulensis</span> 
     </span>
     <span class='ocr_line' id='line_1_26' title="bbox 92 2224 1654 2281; baseline -0.002 -8"><span class='ocrx_word' id='word_1_205' title='bbox 92 2228 315 2273; x_wconf 87' lang='lat' dir='ltr'>aecclesiae</span> <span class='ocrx_word' id='word_1_206' title='bbox 351 2225 582 2271; x_wconf 89' lang='lat' dir='ltr'>venerabili</span> <span class='ocrx_word' id='word_1_207' title='bbox 623 2225 764 2268; x_wconf 89' lang='lat' dir='ltr'>abbati</span> <span class='ocrx_word' id='word_1_208' title='bbox 802 2224 973 2268; x_wconf 92' lang='lat' dir='ltr'>humilis</span> <span class='ocrx_word' id='word_1_209' title='bbox 1006 2225 1193 2268; x_wconf 87' lang='lat' dir='ltr'>eiusdem</span> <span class='ocrx_word' id='word_1_210' title='bbox 1225 2225 1451 2269; x_wconf 89' lang='lat' dir='ltr'>aecclesiae</span> <span class='ocrx_word' id='word_1_211' title='bbox 1482 2239 1654 2281; x_wconf 87' lang='lat' dir='ltr'>congre-</span> 
     </span>
     <span class='ocr_line' id='line_1_27' title="bbox 91 2302 1607 2363; baseline -0.003 -12"><span class='ocrx_word' id='word_1_212' title='bbox 91 2307 203 2363; x_wconf 90' lang='lat' dir='ltr'>gatio</span> <span class='ocrx_word' id='word_1_213' title='bbox 233 2305 399 2349; x_wconf 91' lang='lat' dir='ltr'>fidelem</span> <span class='ocrx_word' id='word_1_214' title='bbox 431 2304 695 2347; x_wconf 86' lang='lat' dir='ltr'>dilectionem</span> <span class='ocrx_word' id='word_1_215' title='bbox 729 2306 770 2346; x_wconf 92' lang='lat' dir='ltr'>et</span> <span class='ocrx_word' id='word_1_216' title='bbox 801 2302 984 2346; x_wconf 88' lang='lat' dir='ltr'>debitam</span> <span class='ocrx_word' id='word_1_217' title='bbox 1015 2317 1091 2360; x_wconf 88' lang='lat' dir='ltr'>per</span> <span class='ocrx_word' id='word_1_218' title='bbox 1122 2303 1263 2346; x_wconf 90' lang='lat' dir='ltr'>omnia</span> <span class='ocrx_word' id='word_1_219' title='bbox 1294 2303 1607 2348; x_wconf 89' lang='lat' dir='ltr'>subiectionem.</span> 
     </span>
    </p>

    <p class='ocr_par' dir='ltr' id='par_1_7' title="bbox 90 2381 1655 2911">
     <span class='ocr_line' id='line_1_28' title="bbox 208 2381 1655 2439; baseline -0.001 -11"><span class='ocrx_word' id='word_1_220' title='bbox 208 2383 428 2438; x_wconf 86' lang='lat' dir='ltr'>Memores,</span> <span class='ocrx_word' id='word_1_221' title='bbox 464 2386 586 2439; x_wconf 86' lang='lat' dir='ltr'>pater</span> <span class='ocrx_word' id='word_1_222' title='bbox 618 2381 918 2436; x_wconf 87' lang='lat' dir='ltr'>amantissime,</span> <span class='ocrx_word' id='word_1_223' title='bbox 950 2381 1046 2438; x_wconf 87' lang='lat' dir='ltr'>piae</span> <span class='ocrx_word' id='word_1_224' title='bbox 1076 2381 1346 2436; x_wconf 88' lang='lat' dir='ltr'>benignitatis</span> <span class='ocrx_word' id='word_1_225' title='bbox 1376 2385 1541 2426; x_wconf 89' lang='lat' dir='ltr'>vestrae</span> <span class='ocrx_word' id='word_1_226' title='bbox 1573 2397 1655 2438; x_wconf 88' lang='lat' dir='ltr'>qua</span> 
     </span>
     <span class='ocr_line' id='line_1_29' title="bbox 92 2458 1652 2516; baseline -0.003 -9"><span class='ocrx_word' id='word_1_227' title='bbox 92 2462 258 2507; x_wconf 88' lang='lat' dir='ltr'>assidue</span> <span class='ocrx_word' id='word_1_228' title='bbox 287 2461 574 2516; x_wconf 89' lang='lat' dir='ltr'>iocundamur,</span> <span class='ocrx_word' id='word_1_229' title='bbox 608 2463 649 2503; x_wconf 87' lang='lat' dir='ltr'>et</span> <span class='ocrx_word' id='word_1_230' title='bbox 679 2473 755 2516; x_wconf 89' lang='lat' dir='ltr'>pre</span> <span class='ocrx_word' id='word_1_231' title='bbox 786 2458 915 2502; x_wconf 88' lang='lat' dir='ltr'>oculis</span> <span class='ocrx_word' id='word_1_232' title='bbox 937 2459 1107 2502; x_wconf 87' lang='lat' dir='ltr'>cottidie</span> <span class='ocrx_word' id='word_1_233' title='bbox 1127 2459 1327 2502; x_wconf 89' lang='lat' dir='ltr'>habentes</span> <span class='ocrx_word' id='word_1_234' title='bbox 1349 2463 1550 2516; x_wconf 89' lang='lat' dir='ltr'>paternae</span> <span class='ocrx_word' id='word_1_235' title='bbox 1572 2461 1652 2504; x_wconf 91' lang='lat' dir='ltr'>sol-</span> 
     </span>
     <span class='ocr_line' id='line_1_30' title="bbox 90 2537 1651 2594; baseline -0.002 -9"><span class='ocrx_word' id='word_1_236' title='bbox 90 2540 320 2585; x_wconf 90' lang='lat' dir='ltr'>licitudinis</span> <span class='ocrx_word' id='word_1_237' title='bbox 351 2542 516 2583; x_wconf 83' lang='lat' dir='ltr'>vestrae</span> <span class='ocrx_word' id='word_1_238' title='bbox 547 2540 682 2582; x_wconf 90' lang='lat' dir='ltr'>certos</span> <span class='ocrx_word' id='word_1_239' title='bbox 714 2538 873 2580; x_wconf 83' lang='lat' dir='ltr'>fructus</span> <span class='ocrx_word' id='word_1_240' title='bbox 906 2540 947 2580; x_wconf 90' lang='lat' dir='ltr'>et</span> <span class='ocrx_word' id='word_1_241' title='bbox 977 2550 1143 2594; x_wconf 89' lang='lat' dir='ltr'>semper</span> <span class='ocrx_word' id='word_1_242' title='bbox 1172 2537 1355 2580; x_wconf 87' lang='lat' dir='ltr'>valitura</span> <span class='ocrx_word' id='word_1_243' title='bbox 1380 2538 1651 2594; x_wconf 88' lang='lat' dir='ltr'>monimenta,</span> 
     </span>
     <span class='ocr_line' id='line_1_31' title="bbox 93 2614 1652 2676; baseline -0.003 -13"><span class='ocrx_word' id='word_1_244' title='bbox 93 2619 203 2676; x_wconf 91' lang='lat' dir='ltr'>quod</span> <span class='ocrx_word' id='word_1_245' title='bbox 234 2618 370 2662; x_wconf 92' lang='lat' dir='ltr'>solum</span> <span class='ocrx_word' id='word_1_246' title='bbox 399 2630 635 2675; x_wconf 79' lang='lat' dir='ltr'>possumuS,</span> <span class='ocrx_word' id='word_1_247' title='bbox 668 2616 839 2659; x_wconf 89' lang='lat' dir='ltr'>calicem</span> <span class='ocrx_word' id='word_1_248' title='bbox 870 2614 1016 2658; x_wconf 91' lang='lat' dir='ltr'>salutis</span> <span class='ocrx_word' id='word_1_249' title='bbox 1049 2615 1289 2672; x_wconf 90' lang='lat' dir='ltr'>accipiendo</span> <span class='ocrx_word' id='word_1_250' title='bbox 1323 2618 1364 2659; x_wconf 89' lang='lat' dir='ltr'>et</span> <span class='ocrx_word' id='word_1_251' title='bbox 1393 2629 1546 2659; x_wconf 89' lang='lat' dir='ltr'>nomen</span> <span class='ocrx_word' id='word_1_252' title='bbox 1567 2616 1652 2659; x_wconf 94' lang='lat' dir='ltr'>Do-</span> 
     </span>
     <span class='ocr_line' id='line_1_32' title="bbox 92 2693 1652 2752; baseline -0.002 -11"><span class='ocrx_word' id='word_1_253' title='bbox 92 2697 196 2741; x_wconf 87' lang='lat' dir='ltr'>mini</span> <span class='ocrx_word' id='word_1_254' title='bbox 233 2695 485 2751; x_wconf 87' lang='lat' dir='ltr'>invocando,</span> <span class='ocrx_word' id='word_1_255' title='bbox 526 2708 604 2752; x_wconf 88' lang='lat' dir='ltr'>pro</span> <span class='ocrx_word' id='word_1_256' title='bbox 640 2698 781 2738; x_wconf 86' lang='lat' dir='ltr'>vestra</span> <span class='ocrx_word' id='word_1_257' title='bbox 810 2693 1097 2736; x_wconf 88' lang='lat' dir='ltr'>incolumitate</span> <span class='ocrx_word' id='word_1_258' title='bbox 1128 2693 1361 2749; x_wconf 88' lang='lat' dir='ltr'>vestrisque</span> <span class='ocrx_word' id='word_1_259' title='bbox 1394 2695 1652 2739; x_wconf 87' lang='lat' dir='ltr'>successibus</span> 
     </span>
     <span class='ocr_line' id='line_1_33' title="bbox 92 2771 1652 2831; baseline -0.002 -12"><span class='ocrx_word' id='word_1_260' title='bbox 92 2775 245 2831; x_wconf 85' lang='lat' dir='ltr'>iugiter</span> <span class='ocrx_word' id='word_1_261' title='bbox 275 2774 355 2818; x_wconf 90' lang='lat' dir='ltr'>Dei</span> <span class='ocrx_word' id='word_1_262' title='bbox 392 2773 724 2818; x_wconf 87' lang='lat' dir='ltr'>misericordiam</span> <span class='ocrx_word' id='word_1_263' title='bbox 759 2771 968 2829; x_wconf 89' lang='lat' dir='ltr'>supplices</span> <span class='ocrx_word' id='word_1_264' title='bbox 1002 2785 1236 2815; x_wconf 81' lang='lat' dir='ltr'>exoramus.</span> <span class='ocrx_word' id='word_1_265' title='bbox 1286 2771 1385 2814; x_wconf 89' lang='lat' dir='ltr'>Inde</span> <span class='ocrx_word' id='word_1_266' title='bbox 1417 2775 1500 2827; x_wconf 88' lang='lat' dir='ltr'>est,</span> <span class='ocrx_word' id='word_1_267' title='bbox 1542 2773 1652 2829; x_wconf 89' lang='lat' dir='ltr'>quod</span> 
     </span>
     <span class='ocr_line' id='line_1_34' title="bbox 93 2849 1650 2911; baseline -0.001 -14"><span class='ocrx_word' id='word_1_268' title='bbox 93 2852 360 2911; x_wconf 88' lang='lat' dir='ltr'>paternitatis</span> <span class='ocrx_word' id='word_1_269' title='bbox 395 2854 559 2896; x_wconf 88' lang='lat' dir='ltr'>vestrae</span> <span class='ocrx_word' id='word_1_270' title='bbox 589 2851 846 2909; x_wconf 87' lang='lat' dir='ltr'>presentiam</span> <span class='ocrx_word' id='word_1_271' title='bbox 878 2850 1072 2893; x_wconf 86' lang='lat' dir='ltr'>continue</span> <span class='ocrx_word' id='word_1_272' title='bbox 1105 2849 1408 2904; x_wconf 84' lang='lat' dir='ltr'>desideramus3</span> <span class='ocrx_word' id='word_1_273' title='bbox 1447 2850 1544 2894; x_wconf 90' lang='lat' dir='ltr'>inde</span> <span class='ocrx_word' id='word_1_274' title='bbox 1575 2854 1650 2907; x_wconf 88' lang='lat' dir='ltr'>est,</span> 
     </span>
    </p>
   </div>
   <div class='ocr_carea' id='block_1_7' title="bbox 189 2947 526 2978">
    <p class='ocr_par' dir='ltr' id='par_1_8' title="bbox 189 2947 526 2978">
     <span class='ocr_line' id='line_1_35' title="bbox 189 2947 526 2978; baseline -0.003 0"><span class='ocrx_word' id='word_1_275' title='bbox 189 2958 216 2978; x_wconf 84' lang='lat' dir='ltr'>a.</span> <span class='ocrx_word' id='word_1_276' title='bbox 244 2948 383 2978; x_wconf 86' lang='lat' dir='ltr'>dominus</span> <span class='ocrx_word' id='word_1_277' title='bbox 406 2947 526 2978; x_wconf 72' lang='lat' dir='ltr'>addidi.</span> 
     </span>
    </p>
   </div>
   <div class='ocr_carea' id='block_1_8' title="bbox 190 3002 1647 3052">
    <p class='ocr_par' dir='ltr' id='par_1_9' title="bbox 190 3002 1647 3052">
     <span class='ocr_line' id='line_1_36' title="bbox 190 3002 1647 3052; baseline -0.002 -9"><span class='ocrx_word' id='word_1_278' title='bbox 190 3007 223 3044; x_wconf 93' lang='lat'>1.</span> <span class='ocrx_word' id='word_1_279' title='bbox 249 3005 334 3043; x_wconf 88' lang='lat' dir='ltr'>Act.</span> <span class='ocrx_word' id='word_1_280' title='bbox 351 3007 469 3052; x_wconf 86' lang='lat' dir='ltr'>apost.</span> <span class='ocrx_word' id='word_1_281' title='bbox 487 3005 520 3050; x_wconf 87' lang='lat'>9,</span> <span class='ocrx_word' id='word_1_282' title='bbox 539 3004 574 3041; x_wconf 87' lang='lat'>5.</span> <span class='ocrx_word' id='word_1_283' title='bbox 622 3005 655 3041; x_wconf 84' lang='lat'>2.</span> <span class='ocrx_word' id='word_1_284' title='bbox 682 3005 741 3041; x_wconf 88' lang='lat' dir='ltr'>Ps.</span> <span class='ocrx_word' id='word_1_285' title='bbox 761 3003 816 3050; x_wconf 84' lang='lat'>18,</span> <span class='ocrx_word' id='word_1_286' title='bbox 835 3004 866 3040; x_wconf 79' lang='lat'>7.</span> <span class='ocrx_word' id='word_1_287' title='bbox 917 3003 949 3041; x_wconf 90' lang='lat'>3.</span> <span class='ocrx_word' id='word_1_288' title='bbox 976 3002 1121 3043; x_wconf 84' lang='lat' dir='ltr'>Sallust.</span> <span class='ocrx_word' id='word_1_289' title='bbox 1140 3002 1220 3049; x_wconf 83' lang='lat' dir='ltr'>lug.</span> <span class='ocrx_word' id='word_1_290' title='bbox 1239 3002 1295 3039; x_wconf 89' lang='grc'>10.</span> <span class='ocrx_word' id='word_1_291' title='bbox 1343 3003 1377 3046; x_wconf 83' lang='lat'>4.</span> <span class='ocrx_word' id='word_1_292' title='bbox 1396 3002 1524 3045; x_wconf 87' lang='lat' dir='ltr'>Ierem.</span> <span class='ocrx_word' id='word_1_293' title='bbox 1542 3004 1597 3049; x_wconf 82' lang='lat'>17,</span> <span class='ocrx_word' id='word_1_294' title='bbox 1615 3004 1647 3041; x_wconf 88' lang='grc'>5.</span> 
     </span>
    </p>
   </div>
   <div class='ocr_carea' id='block_1_9' title="bbox 1703 391 1767 421">
    <p class='ocr_par' dir='ltr' id='par_1_10' title="bbox 1703 391 1767 421">
     <span class='ocr_line' id='line_1_37' title="bbox 1703 391 1767 421; baseline 0 0"><span class='ocrx_word' id='word_1_295' title='bbox 1703 391 1767 421; x_wconf 84' lang='lat' dir='ltr'>Oct.</span> 
     </span>
    </p>
   </div>
   <div class='ocr_carea' id='block_1_10' title="bbox 1682 2153 1774 2190">
    <p class='ocr_par' dir='ltr' id='par_1_11' title="bbox 1682 2153 1774 2190">
     <span class='ocr_line' id='line_1_38' title="bbox 1682 2153 1774 2190; baseline 0.011 -1"><span class='ocrx_word' id='word_1_296' title='bbox 1682 2153 1774 2190; x_wconf 87' lang='grc'>1148</span> 
     </span>
    </p>
   </div>
  </div>
 </body>
</html>
