1924 3288
515 224 713 254 wmALm
743 224 993 255 amsi-omn
1023 224 1093 255 339.
1120 224 1190 255 340.
1550 215 1640 258 469

69 311 242 375 argutae
272 317 537 363 coniecturae
567 319 791 363 materiam
822 323 1050 376 sumerent,
1083 319 1193 376 quod
1226 333 1296 364 eos
1327 324 1546 378 suspectos
1567 321 1642 366 hae
1668 325 1759 362 1151

66 395 236 452 heretis,
269 409 372 453 quos
397 397 556 441 tociens
577 401 746 441 vocatos
768 397 911 441 videre
940 411 1026 441 non
1047 397 1224 442 velletis.
1266 397 1458 443 Veniatis
1485 402 1639 457 autem,

66 473 192 518 sicuti
221 473 439 519 dominum
469 478 511 519 et
540 475 839 532 imperatorem
873 476 1011 531 decet,
1042 476 1227 520 maxime
1258 489 1355 520 cum
1386 476 1641 535 colloquium

65 550 192 596 breve
219 552 410 596 futurum
440 553 516 607 sit3
558 556 612 609 et,
645 553 681 596 si
712 553 831 596 cuius
861 552 965 597 fides
997 553 1234 598 claudicare
1263 557 1452 612 putatur,
1483 556 1546 599 ita
1574 556 1641 600 in-

64 629 322 686 staurabitis,
358 634 419 687 ut,
453 631 489 674 si
519 631 736 675 vobiscum
765 631 811 674 in
842 631 1021 675 veritate
1050 645 1136 675 non
1168 637 1380 690 operatur,
1412 637 1555 678 tamen
1587 634 1640 678 ab

62 700 245 752 inimicis
265 709 418 752 vestris
451 709 490 752 ei
518 709 787 766 postmodum
807 723 893 752 non
913 709 1037 753 facile
1058 709 1266 754 credatur.
1309 710 1477 756 Nullius
1499 715 1640 757 autem

62 786 289 842 suggestio,
320 786 476 830 nullius
507 787 751 843 blanditiae,
782 786 938 830 nullius
972 787 1099 831 etiam
1130 787 1272 832 minae
1303 793 1488 833 vestram
1519 790 1639 834 forti-

61 863 252 908 tudinem
282 877 308 908 a
335 865 553 922 proposito
586 868 789 920 evertant,
822 865 924 921 quin
955 865 1076 908 illum
1089 863 1100 882 ¹
1128 865 1340 910 hostiliter
1364 867 1576 912 invadatis
1598 872 1641 913 et

61 941 140 986 sub
176 941 352 999 pedibus
390 944 542 987 vestris
582 943 855 999 conculcetis,
899 943 972 999 qui
1009 946 1146 987 totum
1184 944 1414 1002 imperium
1451 949 1640 990 vestrum

60 1017 198 1078 replet
225 1020 455 1065 mendaciis
487 1025 530 1065 et
558 1022 603 1065 in
633 1021 713 1065 hoc
742 1034 828 1064 non
860 1021 1073 1078 sapienter
1104 1021 1322 1078 gloriatur,
1357 1023 1468 1080 quod
1493 1027 1641 1068 contra

59 1110 134 1141 vos
173 1096 332 1155 aliquid
368 1099 476 1143 velle
510 1099 578 1143 vel
615 1113 740 1156 posse
777 1113 900 1155 agere
939 1099 1220 1143 existimatur.
1342 1100 1425 1145 Per
1463 1101 1639 1146 fratrem

59 1174 285 1220 Iohannem
324 1176 548 1233 diligenter
586 1181 628 1221 et
656 1177 825 1221 fortiter
856 1178 1152 1221 ammonebitis
1184 1179 1382 1223 comitem
1413 1179 1638 1224 Heriman-

58 1267 175 1309 num,
205 1257 254 1298 ut
282 1254 500 1298 nobiscum
531 1254 735 1299 efficatius
760 1259 879 1311 agat3
911 1269 966 1299 ne
989 1268 1188 1311 cogamur
1208 1261 1359 1301 contra
1377 1257 1638 1303 voluntatem

58 1335 249 1376 nostram
279 1332 363 1377 alia
392 1333 629 1390 patrocinia
660 1347 848 1391 querere.

62 1497 178 1546 340.
209 1500 428 1544 Conradus
459 1501 542 1544 III
566 1517 641 1544 rex
671 1501 911 1559 Euyem'um
943 1501 1026 1544 III
1044 1517 1209 1560 papam
1239 1510 1374 1560 φοραί,
1407 1510 1454 1545 ut
1481 1505 1636 1547 Arnol-

206 1579 305 1621 dum
326 1578 384 1621 II
408 1579 576 1622 electum
608 1579 964 1637 archiepiscopum
989 1581 1272 1623 Coloniensem
1303 1582 1520 1642 confirmet
1539 1583 1636 1639 pri-

204 1656 441 1716 vileyiisque
473 1664 633 1714 auqeat.
691 1657 926 1700 Wibaldum
960 1659 1149 1701 abbatem
1181 1665 1219 1700 et
1242 1658 1488 1701 Heinricum
1517 1667 1636 1703 nota-

205 1735 327 1788 riwm,
360 1735 516 1792 leyatos
541 1750 648 1789 suos,
682 1735 973 1778 commendat&
1415 1734 1487 1789 (M.
1511 1736 1632 1791 313.)

174 1821 461 1867 Dilectissimo
506 1823 553 1867 in
591 1823 758 1867 Christo
803 1824 918 1882 patri
955 1837 1031 1867 suo
1072 1823 1299 1880 E(ugenio)
1338 1828 1510 1870 sanctae
1546 1825 1630 1870 Ro·
1681 1836 1771 1871 1151

56 1915 206 1945 manae
238 1900 464 1944 aecclesiae
494 1915 658 1946 summo
688 1901 879 1959 pontifici
910 1901 1160 1956 C(onradus)
1192 1902 1273 1946 Dei
1307 1903 1446 1958 gratia
1474 1903 1627 1948 Roma-
1652 1886 1793 1966 εθξῗῗᾎῑ,

54 1993 206 2023 norum
241 1992 319 2022 rex
358 1981 400 2023 et
436 1992 603 2036 semper
635 1983 836 2035 augustus
866 1979 1039 2024 filialem
1078 1994 1154 2038 per
1185 1981 1327 2024 omnia
1356 1981 1623 2026 dilectionem

56 2060 99 2101 et
128 2056 314 2101 debitam
343 2057 389 2100 in
418 2056 599 2100 Domino
631 2058 925 2102 reverentiam.

175 2134 436 2179 Coloniensis
467 2134 681 2191 aecclesia,
714 2149 821 2192 quae
843 2137 909 2180 sui
928 2136 1221 2199 magnitudine
1244 2150 1292 2181 ac
1313 2137 1464 2182 decore
1486 2151 1630 2183 omnes

54 2214 143 2259 fere
173 2212 424 2258 Germaniae
456 2215 499 2256 et
529 2211 690 2257 Galliae
720 2214 987 2272 preminebat
1019 2214 1263 2271 aecclesias,
1297 2215 1351 2259 ad
1382 2218 1547 2260 tantam
1578 2230 1630 2260 ex

55 2295 273 2350 pastorum
312 2305 484 2335 suorum
522 2291 780 2347 negligentia
817 2292 1102 2337 calamitatem
1147 2293 1382 2349 deciderat,
1427 2297 1476 2337 ut
1516 2295 1630 2338 omni

55 2374 144 2414 tam
173 2369 377 2426 religione
417 2383 542 2426 quam
582 2369 788 2424 dignitate
826 2371 1126 2415 miserabiliter
1157 2371 1340 2429 spoliata
1371 2376 1626 2416 cerneretur.

54 2447 145 2492 Deo
176 2448 306 2503 igitur
335 2462 403 2492 res
425 2447 630 2490 humanas
651 2447 896 2492 moderante
919 2452 961 2492 et
981 2450 1098 2493 cuius
1118 2449 1210 2493 vult
1229 2450 1460 2494 miserante
1468 2449 1498 2505 ¹’,
1531 2450 1628 2494 sub-

55 2529 215 2570 tractus
237 2529 301 2570 est
323 2526 374 2570 ab
395 2526 474 2569 hac
494 2526 584 2568 vita
605 2525 792 2568 eiusdem
814 2525 1040 2570 aecclesiae
1061 2528 1237 2571 antistes
1257 2527 1488 2583 Arnoldus,
1510 2529 1628 2572 cuius
1651 2542 1723 2581 Apr.
1736 2544 1754 2572 3

55 2606 244 2660 tempore
265 2607 565 2659 conquassata⁰
586 2603 819 2660 plurimum
841 2607 882 2647 et
905 2605 1077 2648 attritad
1097 2605 1246 2649 fuerat.
1284 2605 1343 2648 Et
1362 2609 1463 2648 tunc
1483 2605 1626 2650 fideles

151 2713 178 2734 a.
205 2705 290 2734 Haec
312 2706 443 2743 epistola
465 2707 495 2735 in
518 2705 623 2735 codice
637 2705 682 2734 bis
699 2705 808 2746 legitur
830 2705 859 2734 1.
880 2707 937 2743 fol.
955 2707 1014 2736 110
1028 2707 1167 2742 -1100‚
1191 2708 1219 2736 2.
1239 2708 1298 2744 fol.
1314 2707 1374 2736 122
1387 2707 1501 2736 —123.
1535 2709 1574 2737 Et
1595 2709 1626 2738 in

53 2758 110 2795 fol.
126 2757 324 2787 llo—1100
349 2758 465 2797 quidem
491 2758 614 2787 hahetur
632 2759 716 2797 prior
744 2759 892 2796 epistolae
918 2762 1035 2795 forma,
1065 2772 1083 2789 a
1109 2761 1259 2790 Wiholdo
1278 2761 1388 2800 paullo
1408 2766 1480 2798 post
1502 2761 1625 2791 electum

53 2811 221 2842 Arnoldum
244 2811 498 2850 archiepiscopum
520 2813 645 2851 scripta.
679 2813 755 2842 Post
777 2812 852 2842 diem
876 2819 973 2842 autem
996 2813 1035 2843 15
1049 2814 1130 2851 Sept.
1146 2820 1328 2843 commutata
1343 2819 1370 2843 et
1386 2819 1479 2843 aucta
1493 2815 1624 2853 epistola

54 2870 107 2899 eet,
131 2865 380 2904 quemadmodum
403 2865 512 2906 legitur
534 2867 563 2894 in
586 2865 701 2895 codicis
722 2867 780 2903 sol.
797 2866 970 2896 122—123.
1042 2866 1072 2896 b.
1094 2867 1255 2897 miserente
1279 2867 1307 2897 1.
1378 2875 1404 2897 c.
1425 2869 1470 2898 sic
1491 2879 1530 2898 ex
1551 2876 1621 2901 con-

55 2918 216 2956 quassante
238 2929 313 2947 curr.
337 2920 366 2948 in
389 2919 418 2948 1.
502 2918 531 2948 d.
554 2919 644 2948 atrita
666 2919 695 2948 2.

150 2974 183 3010 1.
208 2974 422 3012 Heinricum
446 2977 618 3013 Leonem.
