1924 3288
181 287 273 324 1152

297 178 387 221 490
729 189 928 220 wmALm
956 188 1205 221 EPISTOLAE
1232 189 1293 220 360
1305 188 1420 220 -362

299 284 410 328 bona
438 283 750 328 Kaminatensis
781 282 1007 329 aecclesiae
1035 287 1284 341 presumunt
1313 284 1490 341 auferre,
1526 283 1710 330 debitam
1737 278 1858 330 iusti·-

180 338 272 368 lma
322 362 331 371 .

166 758 258 793 1152

153 806 270 845 ssan.9)

167 2551 260 2587 1152

159 2601 221 2631 Ian.
234 2600 274 2631 27

296 375 405 406 ciam
433 362 576 406 facias.
637 361 750 405 Data
777 363 826 405 ut
856 374 997 419 supra.

292 504 416 552 -361,
444 506 660 563 Euyenius
679 504 763 548 III
778 520 901 562 papa
932 506 1070 549 abbati
1090 505 1406 563 Luneburyensi
1428 506 1613 560 mandat,
1643 521 1696 550 ne
1713 492 1858 550 mona-

442 584 610 626 sterium
642 583 881 626 Corbeiense
918 584 970 627 ab
1000 582 1197 626 Heinrico
1237 583 1389 626 deiecto
1429 583 1574 628 abbate
1606 585 1751 627 vexari
1775 599 1858 642 pa-

443 662 580 704 tiatur.
1074 691 1078 694 -
1643 659 1716 715 (Μ.
1739 659 1858 716 338.)

414 749 551 794 Idem
586 762 722 806 papa
760 748 937 793 abbati
975 748 1035 792 de
1070 747 1429 793 Lunenburch.

415 827 530 871 Tuae
560 826 773 871 dilectioni
802 829 949 870 notum
978 825 1072 870 fieri
1091 826 1297 882 volumus,
1329 826 1441 883 quod
1461 825 1698 883 Heinricus‚
1729 819 1860 884 quon-

296 905 394 950 dam
414 904 679 950 Corbeiensis
710 904 852 961 abbas,
884 904 938 948 ad
966 907 1156 948 nostram
1177 905 1436 962 presentiam
1454 905 1626 949 veniens
1646 902 1861 950 humiliter

294 983 546 1042 postulavit,
585 986 634 1026 ut
669 982 810 1040 ipsum
848 982 894 1026 in
933 995 1008 1026 suo
1045 982 1361 1026 restitueremus
1402 980 1551 1026 officio.
1612 981 1732 1042 Quod
1760 981 1861 1043 quia

294 1061 451 1106 rationi
481 1063 806 1105 consentaneum
827 1059 1001 1103 minime
1021 1059 1242 1104 videbatur
1263 1064 1305 1104 et
1326 1061 1537 1117 quantitas
1558 1058 1706 1118 culpae
1723 1060 1859 1118 ipsius

294 1153 403 1198 pene
437 1139 561 1183 huius
593 1138 842 1182 allevatione
869 1137 1089 1182 videbatur
1118 1138 1311 1195 indigna,
1349 1123 1509 1182 nullam
1538 1137 1707 1183 omnino
1737 1138 1860 1183 resti-

294 1218 501 1262 tutionem
531 1217 584 1261 de
612 1216 705 1274 ipso
736 1230 813 1260 nos
837 1215 986 1260 fecisse
1006 1229 1244 1271 cognoscas
1287 1216 1549 1260 Insinuatum
1571 1219 1636 1261 est
1654 1212 1860 1273 siquidem

295 1296 430 1352 nobis,
463 1287 574 1352 quod
603 1293 826 1338 temerario
859 1307 964 1337 ausu
993 1297 1141 1337 contra
1164 1294 1436 1352 depositionis
1457 1294 1722 1350 sententiam,
1753 1306 1860 1351 quae

295 1373 321 1418 a
350 1373 485 1418 bonae
514 1372 741 1417 memoriae
772 1371 932 1416 Th0ma
959 1371 1193 1429 presbitero
1223 1371 1440 1429 cardinali,
1475 1375 1578 1416 tunc
1607 1370 1860 1430 apostolicae

294 1451 407 1507 sedis
436 1450 589 1507 legato,
620 1451 665 1494 in
697 1464 793 1494 eum
824 1449 990 1507 prolata
1014 1463 1105 1493 esse
1125 1449 1370 1506 dinoscitur,
1402 1449 1610 1494 contraire
1628 1447 1856 1508 presumat.

294 1529 414 1581 Quod
451 1542 590 1586 quam·
612 1528 768 1572 rationi
807 1527 1064 1571 contrarium
1095 1530 1138 1571 et
1167 1528 1194 1571 a
1222 1531 1462 1572 sanctorum
1490 1531 1662 1586 patrum
1689 1526 1858 1572 institu-

293 1606 478 1651 tionibus
509 1606 678 1664 penitus
709 1606 766 1650 sit
795 1605 993 1662 alienum,
1025 1605 1097 1662 qui
1120 1605 1209 1649 zelo
1229 1606 1494 1650 rectitudinis
1513 1606 1660 1662 utitur,
1688 1605 1858 1664 penitus

295 1698 381 1729 non
410 1685 590 1741 ignorat.
639 1683 746 1736 Quia
774 1683 904 1740 igitur
936 1683 989 1727 ad
1020 1683 1278 1741 apostolatus
1308 1684 1444 1728 nostri
1473 1681 1656 1728 officium
1682 1685 1858 1741 spectat,

295 1766 437 1807 errata
471 1763 679 1818 corrigere
711 1765 753 1806 et
782 1765 870 1806 tam
900 1762 1084 1806 nefarias
1113 1762 1451 1820 presumptiones
1481 1762 1534 1806 de
1561 1760 1699 1806 medio
1730 1760 1858 1805 extir-

294 1855 411 1899 pare,
442 1841 703 1898 presentium
732 1840 811 1884 tibi
841 1840 1088 1884 auctoritate
1111 1840 1374 1896 mandamus,
1407 1840 1603 1897 quatinus
1622 1839 1858 1897 predictum

295 1918 575 1973 H(einricum)
614 1918 803 1962 districte
838 1931 1124 1973 commoneas,
1164 1921 1212 1961 ut
1242 1918 1268 1961 a
1295 1921 1416 1961 tanta
1443 1917 1758 1976 presumptione
1787 1916 1858 1961 de-

295 1996 419 2040 sistat
449 1999 492 2040 et
519 1996 735 2054 predictae
766 1996 1000 2040 sententiae
1022 1996 1068 2040 in
1090 1996 1231 2054 ipsum
1250 1995 1439 2053 prolatae
1457 1995 1632 2040 minime
1650 1978 1858 2040 contraire

294 2077 524 2132 presumat.
588 2073 635 2118 Si
673 2077 812 2118 autem
851 2074 903 2118 de
938 2073 1100 2131 reliquo
1136 2073 1430 2118 Corbeiensem
1465 2072 1677 2118 abbatiam
1704 2086 1858 2118 vexare

296 2165 370 2196 seu
399 2151 626 2197 molestare
655 2152 939 2210 temptaverit,
971 2152 1099 2208 digna
1127 2152 1268 2210 ipsum
1297 2150 1456 2195 ultione
1485 2150 1718 2196 cohercens

298 2293 416 2342 362.
443 2295 659 2353 Enyenius
680 2295 763 2339 III
779 2311 902 2354 papa
926 2297 1150 2354 episcopos,
1183 2297 1359 2349 comites,
1390 2296 1563 2339 barones
1580 2295 1858 2339 Alamnm'ae

442 2373 649 2427 hortatur,
690 2381 736 2416 ut
766 2374 957 2417 Conrado
985 2373 1069 2417 III
1099 2375 1189 2432 reqi
1217 2375 1397 2418 Romam
1427 2373 1538 2416 eunti
1556 2373 1742 2434 fideliter
1770 2388 1855 2416 ser-

441 2451 566 2494 viant.
1639 2448 1711 2503 (Μ.
1735 2450 1854 2504 339.)

413 2538 627 2595 Eugenius
658 2538 879 2596 episcopus
911 2554 1056 2584 servus
1087 2552 1303 2584 servorum
1331 2538 1414 2583 Dei
1435 2537 1742 2583 venerabilibus
1770 2539 1856 2584 fra·

295 2618 431 2663 tribus
463 2616 799 2674 archyepiscopis
831 2618 1052 2676 episcopis,
1085 2621 1127 2662 et
1156 2617 1319 2662 dilectis
1347 2615 1446 2660 filiis
1475 2616 1696 2660 comitibus
1721 2619 1764 2660 et
1783 2617 1855 2661 ba-

296 2696 490 2751 ronibus,
535 2708 613 2752 per
648 2694 947 2739 Alamanniam
991 2696 1230 2740 constitutis
1276 2694 1453 2739 salutem
1497 2697 1540 2738 et
1584 2694 1855 2751 apostolicam

298 2773 640 2819 benedictionem.

418 2850 536 2895 Sicut
566 2851 592 2894 a
620 2853 803 2894 rectore·
823 2849 914 2893 Deo
946 2850 999 2894 ad
1030 2851 1208 2896 salutem
1237 2849 1408 2894 humani
1437 2849 1602 2905 generis
1632 2849 1715 2894 duo
1741 2849 1855 2894 kari-

394 2956 421 2977 a.
449 2945 581 2977 omnium
602 2945 751 2977 excidisse
771 2945 895 2976 videm.
