1924 3288
582 196 781 227 wrssALm
810 195 1030 228 EPISTOLA
1061 195 1131 226 161.
1551 184 1636 227 267

72 290 155 338 Dei
170 291 312 348 gratia.
331 291 389 348 id,
422 291 535 349 quod
565 295 629 335 est
649 292 695 335 in
716 291 918 336 aecclesia
938 291 1155 348 catholica,
1176 295 1361 348 ungento
1381 292 1497 348 ungi,
1530 291 1640 348 quod
1666 293 1757 330 1149

73 370 126 416 do
154 370 295 428 capite
327 369 544 414 descendit
573 370 619 413 in
649 369 838 426 barbam,
869 369 1046 414 barbam
1074 369 1220 414 Aaron
1232 367 1255 414 ¹.

189 447 374 493 Veniens
413 448 468 492 ad
504 461 582 492 nos
621 447 874 492 venerabilis
910 448 1041 492 frater
1079 451 1222 492 noster
1259 447 1388 503 A(do)
1418 446 1640 492 Hersevel-

72 522 238 571 densis⁸
269 526 420 583 abbas,
450 526 596 570 multis
626 526 830 570 fratribus
862 529 904 569 et
933 526 1203 571 coabbatibus
1233 526 1403 583 nostris,
1435 527 1507 583 qui
1538 525 1640 570 Cor-

71 604 190 650 beiae
210 607 506 661 convenerant,
527 604 844 648 lacrimabiliter
866 608 1117 661 conquestus
1139 608 1215 661 est,
1247 605 1359 662 quod
1380 619 1406 649 a
1423 604 1640 649 monachis

71 683 160 727 suis
189 682 336 727 multis
367 683 424 727 sit
452 683 618 726 iniuriis
651 682 823 726 affectus
856 685 898 726 et
926 683 1098 726 tandem
1119 683 1171 727 de
1191 684 1447 728 monasterio
1468 696 1543 728 suo
1562 697 1641 741 per

70 762 262 819 ipsorum
290 761 535 805 violentiam
566 761 789 818 expulsus3
823 762 934 819 quod
952 762 1257 806 monasterium
1285 775 1398 806 nunc
1425 776 1452 806 a
1469 762 1577 806 laico
1599 765 1642 806 et

70 839 286 896 illiterato,
318 840 391 897 qui
422 839 564 883 abbati
595 853 670 883 suo
700 839 810 884 hanc
839 840 1046 883 invidiam
1076 839 1286 896 conflavit,
1319 844 1466 884 contra
1496 854 1641 885 sacrae

70 917 242 974 regulae
273 917 566 961 auctoritatem
596 921 780 974 regatur.
829 917 964 970 Quam
985 918 1291 975 querimoniam
1323 932 1418 962 cum
1439 919 1493 963 ad
1511 919 1641 976 pedes

72 999 236 1041 vestrae
266 994 527 1040 celsitudinis
557 996 644 1039 iam
674 996 916 1053 frequenter
945 996 1151 1052 retulerit,
1182 1010 1268 1040 non
1296 996 1432 1040 solum
1461 1011 1547 1041 non
1579 1000 1644 1042 est

71 1075 118 1119 in
148 1087 226 1119 sua
253 1074 504 1118 necessitate
540 1075 728 1131 adiutus,
768 1078 832 1119 set
862 1075 990 1118 etiam
1022 1075 1254 1119 adversarii
1284 1076 1351 1119 sui
1386 1078 1505 1119 tanto
1544 1078 1644 1120 sunt

72 1152 403 1211 presumptionis
434 1153 588 1210 spiritu
618 1154 814 1210 animati,
853 1157 902 1197 ut
937 1154 988 1197 de
1018 1154 1110 1212 ipso
1143 1154 1195 1197 ad
1227 1154 1387 1197 vicinas
1418 1153 1641 1198 aecclesias

73 1231 282 1289 quaedam
311 1231 502 1275 convicia
522 1233 564 1274 et
586 1231 743 1288 probra
762 1233 1028 1276 conscribant
1049 1257 1104 1263 —-
1128 1235 1437 1290 contemptores
1457 1232 1641 1289 regulae,

73 1322 181 1367 quae
210 1309 412 1367 precipit:
444 1309 643 1353 honorari
669 1310 841 1354 abbates
863 1311 889 1354 a
908 1311 1138 1367 monachis,
1171 1312 1300 1355 etiam
1331 1311 1368 1354 si
1397 1311 1494 1368 ipsi,
1531 1312 1643 1367 quod

74 1387 205 1444 absit,
245 1387 369 1431 aliter
407 1391 556 1444 agant,
593 1401 672 1431 nec
713 1389 870 1446 absque
899 1389 1089 1447 ipsorum
1120 1402 1326 1433 consensu
1356 1393 1398 1434 et
1426 1390 1643 1434 voluntate

74 1464 274 1524 epistolas
302 1466 403 1510 dare
423 1466 490 1510 vel
510 1463 722 1524 accipere⁸
744 1491 800 1497 -
824 1471 949 1525 atque
978 1468 1118 1523 ignari
1141 1481 1362 1525 canonum,
1396 1469 1468 1526 qui
1496 1468 1642 1512 huius-

72 1544 188 1588 modi
217 1544 447 1602 scripturas
479 1545 556 1589 sub
587 1559 742 1601 magna
772 1546 1033 1589 districtione
1062 1546 1321 1591 interdicunt
1341 1550 1383 1591 et
1403 1547 1642 1591 auctoribus

55 1634 218 1672 ,earum
237 1623 486 1678 gravissime
507 1624 881 1669 animadversionis
909 1638 1066 1682 poenas
1085 1625 1306 1683 inponunt.
1352 1625 1517 1670 Vacant
1537 1626 1641 1682 ocio,

74 1704 116 1744 et
144 1700 239 1744 ideo
268 1701 552 1745 vociferantur
562 1699 589 1758 ⁴,
620 1703 811 1747 videntes
841 1703 1047 1747 festucam
1073 1703 1118 1746 in
1147 1703 1266 1747 oculo
1287 1704 1451 1748 abbatis
1483 1707 1526 1748 et
1554 1707 1642 1748 tra-

72 1768 170 1823 bem
198 1779 245 1822 in
275 1793 351 1823 suo
381 1793 467 1822 non
497 1779 810 1825 considerantes
820 1778 847 1825 ⁵.
909 1781 1237 1839 Reprehendunt
1274 1782 1491 1838 abbatem,
1531 1783 1642 1840 quod

57 1856 342 1900 xinsolentiam
373 1860 415 1901 et
442 1859 713 1903 temerariam
741 1859 1040 1917 loquacitatem
1077 1861 1272 1904 monachi
1308 1861 1374 1905 sui
1403 1875 1489 1905 una
1519 1861 1643 1919 alapa

72 1935 335 1994 represserit.
384 1935 503 1987 Quod
533 1939 575 1979 et
604 1950 681 1980 nos
711 1936 970 1981 laudandum
989 1953 1075 1982 non
1094 1942 1308 1996 putamus,
1340 1953 1437 1983 cum
1456 1941 1644 1998 potuerit

56 2014 177 2058 vhaec
205 2014 467 2072 presumptio
487 2013 777 2059 vehementius
797 2016 902 2060 hora
928 2020 971 2061 et
991 2017 1215 2075 disciplina
1234 2017 1420 2074 regulari
1451 2018 1505 2062 ad
1534 2018 1642 2062 mul-

73 2095 213 2136 torum
241 2092 546 2136 correctionem
575 2093 793 2136 vindicari.
843 2094 916 2143 Set
937 2095 1100 2139 abbatis
1123 2097 1494 2154 intemperantiam
1523 2100 1642 2140 tanto

75 2171 353 2215 accusationis
384 2170 569 2228 pondere
601 2175 878 2228 exaggerant,
915 2173 1000 2230 ipsi
1037 2175 1273 2231 pacientiae
1312 2178 1354 2218 et
1391 2175 1642 2219 humilitatis

76 2251 202 2306 atque
230 2249 494 2292 obedientiae
523 2248 791 2305 inmemores,
824 2254 865 2294 et
894 2251 940 2294 in
971 2265 1053 2308 quo
1074 2250 1215 2309 ipsum
1238 2253 1565 2310 reprehendunt,
1598 2268 1643 2298 se

73 2327 188 2384 ipsos
225 2327 435 2382 iudicant,
481 2340 566 2370 non
602 2327 849 2372 reducentes
897 2329 951 2372 ad
988 2331 1256 2386 memoriam,
1304 2332 1416 2388 quod
1454 2332 1642 2376 omnium

74 2404 375 2448 monachorum
394 2407 516 2463 pater
548 2408 590 2448 et
610 2405 695 2448 dux
717 2405 967 2450 Benedictus
994 2408 1231 2464 inquietum
1250 2410 1503 2453 monachum
1522 2411 1644 2466 virga

73 2480 367 2540 percusserit⁶,
396 2496 474 2526 nec
501 2487 722 2540 sequentes
742 2483 950 2528 Libertini
976 2486 1171 2530 monachi
1193 2487 1446 2545 exemplum,
1478 2488 1529 2531 de
1561 2501 1641 2544 quo

74 2561 120 2604 in
138 2561 277 2618 primo
298 2561 561 2618 dialogorum
588 2562 702 2606 beati
721 2560 934 2618 Gregorii⁷
953 2563 1122 2620 legitur,
1154 2565 1278 2621 quod,
1301 2579 1397 2609 cum
1419 2565 1470 2609 ab
1492 2566 1643 2610 abbate

76 2652 151 2682 suo
180 2652 257 2696 per
285 2653 458 2695 gravem
487 2641 751 2684 iracundiam
782 2640 962 2684 scabello
991 2642 1257 2699 subpedaneo
1280 2647 1390 2687 esset
1418 2657 1641 2701 percussus

75 2719 389 2775 tumentemque
429 2733 477 2763 ac
514 2719 690 2763 lividam
725 2719 877 2762 faciem
911 2719 1104 2775 haberet,
1143 2733 1227 2764 non
1259 2720 1395 2764 solum
1425 2723 1642 2779 pacienter

75 2794 192 2851 tulit,
231 2799 296 2840 set
325 2799 368 2841 et
398 2798 687 2854 querentibus,
726 2797 838 2841 unde
875 2797 956 2842 sibi
987 2798 1228 2854 accidisset,
1267 2802 1388 2843 tanta
1416 2800 1640 2846 verborum

171 2872 205 2907 1.
229 2872 290 2908 Ps.
308 2873 388 2919 132,
405 2874 440 2909 2.
512 2874 545 2909 2.
572 2884 602 2910 s.
619 2872 931 2910 Rosenfeldensis.
1004 2874 1039 2910 3.
1064 2874 1110 2910 V.
1128 2874 1279 2920 regulae
1295 2874 1333 2912 S.
1349 2876 1543 2913 Benedicti
1568 2888 1600 2914 c.
1617 2878 1638 2913 7

76 2933 115 2966 et
137 2941 168 2966 c.
187 2930 234 2967 54
257 2942 293 2977 p.
312 2933 356 2968 16
373 2935 412 2968 et
426 2933 485 2969 32.
578 2933 612 2969 4.
638 2933 755 2969 Exod.
773 2934 806 2979 5,
823 2934 856 2969 8.
955 2934 989 2970 5.
1015 2934 1103 2970 Luc.
1124 2934 1157 2979 6,
1178 2934 1237 2970 41.
1334 2936 1368 2972 6.
1393 2935 1439 2973 V.
1464 2935 1501 2973 S.
1526 2937 1638 2984 Greg.

76 2989 162 3025 dial.
179 2990 215 3026 11
239 3001 271 3027 c.
288 2991 323 3037 4,
348 3001 433 3038 opp.
451 2991 509 3028 ed.
526 2992 664 3029 Bened.
682 2993 718 3028 II
742 3003 778 3038 p.
797 2994 880 3029 221.
977 2994 1011 3029 7.
1036 3003 1117 3039 cap.
1134 2995 1169 3039 2,
1193 3005 1277 3040 opp.
1297 2995 1333 3031 II
1356 3006 1392 3042 p.
1413 2997 1492 3033 160.
