1924 3288
307 163 395 208 484
757 179 955 211 mnALm
983 180 1231 213 nme-ronan
1257 181 1329 212 349.
1350 181 1421 213 350.

190 273 283 310 1152
306 269 602 316 exaltationem
631 272 750 328 regni
778 258 916 318 facere
945 274 1088 320 divina
1109 276 1276 321 favente
1295 276 1519 322 clementia
1538 277 1755 336 ordinasti,
1785 292 1864 338 per

188 321 282 354 1mn9

179 1287 272 1323 1152

180 1337 273 1367 th

305 348 535 405 apostolica
572 350 731 408 scripta
768 363 1031 397 commonere
1069 357 1111 398 et
1141 355 1327 399 animare
1358 355 1580 412 diligenter
1610 357 1859 405 curavimus.

305 425 395 470 Tua
422 426 585 484 itaque,
618 428 840 473 karissime
870 428 951 486 fili,
988 431 1182 488 interest,
1215 446 1291 490 pro
1322 433 1534 478 commissi
1562 434 1641 479 tibi
1668 435 1790 492 regni
1818 438 1867 480 et·

303 508 472 548 sanctae
492 504 573 549 Dei
604 505 828 551 aecclesiae
847 506 1004 552 honore
1033 512 1075 554 et
1095 509 1362 567 exaltatione,
1392 514 1607 569 tamquam
1626 513 1738 558 inter
1757 512 1864 558 alios

302 582 415 627 orbis
445 582 694 628 christianos
724 598 843 640 reges
873 586 1098 644 precipuus
1129 591 1172 632 et
1199 588 1466 634 excellentior
1484 590 1707 649 princeps,
1725 593 1861 642 atten-

301 663 389 703 tam
420 674 563 704 curam
595 664 637 705 et
667 661 990 708 sollicitudinem
1021 679 1187 722 gerere,
1226 669 1273 709 ut
1303 667 1529 712 adventum
1557 670 1698 726 tuum,
1737 660 1861 726 quem

301 737 355 781 ad
390 742 635 795 provectum
672 739 896 786 aecclesiae
934 755 983 786 ac
1019 731 1143 798 regni
1175 747 1217 787 et
1253 743 1431 788 salutem
1469 744 1687 791 christiani
1715 745 1861 804 populi

301 820 592 875 expectamus,
631 831 727 862 cum
757 818 992 864 desiderato
1021 821 1160 865 fructu
1189 826 1404 878 prestante
1434 822 1615 868 Domino
1643 824 1860 882 percipere

299 893 526 940 valeamus.
588 896 701 941 Data
731 895 900 953 Signiae
928 899 956 943 5
987 898 1084 943 Idus
1116 899 1310 944 Ianuarii.

301 1036 418 1085 350.
447 1040 661 1099 Euyem'us
681 1041 765 1084 III
780 1057 902 1100 papa
922 1041 1118 1086 Heinrico
1151 1045 1340 1101 episeopo
1362 1043 1586 1088 Leodiemi
1601 1045 1784 1101 mandat,
1813 1053 1863 1090 ue

446 1120 609 1162 comites
647 1119 698 1162 de
728 1119 824 1162 Lon
862 1127 900 1162 et
935 1121 985 1162 de
1016 1120 1158 1164 Monte
1188 1122 1319 1164 Acuto
1349 1123 1595 1166 monasterio
1627 1122 1860 1167 stabulensi

446 1197 586 1240 ablata
614 1198 825 1240 restituere
854 1205 983 1255 coyat.
1642 1198 1715 1254 (Μ.
1737 1199 1856 1254 328.)

415 1284 646 1329 Domnus
684 1299 818 1344 papa
855 1285 1123 1342 Eugenius
1154 1286 1400 1332 Heinrico
1430 1266 1710 1334 Leodiensi
1747 1289 1859 1348 ep'i-

296 1373 467 1420 scopo.

413 1439 483 1483 Ad
513 1453 658 1484 eorum
687 1440 950 1498 subventum,
983 1442 1055 1499 qui
1086 1442 1137 1486 de
1166 1445 1312 1486 nostra
1341 1443 1578 1501 specialiter
1596 1443 1858 1501 protectione

295 1515 521 1574 confidunt,
551 1518 787 1576 promptius
809 1519 1005 1564 debemus
1027 1533 1246 1576 assurgere
1266 1523 1308 1565 et
1326 1521 1442 1578 ipsos
1461 1521 1708 1566 infestantes
1729 1522 1858 1579 digna

295 1595 655 1640 animadversione
675 1596 838 1654 punire.
874 1597 1091 1642 Venientis
1113 1598 1166 1642 ad
1187 1598 1439 1656 apostolicae
1459 1599 1570 1644 sedis
1591 1598 1855 1645 clementiam

295 1672 437 1717 dilecti
464 1672 542 1717 filii
571 1674 706 1718 nostri
735 1673 951 1730 W(ibaldi)
984 1674 1243 1720 Stabulensis
1275 1675 1437 1720 abbatis
1471 1677 1670 1722 adversus
1697 1676 1854 1734 L(udo·

293 1751 448 1806 vicum)
478 1752 674 1796 comitem
695 1752 746 1796 de
766 1751 859 1796 Lon
880 1755 922 1796 et
941 1751 1248 1810 G(odefn‘dum)
1269 1753 1463 1799 comitem
1484 1755 1536 1800 de
1556 1754 1698 1801 Monte
1717 1755 1859 1801 Acut'o'

293 1842 462 1884 gravem
495 1829 707 1886 querelam
730 1831 980 1887 accepimus,
1013 1831 1123 1888 quod
1142 1832 1188 1875 in
1207 1832 1328 1876 bonis
1350 1832 1609 1878 Stabulensis
1630 1833 1854 1879 aecclesiae

293 1907 499 1951 diabolico
537 1907 740 1952 instinctu
775 1908 970 1952 incendia
1015 1909 1161 1954 caedes
1199 1913 1242 1954 et
1277 1911 1448 1968 rapinas
1483 1910 1768 1956 commiserint
1810 1914 1854 1956 et

293 1985 512 2029 ammoniti
543 1985 594 2030 de
624 1989 744 2029 tanta
772 1986 966 2042 nequicia
994 1987 1233 2032 satisfacere
1263 1987 1436 2033 minime
1455 1988 1598 2033 velint.
1639 1988 1745 2042 Quia
1771 1989 1854 2046 igi-

291 2066 361 2107 tur
390 2066 534 2108 tantae
564 2063 799 2130 iniquitatis
831 2077 1048 2108 excessum
1077 2065 1332 2123 impunitum
1355 2066 1590 2124 relinquere
1608 2078 1687 2112 nec
1703 2080 1852 2125 possu-

292 2154 386 2184 mus
416 2154 495 2185 nec
507 2141 729 2198 debemus,
759 2156 836 2200 per
855 2143 1070 2200 presentia
1088 2143 1248 2201 scripta
1266 2143 1344 2188 tibi
1364 2144 1625 2201 mandamus,
1656 2144 1851 2202 quatinus

292 2218 503 2276 prefatum
522 2217 815 2275 L(udovicum)
845 2220 1041 2266 comitem
1064 2221 1117 2265 de
1135 2219 1228 2265 Lon
1250 2225 1292 2266 et
1312 2222 1400 2266 eius
1420 2222 1642 2281 complices
1662 2222 1851 2268 districte

292 2309 570 2353 commoneas,
602 2299 662 2353 ut,
695 2311 801 2355 quae
823 2297 1082 2344 Stabulensis
1102 2299 1346 2344 monasterii
1364 2300 1564 2345 fratribus
1593 2313 1672 2360 per
1692 2299 1849 2346 violen-

291 2374 396 2419 tiam
427 2374 701 2431 abstulerunt,
731 2376 956 2420 restituant
987 2380 1029 2421 et
1057 2377 1108 2422 de
1137 2376 1266 2422 illatis
1287 2377 1452 2422 iniuriis
1473 2378 1630 2423 eisdem
1649 2378 1849 2424 fratribus

292 2452 542 2508 condignam
573 2452 900 2498 satisfactionem
931 2454 1166 2500 exhibeant.
1227 2454 1384 2508 Quodsi
1419 2456 1527 2501 forte
1563 2455 1648 2500 tuis
1677 2456 1848 2502 monitis

293 2530 488 2575 oboedire
525 2529 756 2587 noluerint,
797 2531 908 2576 infra
937 2533 1126 2591 spacium
1156 2533 1333 2578 duorum
1362 2533 1587 2591 mensium,
1624 2537 1848 2592 postquam

291 2609 506 2667 presentia
534 2608 692 2666 scripta
721 2610 969 2667 susceperis,
1000 2611 1186 2668 prefatus
1215 2625 1353 2656 comes
1374 2612 1523 2656 eteius
1542 2611 1725 2656 fautores
1746 2624 1847 2657 ana-

291 2686 489 2731 thematis
527 2685 666 2743 gladio
696 2686 913 2731 feriantur.
976 2687 1179 2733 Comitem
1211 2702 1309 2733 vero
1339 2689 1391 2734 de
1419 2687 1560 2733 Monte
1579 2688 1735 2747 Acuto,
1773 2690 1855 2748 qui·

291 2764 402 2809 bona
427 2764 559 2822 ipsius
580 2764 825 2809 monasterii
844 2767 1101 2824 presumpsit
1119 2766 1329 2823 invadere,
1361 2766 1548 2811 districte
1567 2772 1844 2825 commoneas,

291 2845 340 2886 ut
369 2842 420 2887 de
451 2842 650 2900 predictis
680 2841 873 2900 dampnis
903 2843 1103 2888 fratribus
1124 2844 1309 2889 eiusdem
1328 2841 1515 2889 coenobii
1534 2845 1703 2902 dignam
1722 2846 1845 2891 satis-

289 2919 513 2965 factionem
543 2920 748 2966 exhibeat.
811 2919 923 2964 Data
953 2920 1122 2977 Signiae
1151 2924 1179 2966 5
1210 2922 1307 2966 Idus
1337 2922 1531 2967 Ianuarii.
