1924 3288
489 210 688 240 WIBALDI
717 207 966 240 nmsronffl
995 207 1066 239 32⁷.
1090 208 1160 238 328.
1520 195 1605 240 457

44 304 226 350 Proinde
255 305 526 363 prudentiam
555 307 674 348 tuam
705 307 863 349 attente
894 304 1101 348 monendo
1131 317 1342 360 rogamus,
1373 306 1421 347 ut
1449 303 1609 347 factum

44 386 178 439 tuum,
211 383 321 440 quod
353 384 550 428 canonice
582 382 830 440 disciplinae
851 382 1041 439 regulam
1061 381 1382 438 transgreditur,
1413 381 1540 425 celeri
1562 395 1610 425 ae

45 461 227 506 discreta
255 462 488 506 mutatione
519 462 704 516 corrigas
737 464 791 517 et,
824 474 919 504 cum
951 460 1097 504 eadem
1127 460 1395 518 prepositura
1423 460 1506 515 rite
1537 474 1609 503 va-

45 539 216 595 caverit,
237 540 491 597 peticionem
510 542 700 582 nostram
721 539 921 583 exaudire
940 552 1024 582 non
1047 539 1218 583 abnuas.
1255 537 1462 583 Universa
1482 538 1608 594 enim,

47 630 152 674 quae
184 617 210 661 a
237 618 358 662 nobis
388 617 528 673 habet,
559 617 723 661 illibata
753 617 792 660 ei
823 631 955 674 usque
984 617 1037 660 ad
1057 617 1411 661 consecrationem
1443 630 1610 661 conser-

43 695 248 739 vabimus.
300 695 305 702 “

49 849 165 898 328.
195 852 410 895 Conradus
428 850 504 895 III
522 867 598 895 rex
627 853 867 895 monasterii
894 852 1238 895 Walciodorensis
1258 853 1308 895 de
1339 852 1441 895 cella
1462 851 1611 896 Haste-

191 931 319 973 riensi
341 931 607 987 privileyium
639 931 868 991 confirmat.
1393 928 1465 982 (M.
1490 930 1610 983 276.)

163 1018 212 1062 In
242 1019 413 1063 nomine
443 1022 613 1063 sanctae
645 1022 687 1063 et
715 1019 956 1063 individuae
991 1019 1207 1063 trinitatis,
1271 1018 1517 1063 Cuonradus
1549 1020 1612 1063 di-

44 1097 145 1141 vina
179 1096 348 1141 favente
387 1097 610 1141 clementia
647 1097 931 1142 Romanorum
970 1111 1047 1141 rex
1085 1097 1303 1141 secundus.
1372 1097 1441 1141 Ad
1478 1099 1611 1156 impe-

44 1174 193 1219 rialem
231 1174 562 1219 munificentiam
600 1177 803 1233 pertinet,
842 1176 948 1220 bene
988 1176 1039 1220 de
1077 1190 1123 1220 re
1153 1175 1324 1233 publica
1352 1177 1611 1221 merentibus

45 1254 209 1311 premia
238 1254 468 1312 rependere
500 1257 541 1298 et
560 1254 734 1310 ceteris,
767 1254 820 1297 ad
844 1254 1117 1298 famulatum*
1137 1254 1307 1312 imperii
1328 1255 1610 1312 surgentibus,

46 1346 115 1376 eos
154 1333 200 1376 in
239 1332 479 1390 exemplum
516 1331 594 1376 aut
624 1333 758 1377 bonae
796 1333 888 1390 spei
926 1333 1092 1389 signum
1129 1333 1345 1376 collocare.
1409 1333 1614 1386 Quocirca

45 1411 211 1455 noverit
239 1410 427 1455 fidelium
465 1414 706 1455 nostrorum
746 1414 835 1455 tam
872 1411 1039 1455 futurae
1078 1425 1202 1468 quam
1240 1411 1450 1469 presentis
1489 1413 1611 1456 etatis

44 1489 269 1546 industria,
294 1489 404 1547 quod
424 1489 664 1533 interventu
686 1489 829 1534 dilecti
851 1503 899 1534 ae
918 1489 1053 1533 fidelis
1074 1490 1210 1533 nostri
1229 1489 1414 1534 Wibaldi
1434 1491 1611 1547 abbatis,

47 1569 119 1625 qui
149 1581 261 1612 nunc
280 1567 371 1612 Deo
404 1571 572 1612 auctore
595 1567 835 1612 Stabulensi
856 1571 898 1612 et
918 1568 1160 1612 Corbeiensi
1181 1569 1436 1613 monasterio
1456 1574 1612 1627 preest,

44 1646 268 1705 privilegia
296 1645 644 1691 Walciodorensis
689 1647 955 1703 monasterii,
1002 1646 1049 1690 in
1097 1660 1177 1703 quo
1223 1647 1436 1704 predictus
1484 1648 1612 1693 abbas

47 1728 238 1768 sanctum
268 1724 484 1780 religionis
514 1724 705 1768 habitum
736 1722 943 1782 suscepitl
974 1727 1016 1768 et
1041 1725 1163 1768 iuxta
1190 1724 1380 1780 regulam
1399 1726 1513 1769 beati
1533 1726 1613 1770 Be-

47 1803 204 1847 nedicti
236 1806 277 1846 et
298 1805 537 1846 sanctorum
563 1806 732 1860 patrum
753 1802 948 1846 instituta
966 1802 1270 1860 professionem
1299 1803 1413 1859 feeit,
1444 1805 1614 1848 recitari

48 1884 91 1925 et
121 1881 277 1939 exponi
306 1881 519 1924 iussimus.
567 1881 616 1924 In
648 1881 797 1938 quibus
829 1881 1033 1938 scriptum
1064 1881 1374 1937 continebatur,
1408 1883 1518 1938 quod
1548 1883 1614 1926 vir

48 1959 258 2016 quondam
295 1959 471 2002 illustris
508 1959 721 2003 Eilbertus
761 1972 899 2003 comes
936 1960 980 2002 in
1019 1959 1191 2016 proprio
1230 1959 1476 2003 hereditatis
1515 1974 1613 2004 suae

46 2038 175 2081 fundo
207 2038 510 2082 monasterium
542 2038 770 2082 secundum
799 2037 990 2094 regulam
1022 2040 1064 2081 et
1094 2037 1283 2081 ordinem
1313 2038 1614 2082 monachorum

47 2116 92 2159 in
121 2129 231 2174 pago
261 2114 506 2160 Lummensi
536 2116 771 2159 construxit
808 2118 850 2159 et
887 2115 938 2159 de
975 2130 1048 2160 suo
1079 2117 1171 2161 iure
1203 2130 1250 2160 ae
1279 2117 1538 2175 proprietate
1568 2117 1613 2160 in

47 2194 113 2238 ius
145 2197 188 2238 et
217 2194 544 2238 dominationem
574 2194 736 2250 regiam
767 2194 893 2238 cessit
924 2197 966 2237 et
995 2196 1212 2251 transegit.
1261 2195 1379 2247 Quod
1401 2198 1613 2239 monaste-

48 2272 158 2315 rium
189 2285 282 2316 cum
315 2272 508 2316 omnibus
539 2273 798 2330 appendiciis
830 2274 915 2317 suis
947 2274 1177 2331 imperator
1209 2273 1306 2317 Otto
1336 2274 1513 2331 primus,
1546 2274 1613 2318 eui

51 2350 76 2393 a
105 2350 268 2407 prefato
290 2350 455 2406 comite,
488 2363 562 2393 suo
592 2351 737 2407 utique
758 2352 1079 2408 consanguineo,
1112 2352 1313 2395 donatum
1332 2352 1482 2407 fuerat,
1515 2365 1613 2396 con-

48 2427 147 2471 tulit
166 2427 345 2472 Metensi
366 2427 590 2471 aecclesiae
610 2442 687 2485 per
706 2442 878 2473 manum
898 2430 1120 2474 Deoderici
1139 2430 1391 2474 venerabilis
1412 2429 1612 2474 Metensis

50 2506 250 2564 episcopi,
279 2506 359 2550 hac
390 2506 549 2550 scilicet
587 2506 838 2563 interposita
874 2508 1051 2552 rationis
1092 2508 1377 2563 observantia,
1416 2511 1464 2550 ut
1501 2508 1613 2551 idem

49 2584 239 2642 pontifex
271 2584 478 2641 quendam
508 2584 647 2627 locum
672 2583 912 2628 Hasteriam
942 2585 1132 2641 nomine,
1165 2586 1266 2629 olim
1294 2586 1319 2629 a
1347 2586 1611 2629 sanctissimo

49 2662 342 2719 predecessore
374 2676 447 2706 suo
469 2662 732 2706 Adelberone
755 2663 942 2706 antistite
974 2677 1026 2706 ex
1054 2664 1225 2720 proprio
1246 2663 1491 2707 hereditatis
1520 2663 1612 2706 iure

51 2743 194 2784 saneto
231 2741 549 2798 prothomartiri
584 2740 795 2797 Stephano
834 2741 878 2783 in
909 2739 1088 2784 Metensi
1128 2741 1329 2784 aeeclesia
1359 2741 1611 2797 delegatum,

52 2818 291 2875 supradicto
313 2819 484 2862 cenobio
501 2819 639 2875 gratia
659 2818 873 2862 solaminis
895 2818 1122 2876 copularet,
1140 2822 1181 2862 et
1201 2819 1397 2875 quoniam
1418 2820 1614 2877 proxima

148 2923 174 2943 a.
203 2914 412 2944 assamulatum
434 2927 458 2944 c.

150 2971 416 3017 1.·V.ep.290
441 2982 550 3017 supra
574 2971 696 3016 p.417
723 2972 811 3007 n.2.

1635 308 1726 345 1151

1650 1022 1741 1058 1151

1635 1072 1706 1102 Mai.
1719 1073 1757 1102 17
