1924 3288
501 193 700 225 wnmm
727 193 978 226 amsa-omn
1012 192 1199 225 488-440.
1542 182 1630 226 573

70 289 247 332 veen-ae*
273 286 527 332 defensionis
566 288 770 333 auxilium
806 288 992 334 debeatis
1029 288 1273 346 impendere
1309 291 1352 333 et
1390 301 1440 333 ea
1477 289 1522 332 in
1553 302 1631 332 sua
1666 291 1760 350 1155

69 363 240 410 iusticia
271 365 408 410 modis
449 366 641 411 omnibus
679 366 910 411 confovere.
972 366 1074 410 Inde
1112 369 1194 422 est,
1233 365 1345 423 quod
1379 365 1630 424 prudentiae
1652 341 1723 372 Μ’
1737 342 1776 373 ²⁸

70 444 235 487 vestrae
263 456 341 500 per
371 443 600 502 apostolica
629 444 788 502 scripta
807 444 1069 500 mandamus,
1099 447 1148 488 ut
1173 444 1475 488 monasterium
1495 445 1630 488 sancti

70 518 237 564 Antimi
254 533 332 579 pro
352 520 467 566 beati
485 521 601 567 Petri
628 536 677 567 ac
695 526 841 567 nostra
859 522 1095 567 reverentia
1124 522 1170 566 in
1199 522 1368 567 iusticia
1396 535 1473 566 sua
1500 535 1630 566 manu

70 600 214 642 tenere
243 598 411 655 curetis,
442 602 485 644 et
513 601 742 645 secundum
772 601 884 659 quod
911 601 957 645 in
983 600 1216 659 privilegiis
1235 600 1519 645 Romanorum
1547 600 1628 644 im-

69 679 311 732 peratorum
349 677 486 722 eidem
520 679 774 724 monasterio
810 678 985 723 indultis
1031 678 1262 723 dinoscitur
1307 678 1531 735 contineri,
1575 677 1629 722 ad

70 755 398 799 conservandam
426 755 663 801 libertatem
694 757 849 814 ipsius,
889 759 1016 814 prout
1045 757 1244 814 expedire
1272 755 1482 813 videritis,
1512 755 1629 800 labo-

69 831 195 888 retis,
234 833 431 890 quatinus
471 834 619 890 dignas
656 835 774 879 vobis
811 835 1043 891 gratiarum
1084 835 1266 879 actiones
1308 834 1548 892 persolvere
1587 837 1630 878 et

70 912 234 955 vestrae
263 911 496 956 devotionis
534 912 719 956 studium
757 912 982 957 debeamus
1018 913 1063 956 in
1098 912 1178 957 hac
1214 915 1337 971 parte
1366 926 1451 957 non
1479 913 1629 956 imme—

68 988 152 1032 rito
181 990 487 1036 commendare.
534 991 646 1036 Data
677 990 809 1035 Sutrii
839 991 867 1035 5
897 990 990 1035 Kal.
1012 990 1133 1035 Iunii.

69 1129 189 1178 439.
215 1135 430 1179 Adrianus
449 1135 520 1179 IV
534 1151 658 1193 papa
686 1135 873 1179 Wibaldo
894 1151 989 1178 suos
1012 1135 1070 1179 ad
1089 1133 1348 1187 Fridericum
1367 1134 1397 1178 I
1407 1149 1546 1192 reyem
1570 1133 1627 1176 le-

213 1219 333 1269 yatos
363 1214 630 1257 commendat.
1411 1210 1483 1265 (M.
1507 1210 1627 1265 430.)

184 1299 398 1346 Adrianus
429 1302 648 1360 episcopus
679 1315 824 1346 servus
855 1315 1072 1346 servorum
1091 1301 1173 1345 Dei
1197 1300 1349 1346 dilecto
1368 1299 1454 1345 filio
1477 1299 1627 1345 Stabu-
1652 1309 1746 1346 1155

66 1377 175 1422 lensi
204 1378 347 1423 abbati
375 1379 554 1424 salutem
584 1382 626 1424 et
656 1379 929 1437 apostolicam
957 1379 1303 1424 benedictionem.
1650 1359 1713 1390 ¹¹¹²
1730 1361 1747 1389 ¹

184 1455 374 1515 Experta
402 1458 489 1501 iam
517 1458 563 1501 in
593 1457 738 1502 multis
769 1472 869 1514 erga
890 1461 1200 1503 sacrosanctam
1219 1457 1452 1501 Romanam
1472 1455 1628 1500 aeccle-

68 1533 176 1578 siam
195 1534 430 1580 dilectionis
449 1539 547 1580 tuae
567 1536 786 1580 sinceritas
804 1536 968 1581 nullum
983 1536 1256 1581 dubitationis
1271 1535 1410 1579 locum
1425 1535 1471 1578 in
1486 1533 1626 1578 animo

67 1615 211 1657 nostro
239 1613 458 1671 relinquit,
499 1614 600 1671 quin
630 1614 682 1658 de
711 1614 799 1671 his,
831 1628 936 1671 quae
967 1615 1020 1658 ad
1049 1614 1251 1658 honorem
1282 1613 1370 1658 eius
1400 1612 1626 1671 pertinent,

68 1689 247 1746 vigilans
286 1694 328 1736 et
365 1691 576 1736 studiosus
613 1692 782 1736 existas.
846 1691 954 1736 Sane
991 1706 1068 1736 nos
1107 1691 1280 1736 dilectos
1319 1690 1427 1734 filios
1461 1693 1627 1735 nostros

68 1767 335 1825 Gsuidonem)
363 1769 478 1814 tituli
497 1772 665 1814 sanctae
684 1769 943 1826 Potentiane,
973 1769 1234 1824 I(ohannem)
1254 1768 1368 1813 tituli
1387 1771 1627 1812 sanctorum

68 1845 263 1891 Iohannis
294 1850 336 1891 et
364 1846 485 1891 Pauli
513 1847 790 1905 presbiteros,
826 1851 868 1892 et
897 1847 1164 1903 G(uidonem)
1196 1850 1364 1892 sanctae
1392 1846 1552 1890 Mariae
1582 1846 1628 1889 in

67 1924 233 1982 porticu
252 1925 474 1970 diaconum
493 1925 740 1982 cardinaleS,
761 1926 988 1983 prudentes
1007 1925 1204 1971 honestos
1226 1939 1274 1970 ac
1290 1925 1497 1969 litteratos
1513 1924 1626 1968 viros

69 2006 111 2047 et
141 2016 244 2060 quos
275 2016 393 2047 caros
423 2004 535 2048 circa
563 2017 640 2048 nos
671 2004 774 2048 satis
804 2003 1019 2060 habemus,
1052 2004 1105 2048 ad
1134 2004 1391 2062 presentiam
1413 2002 1627 2047 karissimi

66 2079 144 2124 filii
179 2081 315 2125 nostri
343 2080 580 2137 F(riderici)
617 2081 893 2126 illustrissimi
921 2081 1206 2126 Romanorum
1237 2081 1349 2137 regis
1379 2094 1457 2139 pro
1486 2080 1626 2124 immi-

67 2159 263 2204 nentibus
292 2159 472 2215 negotiis
501 2159 761 2204 decrevimus
791 2159 1149 2204 transmittendos.
1206 2158 1408 2211 Quocirca
1438 2158 1626 2202 dilectio-

67 2249 165 2281 nem
194 2240 312 2281 tuam
337 2250 553 2282 monemus
575 2241 617 2281 et
637 2238 906 2282 exhortamur
925 2237 971 2281 in
989 2237 1186 2293 Domino,
1217 2237 1412 2294 quatinus
1433 2237 1493 2280 eis
1515 2235 1627 2293 apud

68 2314 247 2359 eundem
284 2313 417 2359 filium
454 2318 643 2360 nostrum
679 2317 787 2360 sicut
815 2315 936 2360 nobis
966 2315 1071 2373 ipsis
1102 2314 1324 2371 diligenter
1352 2314 1545 2370 assistas,
1585 2317 1627 2358 et

67 2392 391 2437 sollicitudinem
421 2406 586 2438 omnem
616 2394 829 2450 adhibeaS,
859 2396 908 2437 ut
936 2393 1021 2450 ipsi
1043 2393 1097 2436 ad
1115 2393 1317 2438 honorem
1337 2394 1626 2437 sacrosanctae

66 2469 279 2516 Romanae
325 2470 550 2516 aecclesiae
589 2471 777 2516 iniuncta
813 2471 981 2516 valeant
1015 2471 1184 2527 negotia
1221 2470 1444 2529 explicare.
1513 2469 1626 2514 Data

68 2546 200 2592 Sutrii
228 2548 320 2593 Kal.
351 2548 471 2593 Iunii.

69 2688 188 2737 440.
217 2693 429 2736 Adrianus
437 2692 467 2736 I
469 2692 509 2735 V
509 2708 632 2751 papa
647 2693 833 2735 Amoldo
843 2691 897 2736 II
903 2656 1209 2750 archiepiscopo
1227 2691 1467 2745 Coloniensi,
1488 2690 1623 2734 Eber-

216 2770 347 2814 kardo
379 2772 568 2828 episcopo
589 2770 897 2827 Bamberyensi,
929 2769 1115 2813 Wibaldo
1143 2769 1327 2822 mandat,
1356 2775 1403 2811 ut
1421 2775 1623 2811 monaste-

216 2848 325 2890 rium
354 2847 558 2906 Farfense
588 2847 802 2890 Friderico
824 2847 854 2890 I
873 2848 964 2904 reyi
992 2847 1281 2890 commendent.
1409 2843 1480 2898 (M.
1501 2844 1622 2898 431.)

187 2935 398 2981 Adrianus
430 2936 649 2994 episcopus
681 2949 825 2981 servus
856 2949 1071 2980 servorum
1092 2934 1173 2980 Dei
1202 2932 1508 2980 venerabilibus
1537 2933 1622 2978 fra-
1643 2940 1740 3021 12¹5?
