1924 3288
305 205 391 248 286
807 219 1006 250 wmAnm
1032 219 1253 252 msrrona
1283 220 1353 252 167.

185 314 278 350 1149
302 325 448 369 opere,
489 311 600 369 quod
634 312 825 369 predicat
854 326 946 369 ore,
985 314 1058 371 qui
1085 328 1171 359 non
1201 318 1265 359 est
1293 315 1407 362 intus
1436 314 1568 371 Nero,
1604 315 1708 360 for‘ss
1736 314 1854 361 Geta.

301 388 433 441 Quem
463 389 500 433 si
528 389 720 446 aspicias,
751 390 933 445 doceris;
965 391 1003 434 si
1023 391 1181 449 audias,
1212 393 1454 447 instrueris3
1484 393 1523 436 si
1542 404 1857 452 sequuta-per-

299 465 449 511 ficeris.
569 467 627 511 Et
660 470 708 511 tu
745 468 782 511 si
819 467 952 523 gloria
989 469 1153 514 dicendi
1190 470 1397 526 tangeris,
1437 469 1544 526 elige
1572 482 1715 515 unum
1733 482 1858 528 quem

301 545 512 601 sequaris,
549 545 673 588 cuius.
704 544 942 602 eloquentia
977 549 1075 591 tuus
1113 548 1277 591 animus
1308 547 1603 605 permulcetur.
1652 546 1858 593 Maximo-

299 636 396 665 rum
433 625 647 666 oratorum
683 635 854 667 concors
885 625 1093 669 sententia
1122 629 1204 681 est,
1245 626 1433 669 ornatius
1463 629 1506 669 et
1534 626 1744 683 copiosius
1767 625 1859 670 dici

299 713 423 756 posse
456 699 661 744 imitando
692 700 953 758 eloquentes,
994 715 1120 758 quam
1151 703 1252 747 artis
1284 705 1485 761 precepta
1513 703 1754 786 sectando.·
1755 702 1860 748 Set

300 776 352 820 de
381 776 446 820 his
476 777 691 834 hactenus,
720 781 769 822 ut
798 779 906 823 scias
937 780 1048 836 quod
1077 781 1273 824 nesciam
1788 798 1789 803 ¹

417 853 621 900 Laudasti
648 870 786 901 mores
815 871 944 913 meos,
974 871 1059 901 non
1077 858 1268 902 veritatis
1289 858 1364 901 sed
1382 857 1688 902 benivolentiae
1707 856 1856 907 ductas
1887 886 1889 889 -

299 932 552 977 testimonio.
600 933 674 977 Set
703 934 740 978 si
768 934 815 978 in
844 935 980 979 cordis
1009 935 1107 991 mei,
1139 936 1250 992 quod
1278 949 1456 993 pravum
1487 938 1552 979 est
1579 938 1623 979 et
1650 934 1858 980 inscruta*

299 1009 384 1054 bile
395 1007 419 1066 ¹,
457 1011 668 1055 domicilia
702 1012 853 1056 fuisses
883 1013 1145 1056 introductus
1177 1017 1220 1057 et
1249 1013 1415 1056 audires
1444 1013 1490 1056 in
1518 1012 1676 1056 iudicio
1703 1013 1858 1058 mentis

299 1102 439 1144 meae,
476 1089 642 1145 quando
679 1103 757 1146 pro
795 1090 997 1134 tribunali
1027 1091 1144 1134 sedet
1173 1090 1304 1146 ratio,
1343 1090 1643 1145 cogitationum
1670 1090 1786 1135 iuter
1812 1104 1859 1135 se

301 1167 585 1210 accusantium
613 1167 882 1222 gravissimos
913 1167 1116 1212 clamores
1147 1171 1190 1212 et
1216 1168 1386 1212 acerbas
1409 1169 1659 1224 questiones,
1688 1167 1765 1213 ubi
1781 1181 1860 1213 nec

299 1246 473 1287 tonsura
509 1257 588 1288 nec
624 1244 791 1288 habitus
829 1258 907 1288 nec
944 1245 1080 1302 pallor
1109 1259 1187 1289 nec
1216 1246 1372 1289 macies
1401 1249 1542 1303 potest
1569 1246 1680 1290 sene
1711 1244 1860 1290 stiffi-u*

300 1321 429 1377 gium,
458 1321 622 1366 videres
653 1322 809 1365 animal
838 1322 1038 1367 horribile
1069 1326 1112 1366 et
1142 1323 1256 1366 omni
1285 1327 1473 1367 monstro
1504 1323 1744 1367 deformius.
1786 1323 1860 1368 lbi

301 1402 518 1443 accusator
557 1402 644 1443 tam
680 1400 780 1443 forti
817 1414 943 1457 quam
979 1401 1119 1444 veraci
1158 1401 1518 1456 argumentatione
1554 1401 1754 1457 intendit,
1799 1400 1860 1445 ibi

301 1477 493 1520 defensor
523 1481 596 1521 aut
624 1477 763 1520 nullus
795 1480 859 1521 est
889 1481 963 1521 aut
990 1476 1222 1522 confitetur.
1322 1478 1394 1522 Set
1424 1491 1524 1522 cave
1544 1478 1702 1522 dixeris
1720 1491 1859 1530 mores

300 1557 436 1598 rectos
473 1555 498 1598 a
526 1558 679 1598 natura
706 1555 936 1612 profectos,
974 1556 1072 1611 quia
1102 1569 1225 1599 omne
1254 1555 1400 1599 datum
1430 1556 1637 1613 optimum
1666 1558 1710 1600 et
1737 1558 1860 1600 omne

301 1632 457 1676 donum
485 1632 718 1689 perfectum
748 1632 967 1676 desursum
998 1636 1074 1688 est,
1106 1633 1359 1676 descendens
1391 1647 1417 1676 a
1445 1636 1568 1690 patre
1595 1630 1839 1678 luminum&

417 1709 536 1754 Licet
567 1710 692 1766 enim,
724 1713 856 1754 estate
887 1713 1124 1767 conceptus,
1155 1724 1254 1754 vere
1283 1714 1407 1754 natus
1428 1711 1594 1767 fuerim,
1625 1724 1731 1768 quae
1753 1714 1860 1755 tem·

300 1801 406 1844 pora
435 1788 662 1831 secundum
691 1787 904 1844 phisichos
933 1791 1028 1832 tuos
1052 1788 1235 1845 optimae
1255 1791 1355 1832 sunt
1374 1788 1689 1845 complexionis,
1717 1792 1860 1841 tamen

300 1866 437 1921 gratia
455 1865 538 1909 Dei
566 1879 660 1909 sum
689 1866 735 1909 id
765 1865 877 1922 quod
906 1879 999 1909 sum
1030 1868 1072 1909 et
1101 1866 1271 1909 cottidie
1300 1866 1392 1923 ipso
1414 1866 1636 1910 adiuvante
1655 1865 1860 1910 contendo

300 1942 392 1987 fieri
421 1943 581 1987 melior.
628 1943 723 1987 Non
754 1946 818 1987 est
846 1943 976 1998 igitur
1005 1944 1169 1999 genesis
1200 1957 1319 1987 meae
1349 1947 1391 1987 et
1420 1946 1643 2001 parentum
1671 1950 1860 1989 meorum

301 2021 586 2076 derivationis,
618 2020 798 2077 qualiter
815 2020 970 2077 vivam,
1003 2025 1068 2065 set
1089 2021 1256 2065 divinae
1276 2021 1449 2077 gratiae,
1481 2034 1588 2078 quae
1609 2024 1651 2065 et
1668 2021 1863 2078 prevenit

302 2102 344 2143 et
374 2099 558 2154 adiuvat,
589 2099 657 2142 cui
676 2099 844 2142 vocanti
874 2099 975 2156 quin
1004 2099 1134 2142 immo
1163 2098 1348 2142 trahenti
1377 2098 1643 2143 recalcitrare
1672 2101 1717 2143 et
1731 2098 1860 2143 reniti

302 2178 422 2234 quasi
465 2177 656 2232 ingratus
693 2190 778 2220 non
816 2176 958 2221 debeo.
1025 2172 1244 2220 Uterinos⁸
1281 2179 1392 2219 certe
1427 2176 1583 2232 habeo,
1627 2176 1673 2220 in
1708 2175 1860 2233 quibus

301 2255 416 2299 Deus
445 2257 610 2298 tantam
640 2267 739 2298 suae
769 2254 968 2298 bonitatis
997 2267 1083 2297 11011
1103 2256 1167 2297 θεῖ
1186 2253 1378 2308 dignatus
1401 2266 1594 2297 exercere
1612 2253 1857 2311 potentiam.

418 2331 555 2376 Effers
586 2332 757 2375 domum
786 2329 997 2375 nostram⁴
1026 2331 1247 2389 preconiis.
1293 2329 1407 2382 Quae
1429 2330 1595 2387 quidem
1616 2330 1749 2375 multo
1771 2343 1859 2375 me-

301 2410 382 2454 lior
412 2413 488 2466 est,
521 2422 647 2466 quam
677 2409 828 2464 dignus
859 2409 954 2464 sim,
986 2412 1050 2452 set
1078 2407 1356 2452 inordinatior
1384 2421 1510 2464 quam
1539 2407 1678 2452 velim.
1725 2408 1860 2452 Tanta

302 2491 367 2533 θιῖ
396 2488 509 2532 enim
535 2487 657 2530 huius
678 2487 879 2543 temporis
900 2486 1174 2541 contumacia,
1204 2487 1324 2528 tanta
1343 2485 1589 2542 disciplinae
1606 2484 1858 2543 profligatio,

301 2569 350 2609 ut
384 2579 470 2609 non
506 2565 694 2622 accipere
723 2564 878 2607 nedum
908 2564 1064 2607 sentire
1094 2562 1409 2618 castigationem
1438 2563 1542 2606 velit
1569 2563 1657 2607 ulla
1684 2562 1858 2619 familia,

303 2646 345 2687 et
373 2643 483 2687 fallit
513 2656 612 2700 sepe
642 2642 716 2686 illa
744 2644 862 2690 tanto
892 2645 1081 2699 tempore
1110 2640 1280 2685 laudata
1309 2641 1534 2684 sententia:
1566 2650 1613 2685 ut
1634 2649 1760 2699 pater
1775 2641 1858 2698 fa-

301 2722 463 2775 miliae,
502 2723 564 2764 ita
601 2729 638 2764 et
676 2722 821 2764 domus
861 2722 959 2763 eius.
1021 2717 1216 2762 Ceterum
1249 2717 1409 2762 familia
1437 2721 1582 2762 nostra
1611 2718 1747 2763 arcior
1774 2731 1859 2762 non

398 2803 431 2838 1.
456 2803 586 2838 Ierem.
605 2802 660 2846 17,
678 2802 711 2837 9.
804 2802 839 2837 2.
863 2800 986 2836 Iacob.
1006 2801 1036 2844 l,
1054 2801 1112 2836 17.
1195 2800 1230 2836 3.
1255 2799 1286 2835 E
1303 2798 1463 2835 wibaldi
1487 2799 1642 2835 uterinis
1666 2800 1774 2845 (quos
1797 2797 1858 2835 hic

303 2861 349 2898 de
362 2861 551 2907 impietate
565 2861 722 2907 quadam
735 2859 982 2906 reprehendit)
1000 2870 1074 2895 non
1090 2858 1258 2895 novimus
1273 2858 1343 2894 nisi
1359 2858 1661 2895 Erchembertum
1677 2860 1727 2903 (v.
1741 2868 1801 2904 ep.
1813 2858 1859 2894 18

302 2931 340 2966 p.
354 2921 419 2967 993
451 2923 490 2957 et
508 2920 672 2957 Wibaldi
704 2919 780 2956 tab.
804 2930 864 2965 ap.
888 2920 1051 2956 Martene
1076 2918 1168 2956 Coll.
1187 2918 1233 2954 11.
1256 2918 1338 2961 116)
1363 2921 1400 2954 et
1423 2917 1706 2963 Etlembaldum,
1729 2920 1859 2964 postea

302 2979 471 3016 abbatem
497 2979 753 3017 stabulensem
779 2981 827 3025 (v.
845 2979 996 3015 Ianssen
1021 2977 1168 3014 Wibald
1193 2987 1230 3023 p.
1248 2978 1294 3021 7).
1390 2977 1423 3012 4.
1451 2977 1720 3014 Corbeiensem.
