1924 3262
321 197 406 242 104
786 209 985 241 wmALm
1013 207 1262 240 amsa-omn·
1290 208 1340 239 26.
1363 208 1413 239 2¹1.

93 307 184 343 1146
207 319 253 364 3³¹·
267 324 301 331 -
435 304 542 349 Cum
563 305 731 362 quidem
752 305 880 360 DeuS‚
912 317 998 347 non
1016 304 1238 348 immemor
1257 302 1553 348 beneficiorum
1572 317 1744 349 suorum
1773 298 1880 362 quae

92 355 184 391 1147
207 367 247 387 ω’
318 397 344 427 a
373 383 538 427 saeculo
571 386 680 438 sunt,
718 382 927 437 delegavit
957 382 1156 426 ecclesiae
1184 385 1354 426 nostrae
1384 382 1600 426 dominum
1627 385 1672 426 et
1699 385 1880 440 patrm,

316 461 434 518 prius
467 461 636 518 quidem
667 463 867 515 vestrm,
899 473 1011 503 nunc
1041 463 1182 504 autem
1213 463 1255 504 et
1283 463 1471 504 vestrum
1501 463 1543 504 et
1569 462 1776 516 noenum,
1807 459 1881 518 qui

315 539 439 582 unius
470 539 603 596 patris
634 538 710 582 filii
741 552 906 594 sumus,
946 537 1112 581 vinculo
1142 538 1288 595 utique
1318 551 1543 594 germanae
1573 538 1765 582 caritatis
1789 551 1880 583 men.

316 617 458 661 diante
488 617 578 661 Deo
613 617 700 659 iam
737 630 823 659 non
861 616 1102 672 ignobiliter
1132 616 1324 660 connecti
1353 616 1589 673 incipimus.
1650 615 1700 659 In
1727 615 1878 673 primis

317 708 415 750 ergo
445 698 611 738 vestrae
649 693 864 737 dilectioni
896 708 1022 751 quam
1050 693 1258 738 maximas
1291 697 1333 737 et
1363 707 1490 750 quam
1520 693 1692 737 devotas
1721 685 1879 749 gratiass

315 786 411 815 rum
443 772 625 815 actiones
653 775 800 815 nostra
820 771 1000 816 exsolvit
1019 771 1205 828 ecclesia,
1238 772 1337 828 quia
1356 772 1485 815 talem
1506 783 1555 815 ac
1573 773 1718 815 tantae
1736 766 1878 815 aucto-

315 850 453 893 ritatis
484 850 645 906 virum,
685 850 802 893 cuius
840 850 1050 894 industria
1084 850 1193 894 sicut
1229 850 1275 893 in
1311 850 1429 893 curia
1457 849 1568 905 regis
1599 842 1778 893 celebris
1802 849 1878 894 ha.-

315 928 437 971 betur
468 928 528 972 sic
557 928 603 971 in
623 927 813 972 Romana
843 927 1018 971 ecclesia
1045 942 1130 972 non
1154 928 1386 983 ignoratur,
1418 927 1517 983 quia
1535 927 1670 983 hunc,
1689 927 1876 984 inquam,

315 1006 454 1049 virum
491 1008 662 1049 nostrae
691 1006 948 1061 indigentiae
978 1006 1263 1050 necessarium
1292 1019 1376 1049 non
1405 1005 1558 1048 invidit
1586 1005 1708 1050 nobis
1736 1006 1880 1050 vm

314 1083 578 1138 fraternitas;
614 1097 700 1126 non
729 1086 894 1127 tantum
926 1084 979 1127 ad
1007 1098 1207 1141 praesens
1238 1082 1517 1139 gratulamur,
1549 1083 1624 1127 sed
1651 1083 1807 1127 iterum
1835 1085 1879 1128 et

317 1162 509 1218 saepius,
543 1175 624 1218 quo
656 1161 816 1216 gratius
849 1164 912 1205 est
941 1161 1063 1206 nobis
1095 1161 1206 1218 quod
1235 1161 1391 1204 factum
1423 1164 1506 1217 est,
1537 1163 1656 1205 tanto
1686 1160 1881 1206 devotius

315 1242 480 1282 vestrae
508 1239 824 1283 benevolentiae
854 1239 1172 1294 gratulabimur.
1218 1238 1309 1282 Hoc
1339 1252 1502 1295 quoque
1531 1251 1618 1282 non
1645 1239 1785 1282 minus
1805 1238 1879 1284 ob-

314 1317 415 1360 nixe
451 1330 695 1374 precamur,
740 1320 789 1360 ut
823 1317 948 1360 huius
984 1317 1093 1360 tanti
1129 1317 1264 1374 patris
1304 1316 1543 1361 absentiam·
1575 1315 1879 1373 aequanimiter

316 1393 525 1438 sufferatis
557 1402 756 1451 eumque⁶
789 1395 988 1439 ecclesiae
1017 1398 1206 1450 nostrae,
1243 1397 1369 1452 prout
1397 1397 1564 1451 tempus
1593 1397 1750 1451 monet,
1778 1407 1883 1452 pro-f
1907 1412 1911 1414 ‘

316 1472 478 1529 spicere
508 1473 826 1528 congaudeatis3
859 1473 1068 1530 siquidem
1099 1475 1141 1516 et
1170 1472 1249 1515 hoc
1277 1472 1467 1515 futurum
1485 1485 1572 1515 non
1592 1472 1883 1530 desperamus,v

315 1553 363 1593 ut
392 1550 611 1607 utriusque
643 1550 865 1606 ecclesiae,
905 1554 1074 1594 nostrae
1106 1549 1266 1594 scilicet
1296 1553 1338 1594 et
1366 1553 1551 1606 vestrae,
1582 1550 1793 1607 profectus
1806 1552 1810 1557 ’
1823 1550 1876 1595 ab

315 1627 529 1671 alterutris
561 1628 791 1685 aequaliter
821 1629 1080 1672 desideretur
1111 1630 1167 1683 et,
1198 1627 1297 1684 quia
1325 1627 1476 1671 horum
1506 1628 1684 1672 duorum
1702 1641 1877 1684 gregum

314 1719 423 1749 unus
446 1709 509 1750 est
527 1709 686 1764 pastor,
719 1721 767 1750 eo
788 1706 1000 1750 mediante
1029 1706 1075 1749 in
1101 1719 1232 1749 unum
1260 1705 1563 1763 consocientur,
1593 1709 1635 1751 et
1653 1705 1733 1751 hoc
1751 1706 1884 1751 modo

317 1782 522 1828 efficiatur
550 1798 682 1828 unum
712 1784 821 1828 ovile
851 1787 894 1828 et
922 1798 1030 1827 unus
1061 1787 1218 1840 pastor.
1267 1782 1426 1827 Valete.

319 1997 400 2043 27.
436 1999 698 2043 &abulenses
720 2000 1026 2043 Corbeiensibus
1054 1999 1312 2057 respondent.
1359 1998 1593 2043 Wibaldum
1619 1966 1877 2057 abbatem-iis

435 2092 666 2120 concessum
696 2075 1015 2120 conmendantb.
1687 2073 1761 2128 (M.
1787 2075 1874 2131 11.)

91 2174 183 2210 1146
206 2186 251 2206 ex.
267 2192 300 2197 -
434 2170 809 2216 Reverendissimis
846 2171 892 2214 in
923 2170 1090 2215 Christo
1127 2170 1318 2228 patribus
1356 2169 1442 2213 suis
1483 2173 1526 2214 et
1561 2169 1740 2214 dominis
1761 2169 1876 2216 Wal-

90 2223 182 2259 1147
203 2224 245 2255 in.
315 2249 435 2293 thero
456 2248 699 2292 Corbeiensi
718 2248 949 2293 venerabili
979 2248 1124 2306 priori,
1154 2248 1382 2292 Adelberto
1410 2247 1648 2305 praeposito
1680 2247 1875 2305 omnique

317 2327 505 2371 eiusdem
537 2326 736 2370 ecclesiae
767 2329 912 2370 sancto
943 2326 1167 2370 conventui
1195 2326 1327 2369 frater
1355 2324 1592 2380 R(0bertus)
1615 2323 1875 2370 Stabulensis

317 2404 518 2449 ecclesiae
549 2404 743 2459 decanus,
781 2403 926 2447 Simon
955 2404 1220 2461 praepositus
1251 2403 1503 2459 humilisque
1533 2402 1679 2446 eodem
1707 2403 1754 2446 in
1781 2402 1873 2448 loco

315 2497 420 2538 grex
450 2482 618 2526 Christo
654 2481 863 2537 militans,
902 2482 1032 2525 totius
1070 2481 1303 2525 devotionis
1342 2483 1384 2525 et
1412 2479 1648 2524 orationum
1675 2481 1873 2538 promtis-

315 2561 469 2604 simum
498 2573 664 2603 munus.
1866 2564 1869 2570 ⁴

435 2637 632 2694 Acceptis
664 2639 706 2680 et
734 2636 929 2694 perlectis
961 2635 1127 2692 litteris,
1161 2649 1263 2692 quas
1283 2634 1485 2693 parvitati
1502 2637 1671 2678 nostrae
1691 2648 1768 2692 per
1786 2634 1872 2681 fra-

316 2719 402 2758 tres
433 2718 600 2758 nostros
630 2717 773 2758 vestra
802 2713 1038 2758 transmisit
1065 2713 1215 2770 pietas,
1247 2711 1456 2770 spirituali
1475 2711 1625 2767 gaudio
1647 2712 1873 2758 admodum

317 2793 451 2847 gavisi
489 2806 652 2847 sumus,
690 2792 735 2835 in
770 2791 848 2835 hoc
877 2791 1163 2848 potissimum,
1202 2790 1312 2847 quod
1341 2789 1570 2844 margarita
1598 2789 1673 2833 illa
1702 2789 1871 2835 coelesti

318 2882 489 2912 munere
519 2868 785 2926 peroptima,'
802 2883 907 2925 quae
938 2869 989 2912 de
1018 2868 1225 2912 thesauris
1257 2866 1453 2911 ecclesiae
1482 2869 1651 2912 nostrae
1669 2867 1869 2913 hactenus

413 2983 439 3006 a.
467 2983 594 3015 cumque
614 2976 662 3008 ed.
743 2975 772 3007 b.
799 2986 827 3006 v.
848 2986 941 3015 supra
959 2983 992 3014 p.
1007 2975 1066 3004 103
1088 2986 1116 3004 n.
1132 2986 1162 3006 a.
