1924 3288
308 151 396 196 538
814 165 1012 197 wmAmr
1041 165 1261 198 nms‘rom
1287 166 1361 197 403.

170 262 262 298 1152
307 271 386 302 nec
411 258 538 314 facto,
569 259 678 303 sieut
698 258 782 303 alia
810 259 901 304 vice
930 259 1087 304 factum
1117 264 1202 317 est,
1232 260 1368 318 possit
1396 260 1568 318 impune
1596 261 1768 307 tractari
1795 261 1865 307 vel

144 310 228 350 δορὴ
243 313 283 342 ²⁰
307 335 510 381 aecclesia
540 350 616 380 sua
644 337 764 380 iuxta
792 350 1020 394 pravorum
1039 339 1246 383 desideria
1266 338 1407 382 debita
1424 338 1592 383 iusticia
1611 339 1861 404 defrandari.

303 414 393 458 Nec
421 417 544 471 putes
574 417 622 457 tu
651 414 696 458 in
725 414 804 460 hac
834 428 961 459 causa
987 417 1106 473 quasi
1131 417 1178 460 in
1199 416 1336 460 aliena
1355 415 1718 474 dissimulandum,
1749 417 1861 475 qm

304 492 413 536 sicut
442 492 502 535 ait
529 495 674 549 poeta:
1790 501 1795 503 *

479 568 561 613 Res
591 572 665 613 tua
693 582 805 613 nunc
834 570 985 627 agitur,
1015 572 1155 629 paries
1186 585 1282 616 eum
1311 571 1530 629 proximus
1560 571 1698 616 ardet.v

303 644 463 691 Similis
481 647 593 691 enim
609 660 736 691 causa
755 647 841 691 iam
860 648 938 693 tibi
958 650 1122 706 peperit
1135 649 1203 694 vel
1222 650 1268 693 in
1287 650 1479 707 proximo
1499 650 1637 708 pariet
1654 649 1859 695 inimicos.

421 725 530 768 Illud
560 728 714 780 autem,
750 726 860 782 quod
889 726 935 770 in
965 728 1081 770 curia
1109 727 1232 771 Ulme
1261 725 1427 771 habita¹
1454 727 1663 772 malitiose
1691 727 1739 772 in
1767 740 1860 773 aec-

301 802 524 847 clesiarum
554 802 879 847 destructionem
907 805 1071 848 noviter
1102 809 1166 848 est
1193 805 1218 849 a
1236 805 1355 849 laicis
1374 805 1673 862 introductum,
1702 817 1860 863 nequa·

301 894 429 938 quam
459 880 625 925 silentio
655 881 980 938 pretereundum
1009 883 1198 926 estimes:
1239 883 1370 939 quod,
1408 883 1479 940 qui
1515 896 1594 941 pro
1626 882 1788 941 rapinis
1814 885 1860 928 et

299 959 504 1003 incendiis
535 958 852 1003 aecclesiasticis
883 959 1003 1004 bonis
1022 960 1151 1004 illatis
1173 960 1593 1004 excommunicationi
1610 960 1858 1018 subduntur,

299 1050 408 1080 novo
438 1036 616 1080 iudicio·
647 1037 1026 1081 excommunicatos
1057 1038 1273 1094 dedicant,
1309 1038 1391 1082 nisi
1428 1038 1546 1096 prius
1582 1038 1628 1082 in
1655 1037 1859 1083 laicorum

299 1114 453 1158 iudicio
484 1114 765 1158 damnationis
802 1115 1011 1159 sententia
1047 1115 1263 1160 feriantur.
1315 1115 1435 1168 Quod
1470 1115 1509 1160 si
1541 1115 1651 1161 forte
1684 1119 1774 1160 tam
1809 1118 1859 1161 tu

300 1205 426 1249 quam
453 1191 606 1236 fratres
635 1192 771 1236 nostri
793 1193 980 1250 episcopi
1000 1194 1249 1250 putaveritis
1270 1193 1574 1250 sustinendum,
1603 1193 1684 1238 hoc
1710 1192 1858 1251 procul

299 1269 425 1314 dubio
455 1269 554 1314 inde
583 1270 815 1326 proveniet,
845 1274 894 1314 ut
916 1270 1022 1314 nulli
1043 1272 1333 1328 episcoporum
1353 1271 1398 1315 in
1417 1271 1608 1329 partibus
1630 1270 1714 1315 illis
1731 1270 1858 1317 liceat

297 1351 444 1392 contra
473 1347 694 1391 cuiuslibet
714 1347 910 1391 facinoris
931 1362 1051 1392 reum
1072 1349 1337 1406 disciplinam
1359 1349 1708 1393 aecclesiasticam
1737 1360 1857 1394 exer·

297 1439 404 1470 cere.
450 1425 688 1482 Disciplina
717 1426 830 1469 enim
860 1429 1071 1482 cessante,
1109 1427 1265 1483 peribit
1293 1426 1440 1483 religio
1471 1427 1719 1483 christiana;
1756 1425 1856 1471 reli-

296 1504 419 1560 gione
449 1506 651 1559 cessante,
682 1503 838 1561 peribit
868 1507 910 1548 et
939 1503 1052 1548 salus
1073 1505 1320 1548 animarum.
1439 1504 1690 1562 Eapropter,
1719 1503 1856 1554 karis-

296 1582 402 1626 sime
430 1580 504 1637 fili,
535 1584 625 1625 tam
655 1595 782 1638 super
810 1581 889 1625 hoc
919 1595 1045 1638 quam
1075 1596 1201 1639 super
1231 1581 1345 1638 aliis,
1381 1595 1476 1626 cum
1506 1581 1561 1626 ad
1589 1581 1727 1626 curias
1757 1594 1855 1627 con·

295 1659 468 1715 venitis,
507 1672 614 1716 quae
643 1662 789 1703 contra
818 1659 1019 1703 honorem
1049 1659 1151 1715 Dei,
1189 1663 1335 1704 contra
1370 1659 1594 1704 aecclesiae
1628 1659 1855 1704 salutarem

295 1738 503 1793 vigorem,
543 1739 689 1780 eontra
725 1736 988 1780 honestatem
1025 1738 1162 1794 regni,
1209 1751 1436 1795 pravorum
1472 1737 1680 1782 malitiam
1714 1737 1855 1783 moliri

295 1815 485 1859 videritis
493 1814 523 1870 ¹³,
560 1814 741 1858 viriliter
779 1818 821 1858 et
856 1816 1112 1860 unanimiter
1146 1815 1373 1872 resistatis,
1411 1818 1460 1859 ut
1487 1818 1627 1860 vestro
1656 1814 1855 1874 prudenti

295 1892 434 1937 studio
466 1895 509 1936 et
538 1892 682 1936 labore
710 1892 916 1936 malitiam
954 1894 1162 1950 sapientia
1190 1894 1351 1949 vincat,
1389 1893 1656 1950 iniquitatem
1690 1892 1854 1937 iustitia

295 1973 465 2028 superet
495 1973 538 2013 et
567 1969 791 2014 aecclesiae
810 1970 892 2015 Dei
923 1984 972 2015 ac
1000 1971 1120 2027 regni
1150 1973 1284 2014 status
1303 1971 1349 2014 in
1370 1984 1444 2015 suo
1466 1971 1613 2016 decore
1631 1969 1852 2015 incolumis

294 2050 574 2093 conservetur.

411 2125 481 2169 Ad
510 2125 588 2170 hec
617 2125 849 2169 sinceritati
875 2129 972 2170 tuae
994 2126 1195 2183 quaedam
1217 2124 1493 2182 notificamus,
1525 2139 1644 2182 quae,
1673 2125 1852 2170 faciente

292 2203 516 2258 Ar(noldo)
546 2203 750 2259 heretico,
787 2204 1001 2247 rusticana
1031 2203 1209 2260 quedam
1238 2203 1363 2248 turba
1392 2203 1548 2260 absque
1576 2202 1780 2247 nobilium
1809 2205 1852 2247 et

292 2282 499 2326 maiorm
529 2281 705 2325 scientia
733 2295 868 2338 nuper
899 2284 964 2325 est
991 2282 1037 2325 in
1066 2280 1180 2325 Urbe
1208 2281 1366 2326 molita.
1418 2281 1595 2326 Circiter
1625 2280 1739 2325 enim
1767 2279 1849 2324 duo

292 2359 412 2404 milia
439 2359 484 2403 in
514 2372 645 2402 unum
674 2362 774 2402 sunt
802 2359 1001 2402 secretius
1032 2358 1250 2415 coniurati,
1283 2362 1326 2403 et
1354 2359 1400 2403 in
1426 2358 1630 2416 proximis
1650 2357 1849 2402 Kalendis

292 2436 540 2483 Novembris
561 2440 730 2481 centum
749 2439 974 2493 perpetuos
995 2439 1242 2481 sectatores⁰
1263 2437 1471 2481 malorum
1490 2449 1664 2494 operum
1684 2437 1727 2480 et
1745 2435 1848 2480 duos

293 2515 484 2561 consules
505 2539 560 2545 —
584 2514 690 2558 alter
720 2528 896 2570 quorum
925 2514 1037 2558 infra
1056 2514 1226 2570 Urbem,
1258 2514 1364 2559 alter
1394 2517 1526 2570 extra,
1556 2513 1726 2557 illorum
1751 2525 1848 2558 cen-

292 2598 383 2638 tum
403 2592 576 2638 consilio
596 2592 659 2636 rei
678 2591 869 2649 publicae
890 2595 1047 2635 statum
1067 2592 1304 2649 disponant,
1324 2593 1452 2636 immo
1467 2592 1608 2649 potius
1622 2591 1776 2636 rodant
1789 2615 1846 2622 —

292 2685 423 2715 unum
445 2674 598 2726 autem,
629 2683 753 2726 quem
773 2669 918 2713 volunt
936 2670 1233 2727 imperatorem
1253 2670 1404 2726 dicere,
1435 2682 1577 2713 creare
1599 2669 1845 2727 disponunt3

294 2763 416 2807 quem
446 2748 530 2793 illis
560 2750 748 2802 eentum,
789 2747 948 2791 duobus
986 2747 1223 2792 consulibus
1261 2751 1304 2792 et
1332 2747 1446 2791 omni
1474 2746 1630 2804 populo
1658 2746 1845 2792 Romano

389 2865 416 2886 ι.
443 2864 503 2886 non
525 2855 674 2886 excidisse
694 2854 819 2884 vidntur.
902 2853 932 2883 b.
954 2854 1066 2884 videris
1088 2866 1112 2884 c.
1198 2863 1224 2884 c.
1245 2856 1291 2886 sic
1311 2856 1443 2896 cogitate
1459 2865 1516 2894 pro
1537 2854 1702 2885 senatores.

388 2914 422 2949 1.
446 2912 565 2959 spatio
589 2912 730 2950 dierum
753 2911 799 2948 28
822 2910 907 2948 Iulii
930 2914 968 2948 et
994 2912 1012 2948 l
1038 2911 1212 2958 Augusti.
