1924 3288
261 155 351 200 600
708 166 908 198 wmALm
937 166 1187 199 amsi-omn
1214 166 1285 198 468.
1311 166 1382 198 469.

261 261 382 310 468.
406 261 609 307 Walter-us
655 264 781 307 abbas
827 262 870 306 S.
899 262 1121 307 Laurentii
1161 264 1404 307 Leodiensis
1440 263 1627 309 Wihaldo
1668 265 1829 323 yrah'dc

410 342 508 399 ayit,
546 340 660 399 quod
687 341 732 384 in
762 340 917 400 synodo
951 340 1174 385 Leodiensi
1201 343 1267 385 ius
1296 357 1414 384 suum
1434 342 1568 404 'tuitm
1595 343 1659 386 eit.
1717 341 1827 401 Epi-

409 419 537 462 stolae
567 418 739 461 latorem
771 419 1038 462 commendat.
1606 417 1679 475 (Μ.
1706 419 1826 474 374.)

143 511 235 548 1157
379 507 624 552 Reverendo
655 507 770 565 patri
801 508 939 563 gratia
967 507 1048 552 Dei
1078 506 1321 552 Corbeiensi
1351 511 1394 552 et
1417 507 1658 554 Stabulensi
1686 508 1828 554 abbati

261 585 489 641 W(ibaldo)
523 585 655 629 frater
683 584 943 642 W(alterus)‚
976 588 1018 630 et
1045 586 1137 643 ipse
1167 587 1305 641 gratia
1332 585 1415 630 Dei
1444 587 1481 630 si
1511 587 1612 643 quid
1641 590 1707 633 331
1735 599 1828 633 aec-

261 664 414 709 clesiae
445 663 581 707 sancti
609 662 829 707 Laurentii
858 664 904 707 in
933 662 1110 719 Leodio,
1149 664 1337 708 sincerae
1368 663 1604 709 dilectionis
1634 663 1829 711 affectum

262 746 305 787 et
334 742 532 786 devotum
562 742 620 800 in·
636 741 819 785 Domino
851 741 1081 785 servitium.

381 818 559 875 Magnae
589 818 895 864 benivolentiae
915 822 1093 875 vestrae,
1124 822 1245 876 pater
1265 819 1311 862 in
1331 818 1497 864 Christo
1520 820 1726 878 amabilis,
1756 820 1828 866 (le-'-

261 901 359 942 vote
389 898 549 954 gratias
581 911 674 953 ago,
705 911 782 954 pro
814 910 863 941 eo
891 897 1000 954 quod
1019 896 1167 940 Leodii
1187 897 1231 940 in
1252 897 1438 953 generali
1458 895 1640 957 synodo¹
1658 911 1829 944 causam

261 976 455 1020 iusticiae
485 975 599 1020 beati
618 974 838 1019 Laurentii
869 975 919 1019 de
949 975 1054 1031 iure,
1087 975 1198 1032 quod
1227 975 1354 1019 habet
1381 976 1427 1020 in
1448 976 1650 1021 aecclesia
1666 976 1830 1022 Publici

261 1053 440 1110 montis,
480 1053 609 1098 etiam
645 1067 714 1097 me
752 1053 944 1109 absente,
982 1067 1084 1097 vera
1119 1056 1161 1097 et
1190 1054 1400 1098 constanti
1428 1055 1660 1100 assertione
1686 1055 1830 1113 palam

261 1132 373 1176 tueri
404 1135 447 1176 et
477 1131 700 1176 defendere
729 1144 815 1175 non
835 1131 1050 1187 omisistis,
1080 1131 1142 1174 ita
1160 1134 1209 1175 ut
1230 1132 1478 1183 auctoritate
1499 1136 1639 1177 vestra
1656 1146 1829 1191 prorsus
1848 1191 1851 1193 -

263 1209 479 1254 obstructa
514 1210 601 1253 sint
631 1223 706 1254 ora
734 1209 995 1266 loquentium
1026 1223 1146 1253 vana.
1208 1209 1309 1254 Inde
1339 1224 1416 1254 nos
1448 1214 1490 1255 et
1518 1211 1696 1269 pusillus
1725 1224 1830 1268 grex

262 1288 377 1332 beati
405 1286 627 1332 Laurentii
663 1291 752 1331 tam
783 1287 1019 1345 specialiter
1050 1301 1176 1344 quam
1207 1288 1355 1332 devote
1386 1302 1553 1333 oramus
1583 1303 1660 1347 pro
1690 1293 1831 1335 vestra

263 1366 551 1411 incolomitate
582 1370 624 1426 et
654 1365 799 1410 salute.
900 1365 1054 1409 Precor
1074 1368 1227 1422 autem,
1247 1369 1296 1409 ut
1316 1367 1443 1411 etiam
1462 1367 1640 1412 latorem
1658 1382 1830 1426 presen-

263 1445 371 1488 tium
381 1451 408 1500 ⁸,
439 1444 614 1488 fratrem
644 1447 850 1500 nostrum,
882 1443 1101 1488 dulcedine
1122 1444 1246 1488 solita
1273 1444 1335 1488 eth
1358 1439 1614 1501 benignitate
1635 1447 1829 1503 audiatis,

264 1525 307 1566 et
336 1523 382 1566 111
412 1535 551 1579 causa,
583 1535 710 1579 qua-m
741 1522 1008 1578 suggesserit,
1039 1525 1179 1566 vestro
1211 1536 1308 1566 eum
1338 1523 1511 1567 consilio
1535 1527 1578 1568 et
1596 1525 1829 1582 patrocinio

263 1600 468 1656 dirigatis.
552 1599 792 1658 Optabilem
822 1597 926 1643 mihi
958 1600 1215 1644 reverentiae
1235 1604 1399 1645 vestrae
1429 1603 1686 1659 presentiam
1706 1617 1830 1662 spero

263 1692 332 1723 me
361 1678 407 1722 in
437 1678 631 1736 proximo
663 1679 866 1734 visurum,
902 1681 948 1721 ut
978 1677 1029 1721 de
1059 1678 1184 1722 rebus
1213 1679 1461 1724 necessariis
1490 1683 1678 1725 vestrum
1706 1681 1830 1738 digne

263 1760 461 1815 expetam
507 1760 549 1800 et
589 1756 801 1801 obtineam
840 1755 1063 1800 consilium
1102 1759 1144 1800 et
1182 1757 1398 1801 auxilium.
1468 1757 1659 1816 Superna
1694 1760 1830 1818 pietas

261 1834 523 1893 protectione
554 1834 813 1893 sempiterna
841 1848 915 1878 vos
947 1834 1167 1878 custodiat.
1810 1827 1811 1831 ’

263 1977 383 2025 469.
411 1979 565 2023 Frater
586 1980 638 2022 R.
657 1978 845 2022 Wibaldo
867 1981 1028 2037 qratias
1043 1980 1253 2041 persolv-it,
1277 1981 1389 2039 quod
1409 1980 1618 2039 Stephano
1640 1970 1830 2040 episeopo

411 2057 588 2100 Metensi
616 2058 752 2115 ipsum
784 2058 1137 2100 commendaverit.
1615 2057 1686 2112 (Μ.
1709 2054 1829 2115 433.)

145 2154 238 2192 1157
381 2146 564 2190 Ι)01111110
598 2148 641 2190 31
669 2146 784 2203 patri
815 2160 888 2190 suo
919 2146 1147 2190 reverendo
1170 2145 1409 2191 Stabulensi
1434 2150 1476 2191 et
1495 2146 1738 2193 Corbeiensi
1757 2147 1830 2194 ab-

263 2225 351 2270 bati
370 2223 599 2279 W(iba1do)
630 2223 761 2267 frater
787 2223 835 2267 R.
848 2257 860 2280 ‚
891 2223 972 2268 Dei
1003 2225 1140 2281 gratia
1168 2225 1378 2282 modicus,
1418 2225 1590 2282 exiguas
1621 2226 1829 2289 orationes

264 2306 307 2348 et
336 2302 534 2347 devotum
564 2301 822 2358 obsequium.

384 2379 532 2424 Gratia
559 2379 832 2435 benignitatis
853 2383 1018 2424 vestrae
1048 2394 1115 2424 me
1135 2379 1300 2424 Mettim
1331 2381 1447 2425 eunti
1476 2381 1675 2426 comitata
1704 2385 1769 2426 est
1788 2386 1831 2427 et

263 2473 429 2505 mecum
458 2457 552 2514 fuit,
584 2460 627 2502 31
656 2457 900 2514 elaboravit,
932 2462 980 2502 ut
1002 2456 1145 2502 fierem
1167 2461 1361 2516 acceptus
1386 2473 1528 2503 coram
1548 2459 1716 2504 domino
1736 2474 1828 2506 meo

265 2533 484 2596 episcopo²
514 2535 594 2580 hoc
623 2538 823 2592 tempore.
867 2533 1105 2581 Honorifice
1137 2537 1249 2581 enim
1279 2541 1322 2581 et
1349 2537 1614 2582 familiariter
1644 2537 1696 2582 ab
1718 2552 1766 2583 eo
1787 2541 1830 2583 et

266 2616 291 2662 a
329 2615 416 2659 suis
452 2617 670 2672 susceptus
701 2613 869 2658 habitus
901 2617 943 2658 et
973 2614 1170 2658 dimissus
1201 2628 1317 2671 sum,
1356 2618 1404 2659 ut
1431 2619 1646 2673 1131311131ο
1677 2628 1828 2672 cogno-

265 2707 425 2738 scerem
462 2691 689 2737 secundum
728 2691 900 2747 vulgare
929 2693 1123 2749 verbum,
1162 2696 1349 2737 mentum
1384 2707 1524 2738 meum
1562 2693 1606 2737 in
1643 2693 1827 2738 natando

264 2785 393 2816 manu
429 2774 571 2815 vestra
606 2770 845 2814 sustentari.
906 2769 1200 2815 Providentiae
1237 2771 1366 2826 igitur
1401 2774 1563 2816 vestrae
1601 2771 1647 2815 in
1682 2772 1748 2816 his
1786 2775 1828 2816 et

359 2876 387 2898 a.
404 2868 439 2897 ut
454 2866 579 2897 latorem
597 2865 782 2906 presentium
799 2866 833 2895 ut
851 2866 941 2896 etiam
960 2866 1085 2896 latorem
1103 2867 1289 2906 presentium
1306 2879 1330 2897 c.
1374 2867 1404 2897 b.
1421 2867 1451 2897 et
1461 2878 1518 2898 om.
1529 2878 1555 2898 c,
1598 2876 1623 2898 c.
1639 2867 1790 2907 patienter
1800 2879 1827 2898 c.

361 2926 393 2961 1.
418 2936 453 2961 v.
480 2934 536 2970 ep.
554 2924 624 2960 463
649 2934 758 2970 supra
781 2934 817 2969 p.
834 2923 915 2959 595.
1012 2925 1046 2959 2.
1071 2923 1268 2970 Stephano.
