1924 3288
0 0 20 181 l

0 283 5 323 ι
76 268 229 314 animis
265 264 500 314 decertetis.
561 269 620 313 Et
656 269 755 314 licet
792 268 1067 327 epistolarum
1105 267 1156 312 de
1191 267 1298 312 ulsi·
1334 271 1467 315 tantis
1501 271 1641 327 rebus,
1692 268 1784 348 1153}

524 173 724 206 wmnnm
751 172 1002 205 nms‘rom
1029 171 1100 203 346.
1124 171 1196 203 846.
1553 157 1641 202 479

0 366 2 373 ’
75 361 180 405 qm
207 346 498 406 perferebant,
537 347 723 405 impares
753 346 1017 402 viderentur,
1056 350 1298 404 pergratam
1327 353 1469 394 tamen
1490 349 1641 392 animo

0 428 2 433 “
73 425 276 471 hebemus
304 428 491 470 vestram
527 424 854 470 benivolentiam
892 438 945 469 ex
983 427 1104 482 cepto
1142 426 1310 471 tenore'³
1345 427 1643 485 procedentem

0 511 2 521 ²
74 507 140 549 et·
167 503 382 562 imperiali
408 504 684 548 retributione
714 502 919 546 honorare
941 502 1214 548 decrevimus.
1256 504 1437 550 Proinde
1459 505 1484 550 a
1501 508 1643 549 vestra

73 581 312 640 prudentia,
335 582 444 626 sicut
463 582 662 640 oportuit,
687 581 882 625 decenter
900 580 1083 637 invitati,
1106 582 1419 639 expeditionem
1434 583 1643 628 Ytalicam

75 662 118 705 et
146 659 378 704 adventum
406 663 598 704 nostrum
629 659 683 703 ad
711 658 869 703 Urbem
899 672 1051 714 magno
1082 672 1178 703 cum
1207 661 1450 719 principum
1477 664 1642 706 nostro-

73 750 170 782 rum
204 738 350 782 favore
385 741 429 783 et
466 738 597 782 totius
633 737 785 782 militie
824 729 1042 781 alacritate
1081 736 1306 783 efficaciter
1341 740 1642 796 ordinavimuS‚

72 815 212 874 primo
249 816 419 874 quidem
454 817 500 861 in
534 815 690 861 celebri
719 815 836 859 curia
865 814 1143 872 Rathisbone‚
1184 817 1365 861 secundo
1396 818 1443 862 in
1473 818 1643 862 civitate

72 893 285 952 Erbipoli3
315 893 483 939 firmato
514 894 712 952 deinceps
734 894 952 951 proposito
973 897 1132 950 nostro,
1163 898 1224 951 ut,
1257 896 1312 939 ad
1341 900 1502 940 ceteras
1522 895 1644 952 regni

72 972 209 1017 nostri
242 976 388 1031 partes
425 971 602 1016 celerius
639 972 903 1029 accedentes,
942 986 1047 1030 pace
1083 987 1161 1031 per
1190 973 1273 1017 Dei
1311 974 1644 1018 misericordiam

72 1050 251 1108 ubique‘¹
269 1049 452 1107 firmata⁷
483 1050 560 1094 ad'
581 1064 650 1095 res
670 1050 819 1095 Urbis‘
843 1054 885 1095 et
905 1050 1098 1096 Ythaliae
1118 1051 1331 1109 pacandas
1354 1055 1396 1096 et
1415 1051 1643 1096 firmandas

73 1127 135 1173 sie
162 1131 441 1185 transeamus,
471 1132 520 1172 ut
549 1132 639 1172 tam
667 1128 861 1194 fidelibus
891 1130 1073 1185 gratiam
1096 1143 1222 1186 quam
1241 1129 1467 1174 rebellibus
1488 1144 1643 1188 penam

71 1205 163 1251 Deo
194 1207 386 1252 adiutore
414 1207 647 1252 retribuere
677 1207 905 1251 valeamus.
956 1207 1196 1265 Eapropter
1225 1208 1434 1252 mittimus
1467 1208 1521 1252 ad
1549 1209 1643 1252 uni-

72 1285 285 1329 versitatis
305 1289 472 1330 vestrae
502 1285 808 1343 experientiam
836 1285 998 1341 legatos
1029 1289 1210 1342 nostros,
1245 1286 1358 1330 viros
1381 1287 1527 1343 utique
1546 1286 1643 1330 illu-

72 1366 181 1408 stres
211 1376 261 1407 ac
289 1363 542 1420 moderatos,
577 1363 815 1407 Arnoldum
843 1363 1040 1408 videlicet
1068 1367 1238 1408 nostrae
1269 1365 1410 1408 curiae
1440 1364 1645 1408 cancella-

71 1441 197 1496 rium,
218 1441 478 1486 Coloniensis
499 1441 725 1486 aecclesiae
747 1441 926 1486 electum
947 1442 1321 1500 archiepiscopum,
1344 1446 1386 1487 et
1403 1442 1645 1488 Wibaldum

73 1517 368 1564 corbeiensem
405 1520 599 1564 abbatem
638 1523 680 1564 et
716 1519 962 1564 Heinricum
1001 1521 1235 1577 notarium,
1282 1521 1461 1578 imperio
1499 1524 1644 1564 nostro

72 1595 338 1642 fidelissimos
379 1611 428 1642 ac
465 1597 842 1654 familiarissimos,
880 1601 928 1642 ut
957 1612 1035 1656 per
1066 1612 1137 1643 eos
1166 1599 1396 1644 voluntatis
1427 1602 1572 1643 nostre
1603 1602 1646 1643 et

73 1675 237 1719 consilii
273 1676 569 1720 certitudinem
607 1675 817 1719 adiscatis.
880 1675 1083 1727 Quocirca
1121 1677 1354 1722 industriae
1383 1680 1550 1721 vestrae
1581 1680 1645 1721 at-

72 1756 187 1798 tente
223 1754 461 1798 mandando
498 1754 819 1810 committimus,
860 1754 1056 1810 quatinus
1088 1755 1256 1799 eosdem
1285 1756 1447 1811 legatos
1477 1758 1644 1799 nostros

72 1845 150 1889 pro
180 1834 326 1876 nostra
353 1832 591 1876 reverentia
622 1835 663 1876 et
681 1831 832 1875 Urbis&
863 1832 1086 1889 disciplina
1116 1833 1290 1877 honeste
1314 1833 1570 1890 suscipiatis,
1603 1836 1645 1877 et

73 1909 126 1954 ab
162 1910 268 1968 ipsis
305 1909 547 1966 tamquam*
585 1909 637 1954 ab
673 1923 745 1954 ore
779 1913 946 1966 nostro,
985 1924 1066 1966 que
1094 1911 1140 1954 in
1170 1911 1249 1955 hoc
1278 1911 1499 1969 temporisi
1529 1914 1644 1955 statu

73 1987 235 2044 agenda
254 1990 366 2044 sunt,
399 1987 629 2045 accipiatiS‚
659 1990 702 2032 et
723 2001 793 2032 eos
813 1987 1040 2033 honorifice
1061 1991 1103 2032 et
1123 1989 1353 2046 commode,
1376 2003 1457 2046 quo
1478 1989 1643 2034 itineris

72 2079 140 2112 res
169 2065 371 2124 postulat,
401 2065 655 2124 perducatis.

77 2230 194 2279 346.
224 2233 440 2278 Com-adue
458 2232 534 2277 III
553 2249 629 2277 rex
649 2233 840 2292 Euqem'o
862 2234 935 2277 III
950 2249 1097 2292 papae
1121 2235 1171 2277 de
1191 2234 1335 2278 Italico
1357 2235 1460 2278 bello
1483 2236 1642 2279 decreto

221 2312 439 2373 siynificat.
481 2313 632 2370 Royan
663 2319 710 2354 ut
735 2309 948 2355 Hartwico
980 2312 1288 2370 archiepiscopo
1314 2313 1529 2356 Bremensi
1554 2328 1643 2356 mo-

221 2405 316 2433 ram
346 2391 552 2433 concedat.
603 2389 835 2434 Wibaldum
867 2391 1134 2433 commendat.
1421 2387 1493 2444 (M.
1523 2389 1642 2444 323.)

191 2477 425 2522 Karissimo
459 2479 505 2522 in
525 2477 692 2522 Christo
722 2479 835 2536 patri
866 2492 940 2522 suo
961 2478 1151 2534 Eugenio
1182 2482 1324 2522 sancte
1342 2478 1530 2522 Romane
1551 2492 1644 2523 aec-

75 2554 226 2600 clesiae
265 2570 428 2600 summo
467 2555 656 2614 pontifici
686 2555 930 2600 Cuonradus
962 2555 1042 2599 Dei
1080 2556 1218 2612 gratia
1247 2555 1531 2600 Romanorum
1567 2570 1644 2600 rex

75 2636 118 2678 et
155 2647 320 2692 semper
358 2638 558 2690 augustus
595 2633 768 2678 filialem
805 2648 882 2692 per
917 2634 1060 2678 omnia
1089 2633 1356 2679 dilectionem
1387 2638 1429 2679 et
1459 2634 1643 2678 debitam

75 2711 120 2755 in
149 2711 331 2756 Domino
362 2712 654 2757 reverentiam.

194 2789 313 2836 Sicut
342 2790 610 2848 paternitatis
637 2793 802 2835 vestrae
833 2789 1159 2834 benivolentiam
1188 2790 1233 2834 in
1264 2790 1456 2835 omnibus
1486 2791 1643 2836 nostris

157 2895 184 2917 a.
206 2888 252 2918 n'c
273 2887 360 2924 cod.,·
383 2899 423 2917 an
445 2886 592 2918 decursus
614 2869 755 2917 insulsis
824 2884 853 2916 b.
878 2898 918 2916 an
939 2886 1062 2917 amore?
1138 2895 1164 2917 c.
1187 2887 1217 2917 et
1239 2898 1296 2917 om.
1310 2887 1379 2917 cod.
1465 2886 1496 2918 d.
1517 2887 1596 2927 ufiq3
1618 2898 1644 2918 c.

75 2948 102 2970 e.
125 2937 143 2970 ά
166 2952 192 2971 c.
274 2940 296 2971 f.
319 2940 409 2971 urbes
432 2952 458 2971 c.
550 2949 579 2979 g.
602 2939 670 2970 ubls
694 2952 719 2971 c.
803 2939 834 2970 h.
856 2941 1027 2980 atamquam
1047 2952 1072 2970 c.
1161 2940 1182 2970 i.
1204 2941 1334 2979 tempori
1355 2953 1382 2971 c.

1666 326 1750 398 Selfit.
1767 358 1805 390 15

1666 832 1742 862 Iuni.

1667 909 1752 949 Sept.
1767 909 1806 940 15

1693 2491 1783 2526 1151

1705 2542 1776 2578 post

1668 2581 1752 2621 Sept.
1768 2582 1806 2612 15
