1924 3288
535 180 734 213 wmALm
763 181 1012 213 nmsronffl
1041 181 1114 212 407.
1137 180 1208 212 408.
1568 169 1654 214 547

85 272 197 331 regis
225 271 444 332 promisit¹
467 277 511 319 et
540 275 799 321 observabit.
833 278 944 333 quod
975 290 1071 322 eum
1102 277 1211 321 sicut
1230 276 1503 320 karissimum
1523 275 1657 321 filium

85 351 199 397 boati
217 351 333 399 Petri
363 353 603 407 honorabit3
637 357 678 398 et
699 355 936 399 venientem
966 369 1043 412 pro
1075 354 1336 413 plenitudine
1357 368 1535 399 coronae
1557 369 1656 399 suae

85 429 176 474 sine
205 429 451 476 difficultate
481 435 524 476 et
553 433 902 489 contradictione,
943 436 1147 490 quantum
1178 434 1223 477 in
1253 434 1345 491 ipso
1377 437 1462 490 est,
1500 434 1545 477 in
1577 434 1656 476 im—

84 511 324 567 peratorem
361 509 597 564 coronabit3
638 513 680 554 et
711 510 766 554 ad
794 511 1154 555 manutenendum
1184 515 1309 568 atque
1341 511 1578 568 augendum
1609 525 1657 555 ac

82 585 346 632 dilatandum
375 587 573 632 honorem
606 589 727 644 regni
756 602 834 646 pro
867 588 1008 633 debito
1040 588 1166 633 officii
1187 590 1253 634 sui
1272 590 1446 635 iuvabit.
1488 589 1546 634 Et
1566 589 1657 646 qui-

83 677 262 723 cumque
296 666 508 710 iusticiam
547 669 588 710 et
626 666 829 710 honorem
868 667 989 727 regni
1027 667 1270 712 conculcare
1311 671 1384 712 aut
1415 668 1656 713 subvertere

83 756 188 788 ausu
216 744 440 788 temerario
470 745 820 802 presumpserint,
854 745 1032 789 domnus
1063 759 1189 803 papa,
1223 760 1248 790 a
1274 746 1416 802 regiae
1438 746 1656 802 dignitatis

82 820 305 867 dilectione
324 823 598 880 premonitus,
622 824 821 878 canonice
843 823 897 867 ad
917 824 1249 869 satisfactionem
1265 838 1336 869 eos
1354 825 1654 879 commonebit3

84 899 233 956 quodsi
277 901 368 956 regi
413 901 467 945 ad
513 901 786 959 apostolicam
834 902 1163 946 admonitionem
1203 903 1254 946 de
1292 903 1384 947 iure
1421 906 1464 947 et
1500 903 1658 947 honore

82 977 198 1034 regio
227 978 440 1023 iusticiam
471 980 667 1024 exhibere
698 981 1049 1038 contempserint,
1088 982 1532 1025 excommunicationis
1564 995 1658 1025 sen-

83 1056 218 1100 tentia
252 1057 519 1102 innodentur.
581 1058 686 1114 Regi
727 1061 868 1102 autem
899 1057 1130 1103 Grecorum
1169 1073 1221 1103 ex
1260 1060 1345 1103 ista
1374 1062 1496 1117 parte
1527 1059 1657 1103 maris

83 1136 242 1179 terram
270 1149 356 1180 non
375 1136 593 1191 concedet;
627 1136 776 1193 quodsi
805 1136 878 1181 ille
905 1137 1105 1182 invadere
1125 1138 1446 1196 presumpserit,
1479 1138 1657 1183 domnus

83 1225 196 1271 papa
223 1213 384 1258 viribus
414 1213 528 1258 beati
557 1213 672 1258 Petri
704 1228 799 1258 eum
832 1215 965 1260 eicere
996 1216 1172 1260 curabit.

203 1291 318 1336 Haec
348 1291 490 1336 omnia
520 1306 572 1336 ex
603 1295 780 1349 utraque
810 1297 931 1350 parte
963 1294 1053 1338 81113
1083 1294 1232 1338 fraude
1263 1297 1306 1338 et
1337 1298 1425 1338 sine
1456 1293 1568 1337 malo
1592 1294 1657 1337 in-

84 1369 206 1426 genio
237 1369 528 1427 servabuntur,
559 1371 643 1415 nisi
672 1371 781 1415 forte
811 1370 944 1416 libero
976 1375 1018 1416 et
1041 1372 1254 1416 communi
1276 1386 1482 1417 consensu
1501 1373 1658 1416 utrius-

85 1461 166 1506 que
194 1448 483 1493 immutentur.

86 1577 206 1627 408.
236 1582 276 1625 Τ
272 1582 397 1625 abula
427 1583 791 1639 consanyuinitatis
811 1582 1020 1625 Friderici
1039 1582 1070 1625 I
1090 1584 1200 1640 reyis
1231 1590 1269 1626 et
1289 1583 1447 1626 Adelae
1477 1584 1658 1640 reyinae.

1718 279 1810 315 1153

1680 329 1742 359 Ian.
1754 339 1800 359 ex.
1815 345 1847 349 —-

1698 371 1807 401 Febr.
1799 380 1839 401 1.11

1684 1727 1777 1763 1153

232 1650 303 1690 (Hic
324 1651 375 1682 div
377 1653 661 1683 ortiiiuuttlsinc
662 1653 713 1683 «1.11
792 1655 925 1694 seuiurqt
945 1654 1027 1694 leges
1013 1664 1110 1693 saep
1159 1652 1286 1691 n..407)
1442 1653 1513 1709 (Μ
1539 1654 1680 1708 3840)-

364 1711 439 1754 Ex
476 1725 574 1755 uno
611 1664 791 1770 patre„
805 1716 856 1757 et
892 1726 996 1756 una
1032 1665 1201 1756 maltre
1238 1713 1374 1756 nati:

328 1788 457 1832 Berta
1082 1790 1322 1835 Fridericus

326 1861 472 1917 genuit
1133 1863 1279 1918 genuit

125 1931 371 1976 Bezelinum
401 1932 453 1976 de
472 1932 682 1988 Vilingen.
944 1933 978 1978 F
980 1934 1207 1978 ridericum
1239 1935 1290 1978 de
1319 1933 1472 1978 Buren.

124 2003 346 2049 Bezelinus
378 2004 430 2048 de
452 2004 652 2061 Vilingen
945 2005 1184 2050 Fridericus
1217 2007 1268 2050 de
1298 2006 1439 2050 Buren

322 2076 468 2132 genuit
1135 2079 1280 2134 genuit

125 2146 358 2192 Bertolfum
387 2162 483 2192 cum
512 2147 662 2192 Barba.
753 2149 901 2194 ducem
931 2149 964 2193 F
966 2149 1206 2206 ridericum,
1239 2150 1311 2207 qui
1342 2149 1531 2208 Stophen
1559 2163 1657 2195 con-

123 2219 333 2265 Bertolfus
365 2233 462 2264 cum
490 2219 633 2264 Barba
1377 2223 1496 2266 didit.

325 2292 471 2348 genuit
753 2292 852 2337 Dux
873 2291 1112 2337 Fridericus
1142 2293 1193 2337 de
1215 2292 1374 2351 Stophe
1403 2308 1455 2338 ex
1483 2294 1572 2338 filia
1589 2309 1655 2339 re-

255 2362 532 2419 Liutgardim.
1371 2367 1435 2422 gis
1468 2366 1656 2411 Heinrici

255 2434 469 2491 Litgardis
1133 2437 1278 2492 genuit

321 2507 468 2562 genuit
983 2508 1130 2552 ducem
1167 2508 1441 2553 Fridericum.

88 2578 373 2622 marchionem
405 2578 702 2622 Theobaldum.
981 2580 1079 2623 Dux
1110 2580 1349 2625 Fridericus

87 2649 274 2733 Marchio
307 2649 570 2694 Theobaldus
1132 2653 1278 2708 genuit

323 2722 470 2779 genuit
981 2738 1123 2780 regem
1152 2724 1426 2768 Fridericum.

295 2794 487 2838 Adelam.

185 2876 219 2912 1.
252 2875 311 2912 Ita
334 2875 440 2912 facile
465 2874 616 2921 cognitu
641 2877 713 2921 est,
745 2874 812 2913 has
844 2875 1004 2913 foederis
1035 2875 1179 2912 tabulas
1209 2876 1247 2912 in
1272 2877 1374 2914 curia
1396 2877 1562 2914 Romana
1585 2876 1655 2915 for-

90 2936 206 2971 matas
238 2945 337 2981 esse,
369 2934 623 2981 praesentibus
647 2934 822 2973 Anselmo
847 2935 1137 2982 Havelbergensi
1166 2939 1205 2973 et
1228 2936 1451 2975 Herimanno
1476 2938 1653 2976 Constan-

1291 3002 1370 3040 35*
