1924 3288
498 178 696 211 wmALm
725 178 974 211 EPISTOLAE
1004 178 1074 209 173.
1100 178 1170 209 1⁷4.
1531 167 1618 212 295

53 274 223 337 quidem
242 273 353 319 ullus
374 275 521 319 doctus
543 277 586 319 et
603 274 804 319 honestus
823 274 950 319 fidem
971 274 1286 319 accommodare
1305 273 1450 319 voluit.
1513 274 1619 319 Cum
1645 278 1738 315 1149

54 353 108 398 ad
137 353 473 409 cognoscendum
510 353 614 397 haec
651 356 693 398 et
724 353 809 397 alia
838 353 1037 411 quedam,
1077 366 1204 410 super
1241 353 1390 410 quibus
1427 353 1474 396 in
1503 357 1546 397 te
1578 357 1621 398 et

51 445 130 476 nos
158 434 250 476 tota
279 431 435 475 clamat
462 431 694 490 provincia,
727 432 954 476 secundm
980 431 1165 490 priorem
1194 432 1440 476 monasterii
1469 432 1618 488 nostri,

51 510 228 556 tratrem
256 509 452 554 videlicet
481 510 705 566 Isiconem,
737 510 948 554 Ersborch
978 510 1260 566 misissemus,
1289 510 1443 554 fratres
1474 523 1618 554 omnes

50 591 140 633 tam
167 587 359 633 illiterati
388 602 515 645 quam
541 588 731 645 litterati,
764 602 928 633 sorores
948 588 1038 633 Deo
1060 588 1224 632 dicatae
1245 591 1288 632 et
1306 588 1469 647 reliqua
1489 588 1619 633 cellae

50 666 214 712 familia
250 679 422 711 concors
462 670 608 710 contra
645 670 687 710 te
723 666 913 710 tulerunt
951 667 1261 723 testimonium3
1302 670 1366 712 set
1402 670 1450 711 tu
1478 667 1618 725 impu-

51 744 212 801 dentia,
245 758 329 802 qua
358 757 503 788 omnes
533 744 681 800 vincis,
713 745 873 788 cunctis
903 745 1151 802 resistebas,
1182 759 1267 789 non
1298 759 1398 790 vera
1427 745 1616 802 dicendo,

52 826 116 868 set
144 822 320 885 singulis
351 822 635 867 conviciando.
682 822 740 866 Et
763 836 887 879 nunc,
920 824 1119 879 quoniam
1149 823 1307 867 clamor
1337 826 1434 867 tuus
1465 824 1618 868 cotidie

52 901 252 958 ascendit,
280 915 359 959 per
380 901 555 946 verbum
585 904 755 945 sanctae
786 901 1048 945 obedientiae
1077 902 1157 946 tibi
1186 901 1457 959 precipimus,
1488 905 1536 945 ut
1566 902 1618 946 ab

51 978 197 1023 altaris
235 982 278 1024 et
313 979 468 1031 missae
507 977 642 1023 officio
681 979 893 1023 abstineas
932 983 975 1023 et
1011 982 1059 1023 ut
1095 980 1146 1024 de
1178 982 1357 1036 quatuor
1386 980 1619 1038 parietibus

50 1057 224 1102 claustri
251 1071 426 1115 passum
453 1057 574 1115 pedis
603 1071 689 1101 non
716 1071 841 1102 exeas
863 1061 905 1102 et
925 1071 1021 1101 cum
1040 1057 1160 1101 laicis
1182 1061 1225 1101 et
1245 1058 1502 1102 secularibus
1523 1072 1618 1116 per-

51 1136 166 1180 sonis
196 1135 450 1193 colloquium
479 1150 556 1194 per
579 1139 622 1180 te
641 1135 709 1180 vel
730 1150 806 1194 per
827 1136 1079 1180 submissam
1100 1150 1324 1194 personam
1344 1150 1428 1180 non
1448 1136 1618 1193 habeas,

51 1214 196 1271 donec,
217 1214 455 1259 obedientia
475 1217 517 1259 et
535 1214 773 1259 humilitate
793 1217 868 1259 tua
887 1215 1066 1271 cognita,
1091 1215 1191 1271 quid
1213 1215 1420 1270 agendum
1442 1215 1511 1271 sit,
1528 1214 1619 1259 Deo

51 1296 220 1338 auctore
249 1293 557 1351 provideamus.
606 1293 763 1345 Quodsi
792 1294 927 1337 nostri
956 1293 1159 1349 mandati,
1192 1294 1302 1350 quod
1331 1307 1384 1338 ex
1408 1293 1620 1337 communi

49 1371 230 1418 fratrum
260 1372 469 1416 sententia
498 1371 600 1415 tibi‘·
636 1371 916 1427 iniungimus,
955 1375 1220 1429 contemptor
1256 1375 1298 1416 et
1334 1372 1620 1429 prevaricator

51 1450 254 1507 extiteris,
277 1450 385 1494 scias
405 1464 483 1508 pro
505 1453 632 1506 certo,
649 1463 817 1494 omnem
838 1450 967 1494 cellae
985 1450 1100 1494 illius
1114 1447 1124 1467 ¹
1139 1450 1442 1494 habitationem
1464 1453 1506 1494 et
1524 1450 1619 1494 red-

50 1529 158 1574 itum
185 1529 239 1573 ad
257 1542 334 1573 nos
356 1528 425 1573 vel
443 1528 690 1573 monasterii
708 1528 844 1572 nostri
867 1528 1081 1572 domicilia
1099 1527 1202 1573 tibib
1218 1529 1387 1586 penitus
1410 1528 1617 1579 interdici.

56 1683 171 1730 174.
196 1651 408 1730 Wibaldus
440 1685 747 1729 Corbeiensibus
776 1686 995 1745 siymflcat,
1027 1701 1113 1728 sese
1143 1683 1196 1727 H.
1221 1691 1259 1727 et
1286 1684 1338 1727 A.
1370 1685 1619 1728 ‘ministeria-

199 1763 304 1808 libus
337 1764 644 1807 corbeiensibus
670 1764 852 1820 yratiam
884 1763 1020 1806 delicti
1039 1763 1203 1820 secisse.
1415 1760 1487 1815 (M.
1503 1761 1620 1816 158.)

169 1851 319 1896 Frater
347 1850 600 1906 W(ibaldus)
630 1851 712 1895 Dei
750 1851 887 1907 gratia
917 1851 1182 1895 Corbeiensis
1221 1851 1350 1896 abbas
1381 1850 1544 1895 dilectis
1574 1851 1621 1895 in
1645 1854 1738 1890 1149

52 1930 218 1976 Christo
254 1930 456 1974 fratribus
488 1932 530 1974 et
558 1928 656 1972 filiis
687 1928 1008 1973 Corbeiensibus
1038 1929 1254 1973 monachis
1285 1929 1620 1973 benedictionem

52 2012 95 2055 et
122 2009 255 2054 vitam
283 2022 415 2064 usque
445 2007 491 2051 in
522 2007 720 2051 seculum.

172 2087 395 2132 Venientes
427 2086 481 2129 ad
510 2099 585 2129 nos
618 2085 842 2130 Stabulaus
873 2085 1170 2129 ministeriales
1195 2084 1458 2129 Corbeiensis
1491 2084 1620 2129 eccle-

53 2166 141 2211 siae
170 2165 223 2209 H.
257 2168 299 2209 et
327 2164 396 2220 A.,
434 2164 519 2220 qui,
549 2167 597 2207 ut
626 2164 773 2220 nostis,
805 2177 933 2221 equos
963 2167 1130 2208 nostros
1162 2163 1274 2221 apud
1304 2162 1525 2208 Corbeiam
1554 2163 1619 2206 fu-

52 2244 136 2288 rati
164 2240 368 2299 fuerant²,
401 2256 446 2286 se
475 2255 592 2286 more
622 2242 759 2298 gentis
789 2256 890 2286 suae
920 2243 1152 2298 evaginatis
1183 2241 1334 2297 gladiis
1364 2242 1410 2285 in
1432 2241 1619 2286 maximo

52 2322 200 2381 populi
228 2324 436 2366 conventu
465 2322 635 2364 nostrae
664 2321 974 2365 misericordiae
1005 2320 1255 2365 dediderunt
1285 2323 1327 2364 et
1356 2321 1476 2364 nobis
1506 2320 1620 2364 vitae

53 2401 249 2457 necisque
279 2413 379 2444 suae
409 2402 661 2457 potestatem
691 2399 966 2443 tradiderunt.
1009 2399 1101 2452 Qua
1130 2399 1368 2443 humilitate
1389 2402 1431 2443 et
1449 2398 1619 2442 insolito

55 2479 218 2524 ensium
255 2477 491 2536 spectaculo
530 2490 608 2521 nec
644 2490 730 2520 non
765 2476 909 2522 labore
944 2477 1145 2534 longioris
1184 2478 1298 2534 viae,
1339 2491 1466 2535 super
1503 2477 1618 2534 ipsos

54 2557 313 2613 miserando,
353 2556 534 2614 permoti
566 2555 835 2599 Stabulenses
873 2556 1007 2600 nostri
1040 2560 1129 2600 tam
1157 2557 1331 2611 fratres,
1372 2555 1444 2612 qui
1475 2568 1619 2599 omnes

53 2636 99 2680 in
136 2635 311 2680 ecclesia
347 2638 563 2693 presentes
599 2634 794 2690 aderant,
832 2647 958 2690 quam
986 2634 1283 2679 ministeriales
1315 2632 1514 2677 ecclesiae
1544 2647 1619 2677 no-

55 2717 187 2770 strae,
227 2727 404 2770 quorum
440 2713 627 2756 maxima
663 2725 762 2770 pars
802 2711 886 2755 alia
915 2713 966 2757 de
996 2727 1123 2758 causa
1152 2713 1206 2757 ad
1235 2724 1311 2755 nos
1343 2725 1394 2755 ea
1423 2710 1491 2755 die
1521 2724 1619 2755 con-

55 2795 242 2848 venerat,
272 2805 368 2835 cum
396 2792 558 2848 ingenti
587 2803 761 2849 precum
790 2791 993 2835 instantia
1023 2791 1135 2849 apud
1164 2805 1242 2835 nos
1271 2789 1371 2834 licet
1398 2789 1554 2833 invitos
1577 2793 1619 2834 et

152 2897 179 2917 a.
206 2887 262 2917 tibi
285 2888 405 2918 addidi.
489 2888 518 2917 b.
549 2887 605 2917 tibi
629 2886 750 2916 addidi.

152 2946 185 2981 1.
210 2945 508 2992 Eresburgensis.
603 2945 638 2980 2.
666 2943 757 2979 1148
782 2943 872 2980 Dec.
889 2944 945 2980 29.
972 2944 1018 2980 V.
1035 2955 1094 2991 ep.
1113 2944 1180 2981 149
1206 2954 1316 2990 supra
1339 2953 1376 2990 p.
1393 2943 1475 2981 230.
