1924 3288
555 187 754 219 WIBALDI
782 185 1033 218 nmeronffl
1060 185 1132 217 462.
1154 183 1226 215 463.
1587 172 1676 216 595

109 279 229 328 462.
256 282 477 326 Heinrious
506 283 597 327 Leo
627 283 844 327 Friderico
874 283 903 326 I
930 282 1174 340 imperatori
1209 281 1419 341 siqnfficat
1461 281 1512 323 de
1541 280 1677 323 Wide-

255 361 380 404 kindo
413 362 464 404 de
486 361 742 419 Sualenbery
771 363 816 404 in
847 362 1036 404 exsilium
1066 362 1190 404 eiecto
1223 367 1262 403 et
1285 360 1335 403 de
1356 365 1489 403 castro
1511 358 1677 401 Dasm-

257 439 355 496 bery
383 440 462 483 sibi
492 441 686 482 restituto.
1460 434 1533 489 (M.
1555 433 1676 489 425.)

227 526 460 572 Litterae
491 528 733 572 Heinrici
764 528 908 571 ducis
939 526 1214 571 Bawariae
1245 529 1295 571 et
1325 525 1587 570 Saxoniae
1618 524 1679 569 ad
1703 526 1795 605 1315?

108 605 473 663 inperatorem
502 605 868 650 Frithericum.
1750 585 1788 605 Μ’

228 683 455 728 Serenitati
484 687 649 728 vestrae
681 683 889 739 significo,
922 683 1034 740 quod
1065 681 1280 727 Widikino
1310 681 1363 725 de
1394 680 1678 726 Sualenberch

107 755 324 806 forefacta*
340 760 438 806 sua¹
467 762 707 806 remisimus
739 762 817 806 sub
841 762 920 805 hac
938 761 1185 819 penitentia,
1217 760 1391 804 consilio
1413 763 1456 804 et
1474 759 1679 818 petitione

109 840 254 884 domni
283 839 659 885 Patherburnensis
694 836 904 898 episcopi²
935 842 978 883 et
1006 839 1152 883 fratris
1184 839 1250 882 sui
1279 838 1459 882 Folwini
1487 851 1566 882 nec
1594 851 1680 881 non

110 918 289 963 aliorum
320 919 551 963 amicorum
582 932 767 974 suorum,
798 917 844 961 in
874 917 1043 975 placito,
1077 917 1188 974 quod
1209 916 1477 961 Corbeiae¹in
1496 916 1680 972 rogatio-
1701 921 1772 953 Mai·
1786 922 1804 953 5

110 996 234 1041 nibus
270 994 442 1041 habui³z
481 996 659 1041 Omnem
697 996 971 1040 Teutonicam
1000 998 1179 1051 terram,
1219 1009 1346 1051 quam
1383 995 1505 1039 nobis
1539 993 1681 1038 Renus

112 1075 276 1131 dividit,
307 1075 550 1130 foriuravit3
583 1075 636 1118 ad
665 1074 821 1118 festum
853 1074 989 1118 sancti
1018 1070 1181 1117 Iacobi⁴
1204 1073 1475 1129 transiturus,
1505 1085 1584 1117 nec
1603 1086 1682 1116 un-

112 1166 239 1210 quam
268 1153 349 1196 nisi
380 1167 476 1198 mea
495 1153 713 1197 vocatione
743 1166 1009 1206 reversurus3
1041 1152 1159 1209 prius
1191 1155 1332 1195 autem
1362 1151 1515 1195 domno
1540 1150 1682 1195 abbati

113 1230 355 1276 Corbeiensi
384 1245 463 1275 nec
491 1245 577 1275 non
607 1230 757 1274 viduae
788 1234 830 1274 et
858 1229 1033 1287 pupillis
1064 1229 1311 1274 Theoderici
1340 1229 1521 1285 comitis,
1557 1242 1683 1286 quem

113 1309 286 1365 occidit,
325 1310 554 1354 secundum
593 1308 814 1352 consilium
855 1311 897 1352 et
931 1311 1178 1366 preceptum
1207 1321 1349 1351 meum
1380 1307 1612 1351 satisfaciet
1641 1310 1684 1351 et

111 1387 308 1446 placabit.
396 1388 592 1432 Castrum
622 1400 764 1431 meum
791 1386 1076 1442 Dasenberch,
1107 1389 1270 1430 remota
1301 1385 1416 1429 omni
1444 1386 1684 1430 conditione

111 1466 180 1510 vel
197 1467 326 1511 verbo
357 1467 531 1522 gratiae,
562 1466 723 1523 recepi3
756 1465 898 1521 sicque
923 1464 975 1521 18,
1008 1464 1081 1521 qui
1097 1464 1216 1522 prius
1236 1463 1441 1508 beneficia
1460 1478 1538 1508 sua
1556 1464 1683 1509 bene-

111 1543 239 1589 ficiali
267 1545 359 1590 iure
389 1559 416 1589 a
444 1558 512 1589 me
541 1543 740 1602 perdidit,
770 1543 850 1587 hoc
880 1556 1045 1601 quoque
1076 1542 1250 1586 dimisit.
1290 1537 1329 1574 '5-

115 1686 234 1735 463.
259 1690 470 1733 Wibaldms
491 1689 727 1731 Adrianum
747 1688 814 1731 IV
821 1703 983 1745 papam
1015 1688 1066 1730 de
1089 1686 1272 1731 Gerardi
1300 1686 1498 1730 scholaris
1528 1693 1566 1730 et
1588 1686 1683 1730 Gis-

263 1768 404 1811 leberti
434 1767 710 1809 controversia
738 1767 783 1809 in
802 1766 958 1824 synodo
980 1765 1203 1808 Leodiensi
1224 1766 1451 1822 disceptata
1471 1766 1685 1808 certiorem

254 1845 377 1903 facit.
1468 1840 1540 1896 (Μ.
1562 1841 1683 1896 426.)

232 1932 476 1978 Reverendo
506 1932 551 1976 in
573 1931 739 1976 Christo
769 1931 883 1989 patri
914 1945 989 1975 8110
1021 1934 1064 1975 01
1093 1931 1262 1975 (101111110
1283 1930 1506 1986 Α((1110110)
1537 1932 1613 1975 11111
1642 1935 1685 1976 01
1710 1936 1801 1973 1157

115 2011 345 2056 universali
381 2024 517 2068 papae
552 2011 684 2054 frater
714 2009 966 2064 W(ibaldus)
996 2009 1078 2053 Dei
1115 2010 1253 2065 gratia
1290 2009 1355 2066 id,
1394 2009 1506 2066 quod
1543 2013 1608 2054 est
1638 2010 1684 2053 in

118 2088 320 2135 aecclesia
349 2088 566 2144 catholica„
598 2087 769 2132 filialem
798 2088 845 2131 in
872 2087 1039 2131 Christo
1071 2087 1337 2132 dilectionem
1368 2090 1410 2131 et
1439 2090 1685 2146 promptum

115 2182 194 2227 per
224 2168 367 2212 omnia
395 2167 628 2211 devotionis
660 2166 919 2223 obsequium.

237 2246 344 2290 Cum
375 2259 559 2289 essemus
589 2245 635 2288 in
664 2244 824 2302 synodo
847 2244 990 2287 domni
1010 2243 1255 2287 Leodiensis
1277 2240 1498 2300 episcopi⁵,
1531 2241 1684 2287 Gerar-

118 2325 196 2369 dus
227 2324 399 2381 quidam
430 2323 601 2367 scolaris
633 2325 885 2379 conquestus
916 2324 993 2377 est,
1025 2321 1137 2378 quod
1162 2321 1332 2377 quidam
1353 2320 1612 2365 Gislebertus
1631 2321 1684 2365 de

117 2402 334 2446 Aiunkurt
370 2402 626 2459 prebendam
666 2414 786 2444 suam
823 2399 904 2443 sibi
935 2399 1138 2455 auferret,
1178 2413 1303 2455 quam
1335 2399 1374 2443 ei
1405 2399 1578 2443 dederat
1607 2399 1684 2443 sub

118 2480 348 2524 multorum
384 2480 624 2523 testimonio
664 2479 840 2522 domnus
872 2476 1082 2520 Walterus
1115 2477 1243 2520 abbas
1274 2476 1521 2520 monasterii
1551 2477 1685 2521 sancti

118 2557 349 2613 Laurentii,
382 2557 453 2613 qui
483 2570 595 2601 nunc
622 2557 758 2600 eidem
778 2555 1032 2598 monasterio
1053 2554 1301 2610 regulariter
1320 2558 1476 2612 preest,
1506 2554 1684 2612 preben-

121 2636 220 2679 dam
239 2635 435 2680 videlicet
464 2638 696 2689 vacantem,
729 2646 835 2689 quae
864 2633 945 2676 fuit
973 2646 1109 2689 nuper
1137 2633 1322 2677 defuncti
1342 2632 1551 2689 quondam
1572 2631 1684 2676 Ruo-

119 2713 229 2758 berti
266 2713 426 2768 clerici3
468 2716 509 2758 et
546 2712 656 2769 quod
688 2711 713 2754 0
741 2710 929 2768 predicto
961 2710 1111 2754 abbate
1141 2724 1216 2766 per
1246 2710 1409 2754 litteras
1441 2713 1483 2754 et
1511 2710 1683 2755 idoneos

120 2792 293 2834 nuncios
325 2792 462 2834 iussus
493 2790 642 2833 fuisset
671 2789 987 2845 prenominatae
1018 2788 1256 2844 prebendae
1287 2788 1497 2844 stipendia
1519 2801 1682 2846 capere,

218 2886 250 2920 1.
275 2885 321 2922 V.
347 2895 404 2930 ep.
421 2885 491 2920 446
517 2894 626 2929 supra
649 2894 684 2928 p.
703 2883 784 2919 578.
888 2883 921 2917 2.
947 2880 1158 2917 Bernhardi.
1265 2882 1299 2917 3.
1325 2880 1495 2918 Wibaldo
1519 2880 1682 2918 absente.

122 2944 156 2979 4.
183 2944 248 2980 Ι111.
266 2944 324 2980 25.
419 2944 453 2980 5.
479 2942 648 2979 Heinrici.

1322 3004 1400 3042 38¹8·
