1924 3288
507 205 707 237 wmALm
735 204 985 236 nms'ronAn
1015 203 1085 236 285.
1110 203 1180 235 286.
1539 191 1627 236 413

58 302 150 345 tum
178 312 252 347 vos
285 313 377 345 esse
406 299 523 357 volo,
555 301 750 358 quatinus
784 300 896 359 apud
927 301 1142 345 dominum
1171 313 1326 358 meum,
1358 299 1476 345 cuius
1507 313 1627 344 man-

59 377 158 424 dato
186 391 403 437 nunquam
423 393 509 423 non
530 380 831 437 optemperavi,
862 393 931 423 me
950 378 1131 424 fideliter
1151 382 1395 424 excusatum
1414 379 1625 433 habeatis;

59 457 160 515 quia
185 471 261 503 vos
291 457 494 514 legationi
523 457 622 501 huic
652 457 766 502 solus
798 457 1012 514 sufficitis,
1050 471 1128 502 nec
1159 472 1234 515 ego
1266 457 1380 502 aliud
1410 457 1627 502 vobiscum

59 548 247 594 agerem,
285 536 371 581 nisi
408 536 517 581 sicut
553 537 730 581 nuncius
770 550 1037 595 apparerem,
1076 537 1207 581 nichil
1237 550 1384 593 agens,
1422 536 1552 580 nichil
1582 536 1627 580 in

57 615 273 673 presentia
291 618 433 660 vestra
460 614 634 673 loquens
666 618 720 672 et,
753 615 790 659 si
811 614 1016 672 loquerer,
1048 615 1307 674 imperitiam
1328 629 1467 660 meam
1488 617 1627 659 osten-

59 692 216 750 dendo,
255 694 377 752 quasi
413 707 538 739 sorex
574 707 668 738 meo
705 693 861 738 indicio
898 694 1095 752 perirem.
1166 693 1212 738 Si
1248 707 1348 738 vero
1389 693 1628 750 quindecim

58 771 148 816 dies
178 774 277 830 post
304 772 460 817 festum
488 772 603 817 beati
621 769 826 828 Remigii¹
854 786 923 816 me
954 775 1176 830 expectare
1196 772 1360 817 velletis
1392 775 1434 816 et
1463 786 1539 828 ego
1558 786 1627 816 me

57 849 230 895 interim
253 851 452 910 expedire
472 854 515 895 et
533 864 762 909 preparare
782 850 979 908 valerem,
1012 851 1230 895 dominum
1249 865 1391 895 meum
1411 851 1627 895 vobiscum

58 928 239 984 adirem3
286 933 329 975 et
374 929 572 988 quicquid
607 929 794 974 facturus
834 943 988 986 essem,
1036 928 1154 974 salva
1191 930 1329 986 gratia
1367 930 1456 974 eius
1494 928 1625 974 fieret.

58 1006 218 1053 Valete.

60 1148 178 1199 286.
203 1152 415 1197 Wibaldus
434 1153 620 1196 Arnoldo
645 1154 890 1196 cancellario
910 1154 1141 1211 respondet,
1173 1169 1216 1196 se
1235 1154 1326 1211 reyi
1346 1154 1396 1196 de
1416 1154 1628 1197 subeunda

204 1232 407 1290 leyatione
437 1232 705 1275 obediturum.
750 1232 845 1275 Vult
874 1247 966 1275 ewm
995 1232 1060 1274 vel
1087 1232 1198 1275 ultra
1227 1232 1336 1274 diem
1359 1231 1417 1275 15
1442 1231 1629 1275 Octobris

208 1317 455 1368 exspectare.
1411 1308 1483 1364 (M.
1508 1309 1626 1364 265.)

177 1398 409 1443 Karissimo
448 1398 617 1443 domino
656 1401 699 1444 et
736 1398 869 1443 amico
906 1413 981 1443 suo
1011 1398 1235 1455 A(rnoldo)
1266 1399 1498 1444 venerabili
1529 1412 1627 1443 can-

58 1476 228 1522 cellario
257 1477 388 1522 frater
417 1476 670 1533 W(ibaldus)
701 1477 782 1522 Dei
812 1477 950 1534 gratia
978 1478 1036 1535 id,
1069 1478 1180 1535 quod
1211 1481 1295 1535 est,
1335 1492 1380 1523 se
1414 1478 1554 1536 ipsum
1585 1481 1628 1522 et

59 1569 137 1601 sua
165 1555 318 1601 omnia.

176 1634 329 1691 Verba,
366 1647 472 1691 quae
503 1634 732 1692 scripsistis
762 1635 884 1680 nobis
915 1635 966 1680 de
997 1634 1243 1680 difficultate
1274 1636 1525 1692 egressionis
1556 1649 1627 1680 ve-

59 1715 171 1758 strae
209 1716 251 1758 et
285 1712 596 1771 preparationis
635 1713 689 1774 ad
724 1713 805 1757 iter
839 1713 1095 1771 Romanum,
1132 1717 1279 1758 nostra
1316 1714 1464 1772 procul
1501 1714 1626 1758 dubio

60 1795 177 1846 sunt3
211 1795 254 1836 et
282 1805 363 1849 que
392 1791 575 1835 conditio
605 1792 726 1836 nobis
757 1792 814 1835 sit
838 1792 893 1836 in*
907 1792 1092 1836 ecclesiis
1113 1792 1284 1849 nostris,
1316 1796 1390 1837 aut
1419 1807 1499 1849 que
1529 1806 1627 1850 pos-

60 1869 239 1915 sibilitas
270 1869 349 1914 hoc
377 1873 567 1927 tempore
595 1869 860 1927 relinquendi
889 1870 1041 1914 fratres
1072 1874 1259 1927 nostros,
1295 1885 1370 1915 vos
1400 1871 1445 1914 in
1475 1871 1627 1915 vestris

58 1948 259 1993 ftatribus
290 1948 579 2004 consideratis,
610 1961 706 1992 cum
726 1949 942 1993 videamus
972 1949 1059 1992 iam
1089 1963 1164 2007 pre
1186 1949 1316 1993 oculis
1337 1949 1627 1993 imminentem

59 2026 260 2072 fratribus
289 2027 465 2084 nostris,
505 2041 590 2071 non
621 2027 758 2071 dicam
787 2027 1015 2072 karitatem
1046 2042 1255 2084 annonae,
1289 2031 1353 2072 set
1383 2028 1533 2072 duram
1562 2028 1626 2072 in—

61 2105 203 2163 opiam
231 2105 442 2150 maximae
474 2104 721 2149 sterilitatis.
773 2104 893 2149 Licet
922 2106 1051 2162 igitur
1082 2107 1260 2164 impium
1290 2106 1410 2151 nobis
1443 2121 1534 2151 esse
1564 2107 1626 2150 vi-

60 2183 209 2228 deatur
246 2183 483 2241 relinquere
512 2183 664 2228 fratres
694 2186 861 2228 nostros
893 2184 969 2228 sub
1000 2184 1186 2242 periculo
1217 2185 1341 2229 famis
1373 2188 1415 2229 et
1443 2185 1625 2243 inopiae,

62 2275 115 2307 ex
146 2261 279 2306 altera
307 2265 450 2306 tamen
478 2264 599 2319 parte
630 2262 781 2306 durum
803 2262 923 2307 nobis
946 2276 1037 2307 esse
1056 2263 1260 2320 videmus,
1292 2263 1402 2307 iram
1422 2264 1626 2321 principis

59 2340 273 2385 incurrere
309 2343 364 2396 et,
395 2353 479 2383 una
509 2339 599 2384 vice
628 2340 875 2384 mandatum
905 2340 994 2385 eius
1025 2355 1078 2385 ex
1109 2355 1274 2386 summa
1303 2355 1523 2386 causarum
1554 2356 1626 2386 ne-

62 2419 256 2463 cessitate
285 2418 577 2477 pretereundo,
609 2431 731 2462 omne
762 2419 992 2475 servitium,
1025 2433 1106 2476 quo
1139 2420 1177 2464 ei
1209 2423 1251 2464 et
1277 2434 1406 2476 regno
1426 2434 1627 2477 umquam

62 2497 323 2554 servivimus,
356 2496 493 2541 subito
515 2495 702 2554 perdere.
748 2495 980 2552 Angustiae
1002 2497 1171 2554 quidem
1192 2501 1290 2542 sunt
1308 2495 1531 2555 undique²,
1564 2500 1627 2541 set

61 2574 211 2619 melius
243 2578 307 2619 est
335 2575 456 2619 nobis
487 2574 565 2618 hoc
594 2577 795 2631 tempore,
826 2577 874 2618 ut
903 2588 970 2618 res
1001 2579 1167 2620 nostras
1199 2577 1276 2621 sub
1302 2577 1541 2620 discrimine
1561 2589 1626 2619 re-

61 2649 314 2709 linquamus,
346 2667 471 2710 quam
493 2652 694 2697 offensam
724 2652 884 2696 domini
912 2653 1047 2696 nostri
1076 2653 1188 2709 regis
1218 2668 1302 2698 non
1332 2653 1625 2698 satisfaciendo

62 2728 269 2775 voluntati
299 2731 388 2775 eius
418 2732 702 2786 incurramus,
740 2733 782 2774 et
811 2730 991 2786 gratiam
1020 2731 1168 2788 ipsius,
1199 2745 1276 2789 pro
1308 2745 1391 2788 qua
1421 2730 1626 2775 servanda

64 2807 150 2852 iam
179 2822 255 2867 per
285 2809 439 2854 multos
472 2823 602 2854 annos
632 2808 928 2865 laboravimus,
960 2822 1036 2866 pro
1062 2809 1204 2866 aliqua
1225 2809 1482 2865 negligentia
1500 2809 1624 2853 modo

64 2886 302 2945 perdamus,
334 2890 376 2932 et
404 2901 472 2932 res
502 2887 679 2946 imperio
700 2886 767 2931 vel
796 2887 1044 2946 imperantis
1074 2886 1224 2932 honori
1251 2890 1478 2946 oportunas
1499 2890 1624 2946 atque

160 2975 193 3011 1.
219 2974 298 3013 Oct.
319 2976 374 3012 15.
470 2977 503 3012 2.
531 2976 625 3013 Dan.
644 2976 701 3022 13,
719 2977 776 3013 22.

1651 303 1745 340 1150

1657 353 1742 393 Sept.

1654 1407 1747 1443 1150

1658 1457 1742 1497 Sept.
