1924 3288
515 196 713 228 erALm
742 195 992 228 Ems'ronffl
1021 195 1092 227 263.
1114 194 1184 226 264.
1545 182 1629 227 391

64 295 250 340 vomam
286 291 579 338 celsitudinem
619 291 807 350 accipere
847 291 1067 336 decuisset.
1129 289 1250 343 Quod
1279 290 1462 335 erudieio
1493 293 1635 335 vestra
1659 293 1753 332 1150

65 371 172 417 sciat
197 384 249 417 eo
280 371 455 415 consilio
484 371 644 415 factum
675 384 788 427 esse,
819 372 880 426 ut,
913 369 1112 426 quoniam
1141 368 1358 414 humiliter
1388 372 1431 414 et
1459 368 1634 427 pacifice

64 449 312 496 multociens
342 449 462 494 vobis
499 462 626 507 super
656 449 802 493 eodem
833 449 1001 505 negotio
1033 448 1335 506 scripseramus
1366 451 1408 492 et
1437 461 1515 492 nec
1546 461 1634 492 ser-

63 540 232 579 monem
261 526 483 586 pacificum
511 540 590 571 nec
618 527 736 585 pacis
768 526 961 572 effectum
990 528 1297 584 receperamus,
1327 530 1445 571 certa
1463 527 1634 571 tandem

64 609 175 652 esset
193 609 334 651 vestra
361 606 601 664 prudentia,
634 605 745 662 quod
774 605 957 649 iudicem
980 618 1057 649 nos
1079 604 1196 648 adire
1215 605 1446 649 necessitas
1467 608 1635 662 cogeret

63 688 266 730 extrema.
319 683 445 729 Absit
475 683 587 728 enim
619 697 644 727 a
674 686 842 728 nostrae
871 682 1123 726 humilitatis
1153 683 1386 740 proposito,
1413 687 1465 727 ut
1493 684 1633 741 ponti-

61 762 226 808 ficalem
263 761 577 819 excellentiam,
614 762 800 806 maxime
830 762 876 805 in
905 775 1087 820 persona
1115 761 1373 805 monasticae
1401 761 1631 819 religionis,

63 855 274 901 quoquam
300 841 548 886 temerario⁶
576 840 644 884 vel
670 841 907 884 contumaci
937 840 1072 896 elogio
1099 839 1304 896 impetere
1323 853 1630 897 presumamus.

62 920 219 966 Verum
249 920 447 977 quoniam
477 919 621 963 eedem
651 918 818 963 litterae
838 922 1002 963 vestrae
1029 917 1159 962 nichil
1182 918 1299 974 certi,
1330 918 1461 962 nichil
1480 917 1634 963 finitivi

62 1012 190 1057 super
217 1011 344 1043 causa
372 1002 518 1042 nostra
547 997 839 1054 continebant,
871 1010 948 1041 nos
980 1010 1167 1054 quoque,
1199 997 1308 1040 sicut
1335 996 1467 1040 nichil
1497 997 1633 1042 deter-

61 1077 226 1133 minati,
255 1077 320 1121 ita
346 1076 478 1120 nichil
506 1076 606 1120 novi
623 1079 788 1120 vestrae
818 1075 1101 1132 magnitudini
1131 1075 1346 1134 potuimus
1377 1074 1631 1131 rescribere3

61 1168 158 1200 cum
193 1154 313 1199 vobis
350 1158 394 1199 et
428 1154 655 1199 aecclesiae
690 1157 856 1198 vestrae
885 1154 983 1198 viva
1011 1167 1112 1198 voce
1149 1156 1239 1215 tam
1276 1167 1354 1211 per
1390 1167 1468 1197 nos
1507 1167 1633 1211 quam

60 1247 138 1293 per
176 1233 374 1278 honestos
405 1236 448 1277 et
475 1246 651 1288 magnos
683 1236 726 1277 et
754 1232 960 1290 plurimos
991 1233 1289 1290 intercessores
1319 1232 1562 1289 frequenter
1592 1236 1634 1278 et

60 1313 270 1357 instanter
312 1311 629 1368 obtulissemus,
676 1311 875 1368 quicquid
918 1311 973 1355 ad
1011 1310 1342 1355 satisfactionem
1379 1310 1634 1369 persuadere

60 1390 291 1447 humilitas,
322 1390 521 1448 quicquid
551 1390 606 1434 ad
635 1390 936 1434 correctionem
964 1391 1133 1447 poterat
1163 1389 1322 1433 dictare
1343 1389 1524 1433 iusticia.
1567 1389 1632 1434 De

61 1469 212 1527 quibus
242 1468 436 1514 omnibus
467 1468 503 1512 si
534 1468 705 1526 aliquod
734 1467 966 1526 capitulum
996 1468 1149 1524 eligere
1180 1471 1224 1512 et
1252 1468 1374 1512 nobis
1396 1467 1633 1524 significare

60 1548 180 1593 vobis
209 1547 544 1605 complacuisset,
577 1547 686 1591 sicut
715 1547 761 1591 in
791 1546 1002 1591 offerendo
1033 1547 1190 1590 fuimus
1222 1546 1376 1603 devoti,
1406 1547 1468 1590 ita
1492 1547 1538 1590 in
1559 1561 1632 1592 ex-

60 1626 240 1671 hibendo
285 1639 472 1670 essemus
509 1626 661 1684 parati.
730 1625 788 1670 Et
824 1625 903 1669 hoc
941 1625 1126 1669 erudicio
1164 1627 1307 1669 vestra
1344 1625 1634 1670 indubitanter

61 1705 200 1763 potuit
230 1705 462 1760 advertere,
493 1704 607 1761 quod
636 1704 682 1747 in
704 1703 831 1748 verbo
863 1707 906 1747 et
934 1704 1145 1761 promisso
1175 1706 1320 1747 nostro
1351 1703 1468 1747 nulla
1496 1703 1633 1748 latens

62 1786 153 1828 erat
180 1784 485 1839 tergiversatio,
517 1796 614 1826 eum
645 1781 872 1826 electorum
890 1781 1091 1837 iudicum,
1124 1795 1150 1825 a
1170 1781 1320 1838 quibus
1343 1781 1527 1839 apellare
1546 1796 1632 1826 non

61 1861 172 1917 licet,
203 1861 461 1905 sentenciam
481 1860 622 1905 subire
641 1859 859 1916 vellemus,
886 1859 1045 1903 domini
1064 1859 1261 1904 videlicet
1281 1862 1323 1903 et
1341 1860 1478 1917 patris
1497 1861 1634 1904 nostri

60 1939 438 1984 Patherburnensis
475 1939 663 1997 episcopi
691 1951 770 1983 nec
800 1952 886 1982 non
914 1938 1135 1982 reverendi
1164 1936 1511 1982 Monasteriensis
1543 1939 1632 1996 epi-

62 2018 179 2075 scopi
225 2020 350 2074 atque
389 2017 652 2061 dilectissimi
687 2017 823 2060 nostri
863 2015 1195 2071 Osnebrugensis
1234 2015 1434 2073 episcopi.
1505 2016 1631 2060 Diem

60 2109 160 2141 vero
191 2095 400 2153 colloquii,
433 2109 539 2152 quae
568 2095 819 2152 interposita
849 2098 953 2151 erat,
983 2094 1222 2138 nullatenus
1244 2107 1461 2138 osservare
1481 2108 1631 2152 possu-

61 2188 174 2230 mus3
216 2175 334 2231 quia,
370 2187 466 2218 cum
498 2173 655 2230 absque
683 2172 1001 2218 misericordia&
1027 2186 1053 2216 a
1081 2172 1200 2216 vobis
1228 2173 1547 2230 recesserimus,
1578 2173 1630 2218 de

62 2265 188 2297 causa
217 2255 363 2296 nostra
392 2252 506 2310 apud
535 2251 739 2308 quasdam
767 2264 942 2307 magnas
972 2264 1174 2309 personas
1202 2264 1326 2306 agere
1355 2254 1545 2310 tempore
1565 2252 1630 2296 in-

62 2330 164 2375 dicti
193 2330 390 2388 colloquii
430 2330 725 2387 disposuimus.
781 2329 901 2382 Quod
937 2329 1030 2373 ideo
1070 2342 1095 2372 a
1134 2329 1290 2373 nostris
1327 2330 1629 2375 mediatoribus

62 2409 242 2454 scienter
271 2409 511 2453 ordinatum
546 2407 647 2464 suit,
685 2421 770 2451 non
799 2411 848 2451 ut
883 2407 1201 2452 observaremus
1211 2414 1239 2464 ⁰,
1279 2411 1344 2452 set
1371 2422 1426 2454 ne
1457 2422 1483 2452 a
1510 2408 1629 2453 vobis

61 2486 302 2532 indecenter
332 2491 375 2532 et
402 2490 620 2544 tamquam
649 2485 858 2530 hostiliter
888 2485 1192 2530 recederemus

65 2634 182 2683 264.
210 2637 430 2682 Heinricus
467 2639 681 2697 episcopus
717 2635 947 2679 Mindensis
976 2635 1219 2679 Bemhardi
1257 2635 1440 2693 episcopi
1470 2635 1629 2678 Pader-

210 2710 418 2753 comensis
463 2709 675 2753 consilium
714 2708 764 2751 de
799 2707 1061 2751 mordacibus
1099 2707 1280 2751 Wibaldi
1317 2707 1375 2750 ad
1409 2723 1452 2750 se
1487 2707 1631 2750 litteris

211 2782 426 2826 desiderat.
1413 2776 1484 2831 (M.
1509 2778 1628 2834 246.)

180 2864 420 2909 Venerabili
460 2864 628 2909 domino
669 2865 837 2908 sanctae
867 2861 1243 2906 Patherburnensis
1281 2860 1506 2906 aecclesiae
1541 2862 1630 2921 epi·
1657 2867 1748 2903 1150

158 2964 185 2985 a.
214 2954 373 2995 quicquam
393 2954 586 2986 tenemium
608 2966 634 2985 c.
717 2953 747 2984 b.
768 2951 994 2984 misericordiae
1017 2964 1044 2983 c.
1128 2961 1154 2983 0.
1183 2963 1223 2983 an
1244 2960 1306 2983 11011
1326 2952 1362 2984 ut
1383 2951 1466 2984 diem
1486 2951 1629 2994 colloquii

63 3018 124 3040 non
146 3008 392 3040 observaremus?
