1924 3288
283 201 371 246 306
733 213 931 245 wmALm
959 211 1208 246 nns‘romn
1235 212 1307 244 185.
1328 211 1399 244 186.

153 311 247 347 1149
281 308 423 365 ipsum
451 311 666 364 geruntur,
698 311 741 352 et
771 311 928 352 statum
956 308 1077 363 regni
1105 322 1182 366 per
1209 308 1388 352 eundem
1407 307 1701 363 F(ranoonem)
1719 307 1843 357 uobifl

141 360 205 400 ω’
220 361 260 391 ²3
282 385 451 430 studeas
470 386 689 439 intimare;
722 388 765 429 et
787 385 867 429 hoc
886 389 1076 442 tempore
1097 386 1374 442 devotionem,
1399 399 1525 442 quam
1545 400 1646 442 erga
1663 388 1844 432 matrem

282 466 401 508 tuam
431 467 620 507 sanctam
650 461 884 507 Romanam
914 463 1159 507 aecclesiam
1195 464 1327 520 geris,
1368 463 1585 520 ostendas,
1621 466 1671 508 ut
1697 465 1842 508 nostro

281 541 534 598 respondere
572 538 740 584 affectui
776 553 957 596 congrue
987 541 1169 585 videaris
1201 545 1244 585 et
1271 541 1384 586 beati
1414 542 1530 586 Petri
1559 540 1845 599 apostolorum

283 618 485 675 principis
516 618 900 675 intercessionibus,
932 619 1000 662 cui
1022 622 1066 663 te
1085 622 1221 663 totum
1242 619 1367 664 debes
1388 633 1612 677 exponere,
1640 617 1844 666 creatoris

281 695 416 739 nostri
462 695 688 750 largiorem
732 695 884 740 debeas
929 696 1110 752 gratiam
1153 698 1397 754 promereri.
1467 697 1581 742 Data
1619 694 1845 745 Tusculani

283 773 334 816 9·
354 772 446 816 Kal.
469 772 577 817 Iulii.
1837 783 1843 788 ’

286 954 400 1002 186.
425 956 639 1001 wibaldus
670 957 856 1002 Guidom'
883 959 1091 1003 cardinali
1117 961 1354 1018 respondet,
1391 976 1434 1003 se
1464 961 1514 1003 ob
1545 958 1845 1016 Lothan'nyt'ae

427 1042 561 1078 motus·
597 1043 636 1079 et
666 1035 850 1080 conradi
884 1038 994 1094 reyis
1023 1046 1295 1097 praeceptum
1329 1039 1374 1081 in
1405 1037 1636 1081 Samonium
1665 1037 1724 1080 ad
1751 1043 1844 1079 εικῆ

426 1127 511 1155 non
542 1128 626 1155 esse
654 1121 878 1156 venturum.
1632 1111 1706 1167 (Μ.
1727 1111 1844 1166 166.)

162 1206 255 1242 1149
397 1199 639 1245 Reverendo
669 1201 784 1259 patri
814 1215 889 1246 suo
921 1206 963 1246 et
993 1203 1162 1247 domino
1183 1202 1399 1259 G(uidoni)
1419 1200 1650 1247 venerabili
1674 1198 1845 1246 sanctae

176 1256 239 1286 ¹¹¹¹*
278 1276 491 1322 Romanae
526 1279 751 1323 aecclesiae
790 1279 964 1324 diacono
1004 1279 1230 1325 cardinali¹
1267 1280 1520 1339 apostolicae
1557 1280 1669 1325 sedis
1704 1266 1844 1336 legato

279 1354 410 1399 frater
438 1355 691 1411 W(ibaldus)
717 1356 798 1401 Dei
828 1358 966 1412 gratia
994 1358 1052 1414 id,
1086 1359 1195 1415 quod
1227 1361 1292 1402 est
1320 1359 1366 1402 in
1396 1357 1597 1403 aecclesia
1626 1354 1843 1415 catholica,

281 1433 453 1489 exiguas
484 1434 694 1478 orationes
726 1437 769 1478 et
798 1434 994 1479 devotum
1023 1436 1252 1480 servitium.
1787 1423 1791 1427 ’

398 1510 628 1568 Postquam
674 1511 726 1555 de
770 1512 953 1556 transitu
989 1516 1130 1557 vestro
1170 1513 1216 1557 in
1252 1512 1469 1557 Poloniam
1505 1526 1607 1558 vera
1641 1511 1844 1557 relatione

280 1589 560 1646 comperimus
570 1586 598 1645 ²,
634 1589 757 1645 longo
788 1593 978 1647 tempore
1009 1590 1121 1648 apud
1150 1590 1371 1634 Corbeiam
1399 1590 1445 1634 in
1475 1604 1526 1635 ea
1555 1589 1846 1648 expectatione

281 1665 450 1710 solliciti
481 1669 605 1723 atque
636 1668 829 1725 suspensi
858 1668 1036 1724 fuimus,
1073 1671 1121 1712 ut
1148 1668 1194 1712 in
1223 1668 1362 1712 reditu
1390 1671 1530 1712 vestro
1561 1670 1845 1726 competenter

281 1744 399 1789 vobis
438 1757 655 1788 occurrere
690 1758 909 1802 possemus
947 1749 990 1790 et
1026 1749 1115 1790 tam
1153 1746 1351 1790 devotum
1381 1759 1507 1802 quam
1537 1745 1726 1790 debitum
1753 1732 1845 1790 tum

280 1821 326 1865 in
355 1835 536 1880 persona
564 1825 656 1866 tum
686 1823 731 1866 in
760 1823 884 1867 rebus
915 1823 1162 1880 obsequium
1190 1837 1268 1881 pro
1289 1823 1527 1867 reverentia
1546 1822 1690 1867 domni
1706 1835 1845 1881 papae

282 1902 325 1943 et
356 1899 500 1943 domni
530 1899 768 1944 cancellarii
799 1904 841 1944 et
869 1915 947 1958 pro
977 1905 1143 1946 vestrae
1163 1895 1376 1959 'personae
1405 1899 1721 1945 honorificentia
1749 1913 1845 1944 cum

282 1977 397 2020 omni
426 1976 509 2021 fide
539 1972 585 2021 et'
612 1977 851 2022 sinceritate
882 1978 1186 2023 exhiberemus.
1229 1979 1303 2023 Set
1333 1979 1530 2036 quoniam
1553 1978 1701 2023 crebra
1718 1975 1844 2034 mala,

283 2068 389 2112 quae
433 2053 751 2111 Lotharingiam
796 2059 838 2099 et
880 2056 1079 2114 precipue
1115 2056 1390 2101 Arduennam
1433 2059 1621 2100 nostram
1665 2046 1844 2100 assiduis

282 2131 425 2189 predis
469 2135 594 2189 atque
637 2133 798 2191 rapinis
838 2136 880 2177 et
916 2133 1120 2178 incendiis
1161 2133 1370 2190 affligunt,
1417 2147 1493 2178 nos
1529 2133 1628 2178 illac
1662 2131 1845 2177 transire

283 2209 575 2267 compulerunt
613 2214 656 2254 et
692 2224 769 2254 nos
808 2211 1029 2255 cotidianis
1058 2212 1268 2270 pressuris
1297 2215 1499 2269 tanquam
1527 2211 1573 2255 in
1603 2210 1692 2255 acie
1721 2209 1845 2255 dimi-

283 2291 426 2332 cantes
463 2287 691 2345 implicitos
729 2291 893 2345 tenent,
932 2289 1112 2333 multum
1151 2304 1204 2334 ex
1235 2289 1374 2334 animo
1406 2288 1613 2344 dolemus,
1650 2287 1762 2345 quod
1791 2286 1845 2332 ad

284 2368 448 2410 vestrae
491 2365 689 2410 iussionis
734 2366 979 2410 mandatum
1022 2371 1161 2412 vestre
1204 2365 1453 2411 sublimitati
1497 2378 1713 2410 occurrere
1754 2367 1844 2410 tam

284 2442 407 2499 longe
441 2443 570 2501 positi
598 2456 684 2487 non
712 2443 921 2500 valemus,
961 2445 1160 2503 precipue
1190 2458 1285 2489 cum
1314 2443 1465 2488 vestris
1495 2441 1843 2487 sollicitudinibus

286 2520 396 2565 desit
424 2524 670 2579 cooperator
691 2521 910 2579 episcopus
930 2519 1193 2579 Anselmus‘,
1223 2522 1269 2566 in
1289 2521 1407 2566 cuius
1426 2521 1652 2579 prudentia
1670 2523 1714 2565 et
1729 2518 1844 2564 fideli

286 2597 459 2642 consilio
489 2597 717 2656 plurimum
745 2602 890 2656 posset
918 2600 1043 2643 inniti
1066 2603 1207 2644 vestra
1236 2598 1444 2643 discretio.
1544 2597 1742 2642 Preterea
1769 2596 1844 2641 do·-

284 2676 426 2720 minus
455 2679 600 2721 noster
629 2690 706 2721 rex
724 2675 1007 2721 Romanorum
1028 2677 1287 2733 Cuonradus,
1316 2674 1589 2733 Ratisponam
1618 2675 1664 2720 in
1686 2673 1843 2720 octavis

384 2782 412 2804 a.
440 2773 459 2804 8
482 2784 533 2812 ap.
549 2774 685 2804 ottonem
705 2773 835 2813 ming.

383 2837 417 2872 1.
442 2835 480 2873 S.
496 2835 632 2873 Mariae
655 2835 694 2871 in
718 2834 874 2881 porticu.
945 2835 980 2871 2.
1006 2846 1103 2872 anno
1128 2834 1221 2871 1148
1243 2836 1328 2880 post
1346 2844 1394 2870 m.
1411 2832 1613 2879 Septembr.
1638 2832 1685 2870 V.
1702 2831 1841 2879 ep.121

289 2905 401 2941 supra
428 2906 466 2941 p.
484 2894 564 2932 195.
666 2895 702 2932 3.
733 2894 1060 2940 ssavonici-gensis,
1100 2894 1163 2940 qui
1194 2897 1273 2930 tum
1305 2893 1344 2930 in
1374 2893 1483 2929 Italia
1510 2895 1601 2929 erat.
1640 2891 1689 2930 V.
1710 2891 1841 2929 librum

290 2966 427 2993 meum:
453 2955 584 2993 Gesch.
602 2955 668 2992 des
691 2953 894 2991 deutschen
919 2954 1074 2990 Reiches
1098 2957 1205 2990 unter
1229 2952 1372 2991 conrad
1396 2952 1449 2988 111
1473 2963 1509 2998 p.
1527 2952 1609 2989 279.
