1924 3288
126 291 220 328 1150

67 341 151 381 Sept.
163 357 195 362 —
205 340 271 372 Oct.

131 1636 148 1671 l
154 1635 223 1671 150

70 1683 154 1724 Sept.
167 1701 199 1705 -
210 1684 276 1715 Oct.

294 181 384 226 420
604 230 609 235 ,
742 193 942 224 wmALm
971 192 1221 224 EPISTOLAE
1249 193 1319 223 293.
1345 193 1415 223 294.

410 287 695 333 Hasteriensis
726 288 890 332 cenobii
915 288 1086 345 quidam
1106 289 1286 333 fratrum
1307 302 1351 333 se
1371 288 1493 333 nobis
1513 288 1863 347 presentaverunt

292 370 354 423 et,
395 368 507 425 quod
546 380 692 411 eorum
730 366 933 410 aecclesia
971 366 1117 411 multis
1155 367 1292 411 modis
1331 373 1407 424 per
1438 380 1511 411 vos
1548 366 1783 411 minoratur
1819 370 1863 411 et

291 445 400 489 bona
434 446 568 502 ipsius
599 458 677 502 per
706 444 1007 500 negligentiam
1037 448 1223 489 vestram
1253 448 1400 488 contra
1428 444 1592 489 licitum
1620 443 1865 489 disti-abun*

290 526 380 579 tur,
426 522 608 566 multum
655 523 872 579 conquesti
919 526 1029 566 sunt.
1099 523 1306 575 Quoniam
1344 523 1474 578 igitur
1510 522 1625 566 illius
1662 521 1862 567 ecclesiae

290 601 557 658 providentia
587 601 641 644 ad
671 603 864 644 nostrum
894 600 1056 658 spectat
1086 601 1288 644 honorem
1319 604 1361 644 et
1389 600 1503 644 illius
1534 600 1719 644 defensio
1739 598 1862 645 nobis

291 679 528 736 specialiter
563 679 790 734 incumbit,
830 678 947 722 vobis
979 679 1247 736 precipiendo
1279 678 1550 734 mandamus,
1589 678 1787 735 quatinus
1814 678 1863 722 in

290 757 486 814 proxima
516 756 696 800 Metensi
726 757 899 814 synodo,
937 771 1043 813 quae
1074 757 1266 813 sequenti
1296 756 1533 813 septimana
1561 759 1659 814 post
1687 756 1862 800 missam

291 835 479 878 omnium
518 831 781 878 sanctorum¹
818 834 1073 891 celebratur,
1121 848 1195 879 vos
1237 847 1332 878 cum
1369 834 1474 892 ipsis
1513 833 1728 879 monachis
1764 837 1862 878 ante

290 913 551 970 presentiam
580 916 782 969 nostram,
815 913 930 957 omni
959 915 1123 956 remota
1153 912 1384 968 occasione,
1416 912 1616 956 veniatis:
1650 912 1860 969 quatinus,

293 991 436 1035 audita
465 991 685 1047 utriusque
714 991 848 1049 partis
880 990 1090 1035 calumnia
1115 993 1157 1034 et
1178 990 1431 1046 defensione,
1461 991 1674 1047 utrimque
1694 992 1863 1034 servata

292 1070 491 1126 equitate,
521 1070 634 1113 inter
658 1082 732 1113 vos
763 1072 909 1112 nostra
938 1069 1095 1112 iudicet
1125 1069 1335 1112 discretio.
1382 1067 1644 1126 Precipimus
1673 1068 1861 1126 insuper,

292 1148 404 1204 quod
440 1148 552 1192 inter
587 1147 770 1191 eundum
801 1150 843 1191 et
870 1147 1130 1191 redeundum
1161 1146 1377 1190 monachis
1409 1145 1759 1203 conquerentibus
1786 1143 1861 1190 noss

292 1225 475 1270 cessaria
505 1225 716 1283 stipendia
745 1226 988 1270 ministrare
1019 1239 1105 1269 non
1134 1228 1299 1269 recuset
1327 1228 1470 1269 vestra
1497 1224 1703 1282 provisio,

296 1379 413 1426 294.
440 1382 651 1426 Wibaldus
673 1381 928 1439 Stephanum
950 1383 1186 1439 episcopum
1207 1382 1428 1424 Metensem
1448 1380 1722 1438 reprehendit,
1750 1379 1864 1438 quod

443 1461 494 1503 de
513 1459 842 1503 Hasteriensibus
861 1461 1138 1503 inconstanter
1158 1460 1305 1516 eyerit5
1335 1460 1645 1517 obtestaturque,
1665 1457 1863 1501 etc-Theo-

444 1539 581 1581 derico
614 1539 754 1581 abbati
783 1537 1107 1580 Walciodorensi
1129 1544 1292 1594 parcat.
1647 1533 1720 1589 (Μ.
1743 1533 1862 1587 275.)

412 1626 656 1670 Reverendo
686 1626 801 1683 patri
830 1640 905 1669 suo
937 1629 980 1670 et
1010 1626 1178 1669 domino
1202 1625 1448 1683 S(tephano)
1472 1627 1642 1669 sanctae
1660 1623 1861 1668 Metensis

296 1704 521 1749 aecclesiae
551 1704 782 1748 venerabili
812 1705 1008 1762 episcopo
1039 1705 1170 1748 frater
1201 1703 1466 1758 W(ibaldus).

413 1783 672 1827 Recordatur
703 1782 899 1826 discretio
927 1785 1083 1838 vestra,
1115 1782 1226 1839 quod
1257 1784 1353 1825 ante
1382 1794 1537 1839 paucos
1570 1780 1659 1824 dies
1689 1779 1862 1824 sinceri·-

294 1861 375 1905 tati
405 1864 570 1905 vestrae
608 1860 851 1917 scripsimus
888 1874 965 1918 pro
1003 1860 1171 1916 negotio
1210 1859 1352 1903 dilecti
1381 1859 1515 1916 patris
1545 1857 1680 1902 nostri
1709 1857 1862 1912 T(heo'-

296 1939 441 1993 derici)
463 1938 814 1983 Walciodorensis
846 1938 1022 1994 abbatis,
1053 1937 1248 1981 videlicet
1279 1937 1330 1981 de
1360 1936 1608 1981 rebellione·
1637 1934 1862 1980 monacho-

295 2030 392 2060 rum
421 2016 769 2060 Hasteriensium.
817 2015 916 2071 Qui,
949 2015 1108 2059 ordinis
1138 2015 1361 2058 monastici
1392 2018 1434 2058 et
1464 2013 1710 2072 disciplinae
1738 2025 1862 2070 regu·-

295 2094 398 2138 laris
421 2095 688 2150 inmemores,
719 2107 805 2137 non
825 2093 960 2137 solum
980 2093 1267 2137 inobedientes
1289 2095 1353 2136 set
1373 2092 1501 2136 etiam
1522 2094 1666 2149 aperte
1685 2081 1861 2136 rebelles

298 2172 434 2216 eidem
465 2171 607 2216 abbati
638 2185 712 2215 suo
744 2171 995 2226 extiterunt3
1029 2171 1160 2215 donec
1189 2170 1348 2215 clamor
1367 2169 1654 2214 contumaciae
1671 2169 1862 2226 ipsorum

298 2250 352 2294 ad
382 2263 503 2293 aures
535 2250 679 2292 domni
697 2248 942 2293 Leodiensis
974 2246 1182 2306 episcopi²
1212 2248 1400 2306 perlatus
1431 2251 1507 2303 est,
1539 2250 1581 2291 et
1599 2246 1753 2291 iudicio
1772 2240 1862 2291 tam

297 2326 712 2372 archidiaconorumb
743 2340 869 2383 quam
900 2326 1096 2370 abbatum
1130 2340 1178 2370 ac
1207 2326 1337 2370 totius
1367 2325 1469 2370 cleri
1499 2325 1550 2369 ab
1582 2323 1731 2368 officiis
1753 2314 1861 2368 divi-⁵

297 2406 364 2449 nis
403 2405 598 2462 suspensi
636 2407 753 2459 sunt,
794 2417 1007 2460 quousque
1047 2405 1072 2448 a
1107 2404 1341 2462 pertinacia
1377 2417 1454 2446 sua
1490 2402 1786 2460 resipiscerent
1819 2404 1862 2446 et

296 2486 389 2527 tum
418 2482 502 2540 ipsi
522 2481 718 2539 episcopo
738 2485 829 2525 tum
849 2482 991 2525 abbati
1012 2496 1100 2538 suo,
1133 2495 1256 2539 quem
1276 2484 1627 2538 contempserant,
1658 2478 1860 2535 condigne

299 2565 342 2605 et
369 2560 619 2617 regulariter
648 2559 950 2603 satisfacerent.
999 2559 1216 2616 Siquidem
1245 2560 1290 2602 in
1315 2558 1576 2602 Hasteriensi
1606 2556 1860 2601 monasterio

299 2642 421 2683 erant
457 2638 538 2682 duo
577 2637 930 2681 circumcelliones
962 2637 1055 2680 Iul.⁰
1087 2637 1281 2681 videlicet
1310 2640 1352 2680 et
1381 2635 1459 2690 M.;
1499 2649 1622 2692 quos,
1660 2637 1860 2691 vagantes

299 2720 342 2761 et
379 2716 623 2774 peregrinos
661 2718 704 2759 et
740 2718 908 2770 egentes
944 2728 1076 2771 pane,
1115 2714 1243 2759 abbas
1273 2727 1350 2771 pro
1381 2726 1546 2757 summa
1574 2711 1861 2757 misericordia

299 2797 554 2851 susceperat,
584 2793 631 2836 in
659 2796 848 2849 tempore
878 2792 1176 2849 hospitalitatis
1200 2792 1388 2849 ipsorum
1407 2791 1674 2849 probaturus,
1704 2790 1742 2834 si
1762 2794 1860 2834 con-

397 2898 424 2919 a.
451 2891 496 2919 n'c
518 2900 556 2918 ex
576 2887 771 2918 rebellatione
793 2893 951 2917 correctum
975 2893 1019 2917 est
1040 2889 1069 2917 in
1092 2888 1160 2917 cod.
1243 2887 1272 2917 b.
1293 2886 1530 2918 archidiacorum
1551 2898 1577 2917 c.
1659 2894 1686 2917 ο.
1706 2884 1765 2916 ml*
1779 2897 1805 2916 c.

395 2947 428 2983 1.
458 2946 549 2982 1150
573 2946 666 2983 Nov.
683 2945 825 2982 5-11.
922 2945 956 2980 2.
981 2944 1144 2981 Heinrici
1168 2944 1214 2980 11.
