1924 3288
584 191 784 224 wmALm
811 191 1033 224 nms'rom
1062 190 1133 222 458.
1557 178 1643 222 591

85 290 128 332 01
138 286 337 332 lectionis
358 287 643 332 dissuetudine
665 286 855 331 sufficere
877 286 931 330 ad
949 284 1298 344 respondendum,
1329 284 1528 342 precipue
1549 298 1645 329 cum
1670 287 1762 323 1157

83 364 328 422 temptantis
360 365 499 409 animo
530 365 869 421 interrogaveris,
900 378 986 408 non
1015 377 1246 422 possemus.
1677 337 1750 376 ‘⁴¹³¹‘

203 441 277 487 Set
309 442 388 486 hoc
417 443 496 487 tibi
527 443 579 486 ad
607 457 782 501 presens
811 456 1061 500 responsum
1091 442 1168 498 sit,
1208 440 1319 498 quod
1349 443 1390 484 et
1420 440 1645 484 auctoritas

83 523 126 565 et
153 520 262 565 ratio
294 521 435 565 docuit
467 524 508 565 et
531 521 759 578 antiquitas
784 520 963 576 longeva
983 520 1232 565 observavit.
1272 518 1452 577 Moyses,
1484 518 1569 576 qui,
1600 519 1646 562 in

80 598 250 643 heremo
281 599 450 655 degens,
482 612 578 643 011111
607 600 771 655 fugeret
790 613 934 654 regem
954 598 1152 656 Aegypti,
1183 598 1348 653 virgam
1367 597 1528 653 habuit,
1559 596 1646 640 dux

79 676 242 734 primus
273 680 316 721 et
344 677 514 734 previus
544 677 846 721 monachorum
875 677 967 720 fuit.
1014 677 1084 720 Ad
1112 677 1254 734 ipsum
1280 675 1486 720 Dominus
1517 675 1644 718 dixit:

83 754 199 809 Quid
227 763 337 799 tenes
367 758 414 799 in
443 757 599 800 manu?
637 756 697 799 At
715 755 787 799 ille
806 754 1042 812 respondit:
1074 755 1247 813 Vir-qam
1259 751 1282 797 ¹.
1324 753 1457 806 Quam
1476 753 1647 798 iubente

79 831 262 877 Domino
293 846 388 877 cum
419 834 464 877 111
493 837 652 878 terram
681 834 947 892 proiecisset,
979 833 1164 877 mirabili
1195 835 1236 876 et
1266 832 1446 890 mystica
1475 845 1648 875 conver-

81 910 198 955 sione
229 914 271 955 et
299 912 345 956 in
376 915 616 970 serpentem
646 915 688 956 et
717 912 763 956 in
794 926 839 956 se
867 912 1007 969 ipsam
1036 914 1199 955 mutata
1225 914 1300 955 est.
1342 911 1492 954 Aaron
1507 909 1647 967 ponti-

80 987 206 1034 ficum
242 990 440 1048 princeps
470 991 635 1046 virgam
669 990 836 1046 habuit,
876 1004 983 1047 quae
1012 990 1058 1033 in
1087 989 1374 1033 testimonium
1403 988 1594 1032 mandati
1623 987 1648 1031 a

80 1066 172 1112 Deo
211 1068 434 1112 sacerdotii
473 1069 538 1112 sui
575 1067 718 1112 floruit
756 1072 797 1112 et
833 1069 994 1112 fructus
1033 1067 1176 1112 edidit.
1237 1067 1306 1112 Ex
1345 1067 1495 1124 quibus
1530 1079 1648 1110 sacre

81 1146 314 1203 scripturae
345 1146 662 1190 auctoritatibus
695 1146 895 1191 aecclesia
925 1149 1071 1190 sancta
1101 1146 1253 1203 spiritu
1273 1145 1354 1189 Dei
1373 1145 1499 1202 plena
1518 1144 1647 1188 ratio-

79 1223 278 1268 nabiliter
307 1225 504 1281 instituit,
535 1227 584 1268 ut
603 1225 748 1269 Aaron
774 1228 816 1269 et
836 1224 974 1282 Moysi
994 1237 1268 1279 successores,
1302 1224 1353 1268 de
1375 1223 1524 1280 quibus
1546 1223 1647 1267 scri-

80 1305 202 1360 ptum
233 1305 315 1347 est:
346 1304 515 1362 Moyses
548 1312 585 1347 et
603 1303 755 1347 Aaron
784 1306 831 1347 in
860 1304 1142 1347 sacerdotibus
1165 1305 1250 1346 eius
1261 1298 1289 1356 ²,
1324 1302 1512 1359 episcopi
1532 1301 1648 1345 vide-

79 1379 179 1424 licet
209 1383 251 1424 et
271 1380 443 1426 abbates
466 1376 779 1438 monachorum,
811 1381 999 1425 misticas
1020 1380 1160 1436 virgas
1191 1380 1238 1423 in
1267 1380 1458 1435 regimen
1477 1393 1649 1427 suorum

79 1472 254 1514 gregum
291 1459 529 1517 acciperent
567 1463 608 1504 et
644 1462 879 1516 gestarent,
922 1462 963 1503 et
1003 1459 1028 1503 a
1064 1458 1324 1516 temporibus
1363 1458 1648 1516 apostolorum

79 1525 212 1594 usque
250 1537 304 1581 ad
340 1537 443 1582 haec
482 1540 676 1596 tempora
719 1537 815 1596 plus
856 1551 983 1595 quam
1022 1537 1142 1580 annis
1179 1536 1299 1592 mille
1339 1537 1562 1593 diligenter
1599 1550 1648 1580 ac

79 1618 319 1660 reverenter
350 1616 600 1661 observavit.
639 1615 707 1660 -Si
739 1630 851 1672 ergo,
882 1619 930 1659 ut
958 1619 1007 1659 tu
1036 1615 1199 1671 scribis,
1232 1614 1416 1659 clerici
1445 1615 1565 1673 prin
1575 1615 1647 1659 ci-

80 1686 276 1751 paliter
306 1694 495 1739 debent
524 1694 792 1751 episcopis
815 1694 1048 1749 subesse,
1080 1707 1337 1750 consequens
1359 1695 1436 1749 est,
1467 1696 1515 1736 ut
1535 1692 1648 1737 solus

81 1771 328 1816 clericorum
363 1772 560 1829 princeps
599 1772 710 1816 inter
747 1772 941 1828 clericos,
980 1775 1182 1828 tanquam
1219 1775 1366 1829 pastor
1404 1771 1514 1815 inter
1550 1784 1648 1814 oves

80 1850 297 1907 proprias,
333 1849 498 1905 virgam
537 1850 686 1894 debeat
723 1853 898 1906 gestare.
961 1849 1071 1894 Nam
1108 1863 1206 1894 oves
1242 1849 1404 1893 minare
1433 1852 1649 1907 pastorem

81 1941 166 1972 non
196 1927 368 1984 debent,
405 1931 469 1972 set
498 1931 643 1986 pastor
674 1942 771 1973 oves
802 1928 926 1972 modo
956 1927 1146 1986 precedit
1174 1927 1299 1971 modo
1331 1927 1540 1984 sequitur,
1572 1927 1648 1971 ali-

82 2006 248 2063 quando
277 2006 398 2062 virga
431 2020 557 2063 quam
586 2020 715 2050 manu
744 2007 853 2062 gerit
889 2006 1087 2061 retrahit,
1129 2005 1352 2062 aliquando
1383 2005 1570 2063 repellit,
1601 2008 1649 2049 ut

81 2097 227 2129 vocem
258 2084 346 2128 eius
376 2085 551 2128 audiant
581 2088 623 2128 et
651 2098 736 2128 non
767 2087 995 2141 sequantur
1025 2084 1220 2128 alienum.
1304 2083 1527 2127 Caeterum
1546 2083 1649 2128 haec

82 2165 157 2206 tua
193 2163 381 2220 quaestio
421 2163 509 2206 sive
547 2163 832 2219 quaestiones,
870 2162 915 2205 in
951 2162 1122 2205 modum
1154 2161 1283 2219 ydrae
1313 2162 1358 2205 in
1390 2175 1466 2206 sua
1495 2162 1649 2206 damna

81 2240 241 2284 fertiles
280 2244 322 2284 et
351 2254 434 2284 11110
466 2241 602 2298 capite
634 2243 849 2298 amputato
880 2241 926 2283 in
955 2240 1089 2284 multa
1117 2242 1419 2296 recrescentes,
1459 2240 1484 2284 a
1512 2240 1646 2297 nobis,

82 2322 130 2362 ut
160 2319 319 2362 dictum
349 2321 426 2375 est,
456 2318 535 2362 hoc
564 2322 753 2375 tempore
775 2332 852 2375 per
872 2321 1023 2362 cuncta
1042 2317 1347 2362 occurrentium
1369 2317 1648 2362 obiectionum

82 2395 216 2441 latera
245 2396 458 2454 pervideri
488 2399 531 2440 et
559 2396 811 2454 pertractari
840 2409 926 2440 non
947 2399 1143 2454 possunt3
1177 2399 1241 2440 set
1260 2410 1313 2440 ne
1333 2396 1507 2440 verbum
1527 2400 1647 2440 tuum

84 2475 138 2518 ad
166 2478 209 2519 te
233 2487 410 2518 vacuum
439 2477 732 2530 reverteretur,
763 2473 867 2517 haec
895 2473 975 2518 tibi
1004 2487 1139 2531 pauca
1169 2474 1220 2518 de
1250 2473 1442 2531 pluribus
1471 2474 1647 2518 innuere

83 2553 334 2597 curavimus.
455 2551 546 2596 Hoc
583 2552 711 2596 etiam
747 2551 931 2595 breviter
962 2551 1226 2596 adiciendum
1257 2555 1340 2607 est,
1379 2551 1491 2608 quod
1521 2552 1647 2596 archa

82 2629 186 2687 Noe,
217 2644 323 2687 quae
352 2630 398 2674 in
430 2628 585 2674 diluvio
617 2629 760 2673 divina
790 2629 1048 2685 gubernante
1077 2629 1343 2687 providentia
1369 2632 1462 2673 0010
1483 2630 1645 2674 animas

84 2707 281 2764 salvavit,
320 2708 346 2752 a
374 2711 495 2765 parte
524 2707 715 2751 inferiori
743 2707 850 2763 lata,
889 2707 1081 2765 superius
1111 2707 1157 2750 in
1187 2707 1327 2751 cubito
1358 2711 1647 2751 consummata

85 2788 167 2841 est;
198 2785 277 2830 hoc
306 2784 567 2841 significante
590 2784 751 2841 Spiritu
782 2788 939 2841 sancto,
972 2785 1096 2841 quod,
1129 2785 1200 2840 qui
1229 2784 1360 2828 latam
1379 2785 1506 2841 viam,
1539 2799 1646 2842 quae

84 2863 138 2907 ad
170 2867 349 2908 mortem
379 2863 512 2919 ducit,
552 2862 750 2906 deserunt
781 2865 823 2908 et
851 2876 928 2920 per
959 2865 1181 2918 angustam
1211 2865 1336 2919 atque
1366 2865 1503 2907 artam
1532 2863 1646 2907 viam

178 2951 210 2988 1.
235 2951 352 2988 Exod.
368 2951 402 2997 4,
421 2951 454 2988 2.
552 2951 585 2987 2.
611 2951 671 2987 Ps.
689 2951 746 2997 98,
764 2951 797 2987 6.
