1924 3288
556 196 757 228 wmALm
783 193 1005 227 Ems'rom
1035 191 1106 224 16⁷.
1526 177 1582 222 27
1587 176 1612 221 7

48 309 150 341 nam
167 293 330 354 yronia,
363 296 405 338 et
427 292 625 350 quicquid
644 292 798 335 intorte
819 290 886 335 vel
917 289 1084 346 oblique
1115 287 1282 343 dicitur,
1312 285 1499 331 laudatio
1529 298 1615 328 non
1643 287 1735 323 1149

10 375 19 379 ’
49 377 135 419 est,
186 372 402 428 Originem
443 384 563 414 suam
602 370 628 414 a
662 370 778 413 fonte
817 368 972 412 amoris
1007 366 1193 411 laudatio
1223 365 1369 420 habet3
1407 364 1507 408 inde
1538 366 1615 419 est,

49 451 160 510 quod
197 450 326 495 etiam
363 449 483 493 viciis
524 448 756 492 amicorum
791 446 1038 504 plerumque
1077 444 1345 488 delectamur.
1406 441 1617 499 Discipuli

46 528 346 585 magistrorum
376 527 610 571 sentencias
639 528 832 580 tuentur,
867 538 953 568 non
984 524 1083 581 quia
1113 536 1238 567 verae
1269 524 1379 577 sunt,
1411 523 1476 564 set
1506 519 1617 576 quod

46 609 236 652 auctores
284 607 447 659 amant3
494 603 609 648 scola
655 603 854 646 adversus
898 602 1056 646 scolam
1094 600 1368 655 debachatur,
1415 598 1510 642 odio
1548 596 1617 641 vel

47 698 189 730 amore
226 683 547 740 magistrorum3
595 684 637 724 et
674 680 856 724 clamore
895 679 1142 735 defendunt,
1185 678 1296 735 quod
1334 677 1495 720 ratione
1532 689 1617 719 non

46 765 237 821 possunt.
287 760 453 805 *Beatus
483 760 746 816 Augustinus
785 757 907 801 dicit:
951 757 1039 811 Qui
1071 773 1148 800 nos
1179 757 1383 814 diliqunt,
1425 746 1615 812 querunt,

49 856 157 900 quae
186 841 296 884 bona
317 841 368 883 de
387 839 508 882 nobis
531 839 724 889 laudent3
757 839 834 895 qui
853 851 931 879 nos
951 851 1037 878 non
1059 836 1253 892 diliqunt,
1289 842 1478 891 querunt,
1514 847 1620 890 quae

48 919 164 963 mala
193 920 245 962 de
272 918 393 961 nobis
425 918 664 975 loquantur.
706 914 772 958 Ita
790 927 938 958 verum
969 916 1046 968 est,
1079 912 1190 969 quod
1216 911 1409 969 probatio
1431 910 1619 954 dilectio-

48 997 115 1041 nis
145 995 348 1040 exhibitio
379 998 444 1038 est
466 994 626 1051 operis3
659 996 724 1038 est
744 993 858 1036 enim
876 991 1063 1035 laudatio
1085 990 1294 1047 quoddam
1316 1002 1434 1046 opus.
1525 987 1620 1031 Non

3 1100 5 1102 ·
48 1075 200 1131 igitur,
231 1073 331 1131 quia
361 1086 386 1116 a
416 1075 459 1116 te
490 1086 583 1115 sum
613 1071 830 1126 laudatus,
861 1069 1087 1126 presertim
1117 1069 1163 1111 in
1192 1082 1239 1111 re
1267 1067 1388 1122 falsa,
1421 1066 1620 1123 quoniam

47 1152 184 1197 laudis
214 1154 313 1195 tuae
342 1150 488 1194 titulos
518 1150 564 1193 in
594 1163 662 1193 me
692 1162 769 1193 nec
801 1148 935 1192 sentio
966 1160 1043 1190 nec
1073 1158 1348 1202 recognosco,
1388 1144 1619 1188 rescribere

48 1230 180 1275 indoli
202 1233 300 1274 tuae
319 1228 546 1286 temptavi3
580 1231 657 1284 set,
689 1231 737 1271 ut
768 1226 1045 1271 dilectionem
1066 1225 1216 1268 fortius
1247 1222 1553 1267 inflammarem
1578 1225 1621 1265 et

50 1308 191 1353 studia
219 1308 266 1352 in
295 1311 338 1351 te
368 1306 652 1362 accenderem,
683 1306 847 1349 furatus
879 1318 971 1348 sum
994 1303 1174 1361 publicis
1197 1301 1430 1346 actionibus
1451 1303 1619 1344 noctur-

49 1401 127 1432 nas
156 1386 295 1442 horas,
324 1385 371 1429 in
401 1384 551 1442 quibus
581 1384 661 1428 tibi
690 1382 1001 1441 responderem.
1105 1380 1262 1424 Contra
1290 1393 1450 1423 morem
1478 1392 1620 1422 meum

48 1465 182 1521 facio,
219 1467 268 1508 ut
305 1462 509 1519 singulari
545 1476 720 1505 numero
757 1461 927 1518 loquar,
966 1459 1039 1516 qui
1075 1472 1171 1503 cum
1209 1457 1426 1501 monachis
1464 1457 1620 1500 nostris

49 1541 269 1601 pluraliter
304 1541 443 1585 dicere
473 1540 765 1584 consuevimus
778 1536 810 1594 ¹;
850 1541 915 1582 set
945 1538 1080 1582 scribo
1112 1536 1332 1581 scolastico
1364 1538 1406 1579 et
1435 1535 1620 1593 philoso-

49 1620 174 1679 phiae
194 1620 285 1664 vias
305 1619 572 1675 ingredienti,
594 1618 666 1675 qui
687 1618 738 1662 de
758 1617 863 1675 ipsis
886 1616 1121 1673 studiorum
1142 1628 1314 1659 suorum
1333 1613 1620 1672 penetralibus

49 1698 302 1743 laudationis
332 1711 451 1741 meac
482 1699 728 1740 ornamenta
759 1695 1004 1752 depromsit.

171 1775 245 1820 Set
274 1775 376 1832 quid
404 1775 554 1831 loquar
573 1774 640 1818 vel
671 1774 772 1831 quid
803 1772 1064 1828 ammonebo,
1097 1785 1194 1816 cum
1217 1771 1300 1814 dici
1320 1769 1450 1813 nichil
1469 1769 1620 1827 possit,

52 1853 155 1912 quin
183 1854 271 1897 iam
301 1853 460 1896 dictum
491 1853 597 1896 siet?
708 1851 847 1907 Negat
877 1850 1036 1906 Cicero,
1069 1850 1106 1893 si
1137 1849 1374 1906 duplicetur
1405 1847 1486 1892 sibi
1517 1850 1620 1903 etas,

50 1931 293 1976 habiturum
324 1945 369 1974 se
398 1934 587 1987 tempus,
626 1943 708 1986 quo
737 1929 851 1985 legat
878 1928 1035 1983 liricos,
1067 1927 1214 1971 eodem
1243 1927 1334 1970 loco
1366 1925 1618 1969 dialecticos.

51 2010 180 2054 Putas
209 2009 401 2053 fortassis
433 2008 604 2063 dictum,
636 2008 736 2064 quia
753 2007 820 2051 vir
850 2006 990 2062 gravis
1022 2009 1064 2049 et
1094 2006 1228 2049 serius
1260 2007 1302 2048 et
1330 2003 1621 2062 philosophiae

53 2081 286 2145 disciplinis
333 2086 609 2144 explanandis
647 2085 814 2129 deditus
852 2084 956 2128 haec
995 2087 1212 2140 tamquam
1248 2082 1359 2126 levia
1397 2086 1439 2126 et
1476 2083 1622 2140 inepta

53 2165 287 2224 proiecerit.
359 2165 433 2209 Set
476 2164 575 2207 libri
615 2163 703 2207 eius
740 2176 823 2206 non
863 2161 998 2206 solum
1036 2161 1254 2205 sententiis
1300 2163 1364 2204 set
1404 2164 1446 2204 et
1479 2161 1619 2205 verbis

53 2244 242 2302 ipsorum
276 2243 421 2287 referti
453 2245 563 2286 sunt.
627 2241 763 2284 Tanta
793 2243 890 2284 ante
918 2240 1061 2297 ipsum
1091 2239 1427 2296 conscripserant
1455 2242 1618 2296 poetae,

54 2321 215 2378 tragici,
247 2321 409 2376 comici,
440 2320 564 2375 lirici,
596 2318 805 2362 dialectici
837 2331 885 2361 ac
916 2318 1142 2375 sophistae,
1173 2320 1221 2360 ut
1250 2320 1412 2360 taceam
1444 2317 1495 2360 de
1524 2317 1619 2374 phi-

53 2399 244 2458 losophia
274 2402 315 2443 et
343 2398 582 2443 liberalium
609 2397 765 2440 artium
784 2395 1120 2454 preceptoribus3
1152 2395 1331 2438 rusticas
1353 2407 1518 2450 quoque
1536 2408 1618 2450 res,

56 2477 354 2535 agriculturam
382 2476 578 2520 videlicet
609 2478 651 2518 et
681 2473 1059 2528 architectonicam,
1092 2487 1167 2516 suo
1198 2474 1284 2516 iam
1313 2475 1503 2529 tempore
1534 2485 1620 2515 non

55 2556 179 2614 pauci
207 2555 253 2599 in
281 2555 401 2599 libris
433 2555 660 2598 ediderant.
707 2551 861 2604 Quanti
892 2565 969 2594 sua
999 2553 1135 2594 aetate
1165 2554 1207 2594 et
1236 2553 1333 2608 post
1362 2549 1483 2593 illum
1502 2549 1620 2593 fuere

54 2632 294 2692 philosophi
325 2636 367 2677 et
394 2633 563 2690 poetae!
612 2630 725 2686 Lege
756 2628 1059 2686 Tranquillum,
1089 2628 1180 2684 lege
1211 2627 1450 2672 Cornelium
1479 2627 1619 2684 Nepo-

56 2715 143 2756 tem
180 2714 222 2755 et
261 2710 364 2754 alios
402 2710 606 2768 quosdam
642 2707 818 2764 gentiles
857 2707 908 2750 de
937 2706 1041 2750 viris
1078 2706 1333 2760 illustribus3
1372 2708 1492 2749 tanta
1527 2718 1618 2749 esse

57 2790 216 2847 scripta
251 2788 480 2844 intelliges,
521 2801 627 2844 quae
657 2786 728 2829 vix
769 2786 794 2829 a
829 2797 1039 2842 quoquam
1070 2783 1376 2828 studiosissimo
1408 2783 1492 2839 legi
1520 2796 1617 2840 pos-

56 2868 152 2911 sint.
278 2866 347 2910 Ad
383 2869 548 2910 nostros
584 2865 751 2908 veniam
790 2862 1042 2906 christianae
1078 2861 1293 2919 religionis
1332 2860 1614 2921 philosophos,

151 2979 185 3015 1.
210 2976 265 3016 Of.
291 2987 349 3024 ep.
368 2977 436 3014 150
459 2987 570 3024 supra
593 2987 628 3023 p.
647 2975 727 3013 250.
746 2974 828 3011 251.
