1924 3288
290 189 376 232 216
794 200 992 231 wmALm
1020 199 1241 232 nprs'rom
1270 200 1340 231 138.

170 298 264 335 1148
288 295 499 339 mandatis
531 299 573 340 et
603 294 792 352 epistolis
821 295 996 350 vestris,
1033 297 1222 339 nostram
1261 295 1517 353 parvitatem
1537 292 1748 340 ‘adierunt
1778 290 1850 341 ro·

189 347 255 379 Oct.
288 377 449 430 gantes,
469 377 518 417 ut
538 372 729 417 electioni
751 386 909 428 eorum,
938 385 1066 429 quam
1093 373 1146 416 12
1166 372 1259 416 Kal.
1281 372 1530 417 Novembris
1549 373 1688 418 facere
1704 367 1848 432 >dispu-

287 452 457 507 nebant,
487 452 786 496 interessemus
798 448 821 493 ¹.
868 450 955 494 Nos
975 463 1075 494 vero
1098 451 1422 507 considerantes,
1447 451 1702 496 inmutatum
1719 451 1854 497 fuisse

289 533 446 573 statum
476 541 626 572 causae
665 531 706 572 et
743 527 907 571 nullum
943 528 995 572 de
1024 541 1132 572 novo
1165 541 1191 571 a
1219 531 1386 572 vestrae
1416 529 1652 573 sanctitatis
1681 520 1851 575 celdw-

289 608 385 651 dine
415 606 536 650 nobis
566 619 760 650 manasse
789 606 1029 663 imperium,
1060 605 1204 650 venire
1229 606 1398 662 quidem
1419 606 1715 664 dubitavimus,
1746 620 1851 665 quo—

287 686 404 729 niam
423 685 618 741 frequens
638 697 782 727 rumor
801 683 1058 739 insonuerat,
1089 667 1313 727 venturum
1332 684 1422 728 fore
1441 684 1628 740 legatum
1646 687 1848 742 vestrum,

289 764 361 820 qui
381 762 589 806 Fuldense
614 762 918 805 monasterium
942 775 1020 819 per
1040 764 1173 805 semet
1191 762 1333 818 ipsum
1353 762 1588 818 ordinaret3
1619 761 1850 808 direximus

286 845 429 884 tamen
461 840 521 884 eis
551 853 629 897 per
659 839 763 883 duos
793 839 944 883 fratres
974 839 1137 882 litteras
1174 842 1362 895 nostras,
1402 853 1582 896 quarum
1610 840 1851 899 exemplum

286 922 452 962 vestrae
483 930 683 961 censurae
715 930 810 960 cum
839 917 1105 974 presentibus
1136 917 1304 961 mittere
1335 918 1586 962 curavimus.
1691 908 1851 963 Verum

286 1009 418 1053 parvo
448 999 639 1052 tempore
666 995 898 1051 interiecto,
929 995 1045 1038 venit
1065 995 1119 1038 ad
1138 1008 1214 1038 nos
1237 995 1492 1038 camerarius
1511 994 1733 1040 Fuldensis
1753 1009 1850 1058 cum

288 1074 420 1118 altero
452 1073 634 1131 quodam
662 1073 794 1116 fratre
826 1076 868 1116 et
897 1085 993 1116 cum
1021 1072 1175 1116 litteris
1214 1075 1442 1116 conventus
1473 1073 1539 1116 sui
1568 1076 1659 1117 tam
1689 1073 1744 1118 ad
1770 1057 1849 1119 nos

288 1165 416 1209 quam
446 1151 500 1194 ad
529 1153 722 1194 nostrum
751 1153 1003 1194 conventum
1011 1146 1040 1205 ²,
1074 1150 1271 1207 quatinus
1294 1149 1347 1193 ob
1366 1150 1648 1195 reverentiam
1666 1151 1850 1196 nominis

286 1229 417 1273 vestri
441 1227 622 1272 Fuldam
652 1227 808 1284 absque
839 1227 1051 1271 dilationis
1082 1227 1384 1285 impedimento
1413 1228 1666 1285 veniremus,
1695 1228 1848 1274 futuris

286 1307 347 1351 ibi
390 1306 526 1351 tribus
566 1305 870 1363 prenominatis
918 1305 1137 1349 abbatibus
1185 1308 1227 1349 et
1272 1304 1474 1350 electione
1513 1305 1567 1350 ad
1603 1306 1855 1351 mandatum

285 1388 474 1428 vestrum
503 1383 766 1439 celebranda,
798 1383 835 1426 si
865 1396 941 1440 per
972 1383 1205 1427 absentiam
1234 1386 1423 1426 nostram
1452 1397 1538 1427 non
1560 1383 1847 1442 impediretur.

286 1461 540 1517 Allegabant
573 1463 769 1518 preterea
799 1460 1007 1504 defectum
1037 1461 1282 1505 monasterii
1311 1461 1378 1505 sui
1407 1461 1453 1505 in
1481 1462 1606 1506 rebus
1635 1461 1748 1506 vitae
1774 1475 1852 1508 ne·-

287 1540 494 1595 cessariis,
527 1539 724 1596 quoniam
757 1538 926 1595 quidem
957 1539 1098 1582 omnia
1122 1539 1389 1596 diripiebant,
1421 1539 1494 1596 qui
1512 1539 1851 1597 pretergrediun‘-

287 1622 357 1662 tur
386 1617 512 1661 viam.
561 1616 647 1660 Diu
676 1616 940 1672 multumque
971 1616 1208 1660 dubitantes
1238 1617 1478 1672 timuimus,
1507 1631 1563 1661 ne
1592 1617 1660 1661 vel
1690 1617 1850 1673 agendo

288 1695 355 1740 vel
392 1694 593 1739 cessando
630 1697 816 1738 vestram
852 1694 1153 1751 paternitatem
1191 1693 1506 1739 offenderemus.
1555 1693 1629 1739 Set
1663 1694 1849 1752 tandem,

290 1773 341 1817 de
385 1772 558 1816 consilio
602 1771 895 1827 religiosorum
938 1785 1040 1828 quos
1076 1776 1276 1816 venturos
1314 1772 1579 1817 audieramus
1617 1775 1850 1830 sperantem

157 1861 233 1892 Nov.
249 1861 267 1891 5
289 1850 469 1895 Fuldam
498 1863 594 1894 cum
614 1849 945 1894 Heresveldense
975 1849 1124 1894 abbate
1143 1850 1276 1894 Nonis
1295 1850 1544 1895 Novembris
1567 1850 1848 1908 pervenimus.

292 1928 366 1972 Set
396 1941 491 1972 cum
520 1927 797 1971 Eberacensis
829 1930 872 1971 et
900 1926 1202 1972 Everbacensis
1234 1927 1404 1972 abbates
1442 1942 1526 1972 non
1555 1928 1770 1973 venissent
1792 1951 1849 1959 --

292 2006 411 2061 alter,
448 2005 547 2062 quia
575 2005 821 2049 mandatum
850 2009 1039 2050 vestrum
1069 2019 1195 2062 super
1225 2005 1316 2061 hoc,
1347 2008 1396 2049 ut
1423 2005 1516 2063 ipse
1545 2019 1622 2063 per
1650 2005 1851 2051 nuncium

290 2083 521 2139 fatebatur,
551 2097 638 2126 non
669 2086 906 2141 acceperat,
937 2082 1212 2127 Eberacensis
1242 2096 1355 2139 vero,
1388 2083 1487 2140 quia
1516 2097 1607 2127 sese
1638 2083 1751 2141 apud
1778 2096 1850 2128 ve-

292 2165 423 2205 stram
461 2161 748 2216 clementiam,
787 2164 835 2205 ut
870 2160 1137 2218 postmodum
1173 2174 1250 2218 per
1285 2160 1506 2218 epistolam
1536 2161 1624 2205 eius
1655 2160 1850 2217 cognovi-

291 2253 404 2295 mus,
444 2239 495 2283 de
532 2252 618 2282 non
655 2238 859 2283 veniendo
899 2241 1171 2282 excusaverat
1198 2262 1253 2268 ——
1281 2237 1440 2282 turbati
1478 2238 1602 2282 corde
1632 2241 1675 2283 et
1702 2239 1850 2297 inopes

292 2316 457 2360 consilii
484 2316 660 2372 fuimus,
699 2316 927 2374 plurimum
958 2319 1170 2372 verentes,
1209 2330 1263 2360 ne
1292 2315 1577 2374 imprudentia
1604 2318 1751 2360 nostra
1777 2329 1850 2361 ve-

292 2398 424 2438 stram
463 2393 663 2438 offensam
700 2407 968 2438 mereremur.
1022 2393 1071 2437 In
1106 2393 1186 2437 hoc
1220 2394 1362 2450 itaque
1400 2393 1535 2437 nostri
1571 2406 1667 2437 cum
1696 2393 1850 2439 Heres-

291 2472 477 2516 feldense
507 2471 671 2515 consilii
701 2485 867 2515 summa
904 2471 1122 2529 proposita
1157 2474 1199 2516 et
1226 2470 1394 2516 firmata
1421 2471 1519 2514 fuit:
1551 2474 1618 2527 ut,
1651 2471 1849 2528 quoniam

292 2550 337 2593 hi
368 2550 448 2593 duo
480 2549 666 2605 aberant,
699 2548 770 2605 qui
798 2549 918 2593 nobis
951 2548 1156 2593 doctiores
1187 2553 1229 2594 et
1257 2548 1450 2593 meliores
1469 2547 1591 2604 longe
1614 2549 1848 2606 exstabant,

293 2627 454 2671 nullum
484 2627 530 2671 in
559 2626 772 2671 electionis
806 2627 968 2671 actione
998 2640 1245 2671 consensum
1274 2626 1556 2684 preberemus,
1587 2629 1652 2671 set
1674 2639 1848 2685 suspen-

294 2705 352 2749 sis
383 2709 507 2762 atque
537 2705 707 2749 incertis
739 2705 944 2761 omnibus,
975 2708 1117 2749 vestra
1145 2705 1298 2748 iterum
1326 2704 1455 2748 iussio
1485 2703 1553 2747 vel
1571 2703 1700 2760 legati
1718 2704 1849 2749 vestri

295 2783 521 2827 auctoritas
562 2786 864 2840 expectaretur.
921 2781 1083 2827 Deinde
1113 2782 1249 2826 vocati
1286 2795 1312 2825 a
1345 2780 1566 2837 fratribus,
1604 2781 1847 2840 capitolium

295 2861 482 2917 ipsorum
519 2863 694 2917 uterque
730 2860 1000 2916 intravimus,
1036 2859 1223 2917 iussique
1257 2858 1430 2903 verbum
1461 2859 1762 2904 exhortationis
1793 2858 1847 2904 ad

390 2948 420 2984 1.
447 2948 493 2983 V.
517 2958 575 2994 ep.
595 2948 663 2984 123
687 2957 797 2994 supra
819 2958 856 2993 p.
875 2948 955 2984 196.
1050 2948 1085 2984 2.
1109 2946 1154 2984 V.
1180 2957 1262 2993 epp.
1281 2946 1350 2983 128
1373 2949 1412 2983 et
1437 2947 1505 2983 129
1528 2956 1640 2994 supra
1662 2957 1699 2994 p.
1715 2947 1797 2984 206.
