1924 3288
517 219 731 268 wrssALm'
747 236 998 269 EPISTOLAE
1027 236 1098 268 147.
1123 236 1193 268 148.
1555 228 1640 271 229

67 327 180 377 rioo¹
209 330 306 376 duci
342 330 543 389 Suaviae,
581 332 737 376 Enrico
776 332 872 376 duci
905 332 1133 389 Saxoniae,
1171 332 1358 377 Bretolfo
1395 331 1482 377 filio
1523 334 1640 379 ducis

68 408 271 466 (lotradi,
320 409 512 456 Conrado
559 411 655 455 duci
701 411 752 455 de
791 408 1020 467 Cebering²
1058 425 1136 469 pro
1183 411 1365 469 dampno
1411 415 1453 456 et
1489 427 1642 469 guerra

67 486 212 532 domni
240 489 352 545 regis
385 488 569 533 Conradi
599 471 876 546 deffirebant,
915 490 1065 546 quibus
1098 490 1469 535 commonebantur
1501 495 1543 535 et
1572 506 1640 536 ro-

65 565 274 622 gabantur
305 567 331 612 a
361 566 516 624 Siculo⁷
547 571 608 624 ut,
641 582 748 624 quae
778 568 863 612 illis
886 568 1060 613 Guelfus
1090 569 1141 613 de
1164 582 1239 612 suo
1259 567 1445 626 proficuo
1467 570 1638 628 diceret,

64 644 263 690 facerent.
314 645 526 690 Studeatis
567 660 665 701 ergo
703 645 790 690 filio
827 647 940 703 regis
980 650 1022 691 et
1060 647 1190 691 etiam
1225 647 1378 691 domno
1409 649 1500 705 regi
1530 649 1639 694 Con-

64 722 169 767 rado
200 726 242 768 et
271 722 463 768 fidelibus
497 725 583 768 suis
614 724 698 769 ista
719 724 949 781 notificare,
982 728 1030 769 ut
1060 725 1145 769 sint
1174 725 1273 770 inde
1303 727 1471 783 muniti,
1505 730 1547 772 et
1575 728 1639 772 illi

65 802 307 859 capiantur,
354 802 391 846 si
426 801 519 846 fieri
556 805 708 860 potest.
823 803 1047 847 Caeterum
1085 804 1250 860 sciatiS‚
1291 805 1391 861 quia
1425 804 1637 862 C(encius)

63 878 320 938 Fraiapane,
361 884 564 938 quantum
594 884 755 938 potest,
797 882 915 926 vobis
947 895 1098 926 nocere
1131 882 1293 938 studet⁷
1334 886 1376 926 et
1404 897 1518 941 papa
1549 885 1638 929 eius

63 957 258 1013 consili03
299 961 343 1003 et
371 958 451 1003 hoc
480 959 542 1003 ita
571 973 719 1004 verum
751 963 835 1016 est,
874 960 985 1017 quod
1017 960 1252 1004 cardinales
1283 960 1563 1007 laudaverunt
1594 977 1639 1008 se

63 1049 204 1080 coram
226 1035 412 1091 G(encio)
434 1037 671 1096 Fraiapane
703 1042 745 1083 et
776 1039 987 1095 dixerunt,
1021 1053 1065 1083 se
1097 1039 1352 1084 conclusisse
1373 1054 1447 1084 vos
1473 1044 1514 1085 et
1535 1040 1638 1086 Gre-

63 1128 134 1159 cos
157 1114 360 1160 Venetiae
389 1118 607 1173 tamquam
638 1130 762 1161 canes
795 1120 837 1161 et
865 1114 1108 1174 mastinos³‚
1142 1117 1245 1161 adeo
1278 1121 1326 1162 ut
1345 1119 1476 1163 nichil
1497 1119 1637 1165 Siculo

62 1206 213 1238 nocere
242 1194 415 1252 possitis
447 1208 499 1238 ex
529 1195 608 1239 hac
637 1199 771 1253 parte.
819 1195 916 1252 Ipse
945 1210 1059 1254 papa
1088 1196 1263 1240 nuncios
1294 1197 1413 1241 misit
1444 1198 1495 1241 ad
1520 1198 1637 1242 Sicu-

62 1272 152 1316 lum
187 1286 265 1330 pro
295 1276 436 1316 vestro
468 1273 671 1331 dampno,
705 1274 742 1317 si
772 1287 868 1318 cum
900 1288 947 1318 eo
979 1277 1120 1332 potest
1151 1275 1263 1331 quod
1293 1275 1385 1319 vult
1414 1275 1635 1333 perficere3

63 1353 105 1395 et
133 1353 302 1407 treugas
334 1364 431 1395 cum
469 1366 516 1396 eo
556 1352 684 1396 habet
722 1366 855 1409 usque
894 1353 947 1396 ad
979 1353 1302 1410 quadriennium
1334 1354 1481 1398 adhuc.
1534 1355 1637 1399 Pro-

62 1432 208 1487 pterea
237 1429 283 1474 in
315 1443 366 1474 eo·
393 1444 478 1474 non
510 1429 742 1487 confidatis,
774 1445 853 1475 nec
883 1431 935 1475 de
965 1432 1118 1475 vestris
1149 1446 1223 1476 vos
1257 1435 1329 1476 aut
1349 1431 1475 1476 Greci
1501 1433 1540 1477 ei
1560 1434 1636 1477 tri—

61 1509 214 1566 buatis,
247 1508 445 1565 quoniam
475 1512 613 1553 totum
642 1509 748 1553 illud
779 1510 1032 1566 ammittitis,
1067 1514 1109 1554 et
1138 1510 1290 1554 melius
1321 1511 1444 1567 foret,
1478 1512 1515 1555 si
1539 1526 1635 1556 san-

62 1586 175 1631 dalia
212 1587 469 1645 pauperibus
506 1590 579 1631 aut
609 1587 850 1632 hominibus
880 1588 1034 1632 vestris
1065 1589 1300 1633 dedissetis
1350 1589 1456 1634 Cum
1487 1594 1636 1634 senatu

60 1665 192 1721 igitur
222 1668 264 1710 et
292 1665 449 1723 populo
469 1665 658 1710 Romano
690 1666 963 1722 conveniatis,
1001 1667 1201 1723 quoniam
1230 1681 1308 1725 per
1336 1668 1432 1712 illos
1463 1669 1635 1713 iuvante

61 1744 151 1788 Deo
182 1744 349 1788 vincere
379 1744 586 1801 poteritis.
635 1743 759 1788 Greci
784 1748 932 1796 vautem
962 1745 1079 1801 large
1111 1746 1368 1791 distribuant
1398 1762 1494 1804 sua,
1534 1762 1634 1804 quo-

60 1822 178 1866 niam
209 1822 372 1866 dicente
405 1821 648 1866 Salomone:
682 1826 891 1881 pecuniae
931 1825 1127 1868 obediunt
1159 1822 1335 1869 omm'a4.
1382 1825 1440 1869 Et
1468 1826 1633 1870 Siculus

61 1901 106 1944 in
128 1900 312 1944 avaricia
332 1899 563 1944 Grecorum
591 1900 775 1957 confidit,
806 1901 962 1945 idcirco
984 1905 1174 1959 tempore
1206 1906 1412 1960 oportuno
1445 1918 1521 1947 sua
1549 1904 1634 1949 dis-

60 1979 203 2037 pertit.
253 1979 318 2023 Ita
349 1981 391 2023 et
420 1979 504 2036 ipsi
534 1978 704 2035 faciant,
738 1979 773 2022 si
804 1980 971 2023 vincere
1002 1980 1160 2024 volunt.

68 2135 182 2182 148.
210 2134 426 2194 Euqenius
446 2135 522 2179 III
532 2151 654 2194 papa
678 2136 867 2179 Wibaldo
891 2143 929 2177 et
948 2138 1127 2194 capitulo
1152 2138 1384 2181 Corbeiensi
1403 2139 1629 2199 siymflcat,

211 2231 253 2258 se
285 2214 545 2258 ecclesianam
572 2215 775 2272 praelatis
804 2216 1043 2270 mandasse,
1084 2232 1135 2259 ne
1166 2215 1409 2259 Heinricum
1439 2216 1471 2259 I
1500 2233 1629 2275 quou-

212 2293 309 2335 dam
340 2293 527 2335 abbatem
560 2293 736 2335 eeclesiis
765 2294 849 2335 suis
879 2295 1118 2358 reciperent.
1415 2292 1488 2347 (Μ.
1515 2295 1630 2348 120.)

181 2382 395 2438 Eugenius
436 2383 657 2440 episcopus
694 2396 839 2426 servus
872 2396 1087 2426 servorum
1118 2382 1199 2427 Dei
1231 2383 1381 2427 dilecto
1412 2382 1497 2426 filio
1526 2383 1631 2438 W(i-

63 2460 203 2515 boldo)
251 2460 391 2504 abbati
441 2464 482 2505 et
528 2460 711 2518 capitulo
758 2459 1000 2505 Corbeiensi
1046 2461 1223 2505 salutem
1270 2464 1311 2505 et
1357 2461 1630 2518 apostolicam

62 2538 407 2584 benedictionem.

183 2616 394 2669 Quantum
425 2617 481 2661 sit
509 2617 792 2661 necessarium
831 2616 1123 2672 religiosorum
1160 2617 1460 2661 monachorum
1499 2619 1629 2674 quieti

64 2696 304 2753 prospicere
336 2698 377 2739 et
407 2696 458 2739 de
489 2695 678 2753 ipsorum
709 2695 891 2739 utilitate
922 2694 1099 2739 sollicite
1131 2695 1327 2750 cogitare,
1362 2698 1459 2739 ante
1489 2700 1627 2740 actum

66 2773 269 2830 officium,
311 2774 421 2830 quod
449 2774 495 2817 in
527 2774 719 2818 abbatiae
749 2773 954 2830 regimine
985 2773 1211 2829 gessimus,
1250 2786 1327 2816 nos
1358 2774 1558 2818 informat
1587 2779 1629 2819 et

65 2855 226 2896 creator
258 2852 443 2896 omnium
465 2851 579 2896 Deus
610 2867 686 2910 per
716 2852 807 2908 hoc,
841 2851 951 2908 quod
971 2850 1131 2895 Mariae
1160 2864 1331 2895 causam
1351 2855 1497 2896 contra
1515 2853 1627 2897 Mar-

161 2946 192 2981 1.
226 2945 297 2992 111,
330 2949 415 2992 post
446 2946 535 2993 regi.
646 2947 680 2983 2.
713 2946 760 2983 de
791 2945 983 2993 Zeringen.
1091 2946 1126 2982 3.
1159 2956 1268 2982 canes
1300 2947 1512 2998 pecuarios,
1543 2947 1624 2988 Ital.

65 3004 275 3052 „mastini“.
371 3005 406 3042 4.
438 3005 561 3043 Eccle.
588 3006 643 3052 10,
669 3006 727 3045 19.

1667 338 1760 376 1148
1841 320 1843 322 ’

1658 2398 1675 2432 1
1682 2397 1749 2432 149

1655 2446 1716 2476 lan.
1735 2447 1749 2478 1
