1924 3288
282 183 369 228 508
726 197 924 229 wreALm
951 197 1199 230 nprs‘rom
1225 197 1296 230 378.
1318 197 1390 230 ³79.

165 294 258 330 1152
281 290 412 334 frater
430 288 682 346 W(ibaldus)
700 291 793 355 ‚Dei
822 292 960 347 gratia
988 292 1046 349 id,
1078 293 1190 350 quod
1219 297 1283 338 est
1310 293 1356 338 in
1386 293 1589 339 aecclesia
1616 293 1833 353 catholica,

282 368 453 424 exiguas
485 369 694 413 orationes
726 372 768 413 et
797 369 995 414 devotum
1024 370 1254 415 servitium.
1757 410 1761 413 ,

397 445 642 502 Dignationi
671 450 837 491 vestrae
865 446 1118 505 multiplices
1146 448 1378 504 gratiarum
1398 448 1581 494 actiones
1599 441 1833 507 referimus,

280 523 404 581 quod,
435 523 636 580 quamdiu
664 525 710 568 in
739 523 1012 580 Lotharingia
1039 525 1191 582 fuistis,
1222 526 1471 570 memoriam
1495 529 1664 571 nostrae
1691 527 1834 585 parvi-

278 601 378 645 tatis
409 601 454 644 in
483 615 638 657 magna
667 602 950 646 benivolentia
979 605 1022 646 et
1049 603 1338 648 benedictione
1362 603 1568 648 habuistis
1586 607 1835 662 nostrosque

280 692 329 723 ac
356 681 502 722 nostra
530 678 650 723 iuxta
679 680 880 737 temporis
909 680 1236 738 oportunitatem
1264 683 1462 738 prompta
1491 681 1731 726 defensione
1757 681 1834 727 ad-

278 756 458 812 iuvistis,
490 756 599 800 sicut
629 770 705 814 per
733 757 896 802 litteras
926 756 1113 802 fidelium
1139 762 1392 814 nostrorum,
1421 757 1545 814 longe
1573 759 1740 816 remoti,
1769 759 1833 804 di-

278 834 467 877 dicimus.
514 833 596 878 Pro
634 834 700 878 his
736 835 865 891 igitur
900 838 989 879 tam
1025 839 1226 893 paternae
1262 835 1573 881 misericordiae
1607 835 1754 881 officiis
1790 840 1836 882 et

276 925 501 970 personam
536 915 721 956 vestram
758 913 1007 970 propensius
1045 913 1096 957 de
1135 917 1273 966 cetero
1310 913 1484 969 diligere
1524 917 1567 959 et
1602 913 1835 959 Romanam

278 990 439 1034 curiam
469 990 669 1034 attentius
699 991 890 1034 venerari
920 991 1216 1048 disposuimus,
1246 992 1308 1034 ita
1336 994 1384 1035 ut
1411 1004 1548 1048 neque
1565 1005 1680 1036 mors
1693 1005 1835 1050 >neque

277 1068 366 1112 vita
394 1081 471 1112 nos
503 1068 555 1112 ab
584 1068 719 1125 ipsius
749 1068 924 1112 caritate
952 1068 1088 1126 possit
1116 1067 1325 1112 divellere.
1442 1067 1548 1113 Cum
1578 1073 1834 1115 revertentes

278 1145 330 1190 ab
360 1145 474 1190 Urbe
504 1144 720 1189 Coloniam
750 1159 846 1190 cum
875 1146 1027 1189 domno
1059 1145 1369 1203 archiepiscopo
1389 1147 1738 1204 pervenissemus,
1766 1147 1833 1192 in-

277 1223 467 1267 venimus
505 1223 705 1267 domnum
736 1223 1015 1278 T(iebaldum)
1045 1223 1304 1268 Xantensem
1340 1224 1602 1281 prepositum
1637 1225 1757 1281 gravi
1790 1228 1834 1270 et

276 1301 403 1357 longa
430 1300 676 1346 infirmitate
706 1301 808 1345 adeo
839 1301 1125 1357 debilitatum,
1164 1305 1230 1357 ut,
1268 1304 1362 1345 cute
1399 1301 1562 1346 ossibus
1593 1301 1832 1360 adherente,

276 1378 490 1422 infirmum
519 1379 592 1423 vix
622 1379 808 1423 traheret
837 1379 1044 1436 spiritum.
1091 1379 1341 1422 Audivimus
1368 1382 1508 1423 autem
1528 1379 1691 1437 priores
1711 1379 1832 1425 Colo·

275 1456 434 1500 niensis
455 1455 679 1501 aecclesiae
698 1457 743 1500 in
763 1470 914 1512 magno
936 1456 1181 1500 clericorum
1207 1459 1414 1500 conventu
1433 1455 1691 1514 confitentes,
1722 1457 1833 1514 quod

275 1534 488 1592 predictus
518 1535 758 1592 prepositus
789 1548 834 1578 se
864 1534 918 1578 ad
948 1547 1114 1578 omnem
1143 1534 1355 1578 iusticiam
1383 1534 1623 1591 frequenter
1643 1535 1692 1578 in
1709 1534 1832 1580 Colo-¹

275 1612 413 1657 niensi
443 1612 644 1657 aecclesia
673 1611 930 1656 exhibuisset
959 1625 1085 1669 super
1105 1611 1287 1669 querela,
1318 1625 1444 1668 quam
1464 1611 1653 1656 canonici
1671 1612 1739 1656 sui
1758 1612 1832 1656 ad-

275 1703 420 1735 versus
451 1703 547 1734 eum
575 1690 830 1745 habuerant,
868 1702 965 1734 cum
1000 1689 1114 1734 idem
1148 1689 1338 1733 canonici
1366 1703 1466 1747 sepe
1495 1690 1522 1734 a
1549 1689 1708 1734 maiore
1735 1702 1831 1748 pre-

274 1768 411 1826 posito
450 1771 492 1812 et
529 1767 740 1825 prioribus
770 1780 848 1825 pro
878 1767 958 1811 hoc
986 1767 1124 1811 vocati
1153 1766 1296 1811 venire
1326 1767 1669 1825 supersedissent.
1729 1766 1831 1812 Pro-

274 1846 373 1890 inde
401 1859 499 1902 nos,
530 1843 607 1889 filii
636 1845 787 1901 vestri,
824 1858 929 1888 ausu
959 1857 1083 1888 verae
1113 1844 1321 1900 caritatis,
1360 1858 1443 1901 qua
1470 1858 1545 1889 vos
1574 1845 1620 1889 in
1649 1844 1830 1889 Domino

275 1923 508 1979 diligimus,
547 1926 713 1968 vestrae
751 1922 939 1967 oculatae
974 1922 1215 1966 discretioni
1251 1922 1533 1979 suggerimus,
1569 1925 1619 1967 ut
1655 1922 1830 1967 eandem

274 2014 443 2045 causam
482 2001 635 2045 domno
674 1999 914 2044 Coloniensi
950 2000 1261 2058 archiepiscopo
1301 2000 1564 2044 tractandam
1600 2000 1830 2044 terminan⁴

275 2079 454 2135 damque
483 2077 722 2134 remittatis,
753 2091 831 2122 nec
850 2078 902 2122 de
925 2077 1167 2134 gravamine
1186 2078 1469 2135 prenominati
1486 2077 1692 2135 prepositi
1710 2076 1829 2122 vobis

276 2156 327 2200 ab
358 2156 496 2214 aliquo
526 2155 771 2214 persuaderi
799 2155 1068 2213 permittatis.

278 2297 394 2345 379.
422 2300 632 2343 Arnoldus
650 2299 699 2342 Il
717 2299 1046 2358 archiepiscopus
1067 2299 1314 2343 Coloniensis
1332 2297 1574 2342 Heinriomn
1594 2299 1829 2356 episcopum

423 2377 677 2420 Mndensem
715 2378 766 2420 de
796 2379 981 2422 mutilato
1012 2385 1254 2436 caecatoque
1282 2375 1425 2435 fratre
1453 2375 1679 2419 Vortltlevio
1712 2376 1828 2419 Colo-

421 2455 535 2498 m'am
564 2456 608 2498 in
637 2456 702 2498 ius
729 2463 858 2499 vocat.
1613 2451 1686 2506 (M.
1709 2451 1827 2507 358.)

158 2554 251 2590 1152
390 2542 636 2598 A(rnoldus)
657 2542 738 2587 Dei
767 2544 904 2599 gratia
933 2544 971 2587 si
1002 2543 1102 2601 quid
1123 2545 1187 2587 est
1206 2544 1374 2586 sanctae
1395 2540 1652 2586 Coloniensis
1673 2540 1827 2586 aeccle-

168 2605 241 2643 Apr.
275 2622 363 2666 siae
392 2620 562 2665 humilis
586 2621 778 2665 minister
798 2620 1027 2675 H(einrico)
1049 2620 1195 2665 eadem
1214 2620 1351 2676 gratia
1370 2618 1595 2664 venerabili
1617 2617 1827 2663 Mindensi

277 2700 471 2757 episcopo
503 2698 680 2743 salutem
710 2702 753 2742 et
782 2699 989 2742 orationes
1019 2698 1064 2742 in
1093 2697 1287 2742 Domino.

393 2775 604 2820 Luctuosa
633 2775 799 2833 quidem
830 2779 871 2819 et
901 2775 1067 2819 omnino
1098 2774 1349 2820 miserabilis
1369 2773 1627 2831 querimonia
1647 2773 1699 2818 de
1717 2785 1825 2817 novo

276 2859 318 2899 et
346 2854 636 2898 infandissimo
667 2853 822 2898 scelere
852 2853 904 2896 ad
934 2867 1010 2896 nos
1042 2857 1084 2897 et
1113 2856 1301 2897 sanctam
1329 2854 1508 2895 matrem
1537 2839 1724 2895 nostram
1746 2849 1824 2894 Co-

274 2932 502 2976 loniensem
534 2931 776 2976 aecclesiam
804 2930 967 2989 perlata
997 2931 1183 2975 omnium
1211 2933 1372 2975 mentes
1397 2929 1662 2974 acerbissimo
1682 2927 1824 2974 dolore
