<?xml version="1.0" encoding="UTF-8"?>
<!DOCTYPE html PUBLIC "-//W3C//DTD XHTML 1.0 Transitional//EN"
    "http://www.w3.org/TR/xhtml1/DTD/xhtml1-transitional.dtd">
<html xmlns="http://www.w3.org/1999/xhtml" xml:lang="en" lang="en">
 <head>
  <title>
</title>
<meta http-equiv="Content-Type" content="text/html;charset=utf-8" />
  <meta name='ocr-system' content='tesseract 3.04.00' />
  <meta name='ocr-capabilities' content='ocr_page ocr_carea ocr_par ocr_line ocrx_word'/>
</head>
<body>
  <div class='ocr_page' id='page_1' title='image "bibliothecarerum01wattuoft_0071.png"; bbox 0 0 1930 3242; ppageno 0'>
   <div class='ocr_carea' id='block_1_1' title="bbox 473 155 1623 200">
    <p class='ocr_par' dir='ltr' id='par_1_1' title="bbox 473 155 1623 200">
     <span class='ocr_line' id='line_1_1' title="bbox 473 155 1623 200; baseline -0.002 -1"><span class='ocrx_word' id='word_1_1' title='bbox 473 166 877 200; x_wconf 64' lang='lat' dir='ltr'><strong>onnoxoenffnns</strong></span> <span class='ocrx_word' id='word_1_2' title='bbox 908 165 1202 199; x_wconf 69' lang='lat' dir='ltr'><strong>connnmnsrs</strong></span> <span class='ocrx_word' id='word_1_3' title='bbox 1565 155 1623 198; x_wconf 88' lang='lat'><strong>53</strong></span> 
     </span>
    </p>
   </div>
   <div class='ocr_carea' id='block_1_2' title="bbox 45 260 1768 2195">
    <p class='ocr_par' dir='ltr' id='par_1_2' title="bbox 53 260 1749 476">
     <span class='ocr_line' id='line_1_2' title="bbox 56 260 1743 320; baseline -0.004 -12"><span class='ocrx_word' id='word_1_4' title='bbox 56 261 270 320; x_wconf 63' lang='lat' dir='ltr'><strong>eowvitg</strong></span> <span class='ocrx_word' id='word_1_5' title='bbox 299 265 375 308; x_wconf 83' lang='lat' dir='ltr'><strong>aut</strong></span> <span class='ocrx_word' id='word_1_6' title='bbox 405 262 534 307; x_wconf 85' lang='lat' dir='ltr'><strong>etiam</strong></span> <span class='ocrx_word' id='word_1_7' title='bbox 552 260 903 307; x_wconf 87' lang='lat' dir='ltr'><strong>Wormatiensem</strong></span> <span class='ocrx_word' id='word_1_8' title='bbox 934 262 1153 306; x_wconf 90' lang='lat' dir='ltr'><strong>ecclesiam</strong></span> <span class='ocrx_word' id='word_1_9' title='bbox 1181 261 1229 305; x_wconf 92' lang='lat' dir='ltr'><strong>in</strong></span> <span class='ocrx_word' id='word_1_10' title='bbox 1247 261 1431 305; x_wconf 88' lang='lat' dir='ltr'><strong>transitu</strong></span> <span class='ocrx_word' id='word_1_11' title='bbox 1449 261 1623 307; x_wconf 88' lang='lat' dir='ltr'><strong>visitare</strong></span> <span class='ocrx_word' id='word_1_12' title='bbox 1651 266 1743 302; x_wconf 86' lang='lat'>1146</span> 
     </span>
     <span class='ocr_line' id='line_1_3' title="bbox 55 315 1749 400; baseline -0.001 -15"><span class='ocrx_word' id='word_1_13' title='bbox 55 343 374 400; x_wconf 55' lang='grc' dir='ltr'><strong>μευ-1611111016,</strong></span> <span class='ocrx_word' id='word_1_14' title='bbox 411 340 447 384; x_wconf 91' lang='lat' dir='ltr'><strong>si</strong></span> <span class='ocrx_word' id='word_1_15' title='bbox 478 354 643 397; x_wconf 91' lang='lat' dir='ltr'><strong>quoquo</strong></span> <span class='ocrx_word' id='word_1_16' title='bbox 673 341 797 384; x_wconf 91' lang='lat' dir='ltr'><strong>modo</strong></span> <span class='ocrx_word' id='word_1_17' title='bbox 827 341 988 385; x_wconf 87' lang='lat' dir='ltr'><strong>valeret</strong></span> <span class='ocrx_word' id='word_1_18' title='bbox 1018 340 1292 398; x_wconf 87' lang='lat' dir='ltr'><strong>oportunitati</strong></span> <span class='ocrx_word' id='word_1_19' title='bbox 1323 354 1423 384; x_wconf 86' lang='lat' dir='ltr'><strong>suae</strong></span> <span class='ocrx_word' id='word_1_20' title='bbox 1453 353 1622 384; x_wconf 85' lang='lat' dir='ltr'><strong>succur-</strong></span> <span class='ocrx_word' id='word_1_21' title='bbox 1644 315 1749 346; x_wconf 53' lang='grc' dir='ltr'><strong>ΒΜ</strong></span> 
     </span>
     <span class='ocr_line' id='line_1_4' title="bbox 53 418 1621 476; baseline -0.001 -12"><span class='ocrx_word' id='word_1_22' title='bbox 53 432 167 474; x_wconf 78' lang='lat' dir='ltr'><strong>rere3</strong></span> <span class='ocrx_word' id='word_1_23' title='bbox 197 432 299 463; x_wconf 78' lang='lat' dir='ltr'><strong>nam</strong></span> <span class='ocrx_word' id='word_1_24' title='bbox 329 419 531 463; x_wconf 84' lang='lat' dir='ltr'><strong>antisticii</strong></span> <span class='ocrx_word' id='word_1_25' title='bbox 549 418 676 468; x_wconf 58' lang='lat' dir='ltr'><strong>,locus</strong></span> <span class='ocrx_word' id='word_1_26' title='bbox 706 418 821 462; x_wconf 92' lang='lat' dir='ltr'><strong>illius</strong></span> <span class='ocrx_word' id='word_1_27' title='bbox 853 419 1104 476; x_wconf 82' lang='lat' dir='ltr'>dispositore</span> <span class='ocrx_word' id='word_1_28' title='bbox 1135 418 1324 474; x_wconf 86' lang='lat' dir='ltr'><strong>vacabat,</strong></span> <span class='ocrx_word' id='word_1_29' title='bbox 1357 418 1456 475; x_wconf 88' lang='lat' dir='ltr'><strong>quia</strong></span> <span class='ocrx_word' id='word_1_30' title='bbox 1474 431 1621 462; x_wconf 87' lang='lat' dir='ltr'><strong>recens</strong></span> 
     </span>
    </p>

    <p class='ocr_par' dir='ltr' id='par_1_3' title="bbox 55 496 1621 553">
     <span class='ocr_line' id='line_1_5' title="bbox 55 496 1621 553; baseline -0.001 -11"><span class='ocrx_word' id='word_1_31' title='bbox 55 510 149 542; x_wconf 82' lang='lat' dir='ltr'><strong>sors</strong></span> <span class='ocrx_word' id='word_1_32' title='bbox 177 509 273 541; x_wconf 86' lang='lat' dir='ltr'><strong>eum</strong></span> <span class='ocrx_word' id='word_1_33' title='bbox 301 497 390 541; x_wconf 85' lang='lat' dir='ltr'><strong>iam</strong></span> <span class='ocrx_word' id='word_1_34' title='bbox 419 510 442 541; x_wconf 89' lang='lat' dir='ltr'><strong>e</strong></span> <span class='ocrx_word' id='word_1_35' title='bbox 472 497 610 540; x_wconf 85' lang='lat' dir='ltr'><strong>vicino</strong></span> <span class='ocrx_word' id='word_1_36' title='bbox 642 496 693 540; x_wconf 89' lang='lat' dir='ltr'><strong>de</strong></span> <span class='ocrx_word' id='word_1_37' title='bbox 723 497 861 540; x_wconf 91' lang='lat' dir='ltr'><strong>medio</strong></span> <span class='ocrx_word' id='word_1_38' title='bbox 883 497 1050 540; x_wconf 83' lang='lat' dir='ltr'><strong>tulerat.</strong></span> <span class='ocrx_word' id='word_1_39' title='bbox 1097 496 1301 553; x_wconf 89' lang='lat' dir='ltr'><strong>Alioquin</strong></span> <span class='ocrx_word' id='word_1_40' title='bbox 1321 499 1363 540; x_wconf 92' lang='lat' dir='ltr'><strong>et</strong></span> <span class='ocrx_word' id='word_1_41' title='bbox 1384 496 1438 540; x_wconf 87' lang='lat' dir='ltr'><strong>ad</strong></span> <span class='ocrx_word' id='word_1_42' title='bbox 1459 496 1621 540; x_wconf 89' lang='lat' dir='ltr'><strong>abbatis</strong></span> 
     </span>
    </p>

    <p class='ocr_par' dir='ltr' id='par_1_4' title="bbox 56 573 1622 710">
     <span class='ocr_line' id='line_1_6' title="bbox 56 573 1621 631; baseline -0.001 -11"><span class='ocrx_word' id='word_1_43' title='bbox 56 577 106 620; x_wconf 48' lang='lat' dir='ltr'><strong>etv</strong></span> <span class='ocrx_word' id='word_1_44' title='bbox 127 573 444 620; x_wconf 73' lang='lat' dir='ltr'><strong>corbeiensium</strong></span> <span class='ocrx_word' id='word_1_45' title='bbox 474 575 701 618; x_wconf 87' lang='lat' dir='ltr'><strong>adventum</strong></span> <span class='ocrx_word' id='word_1_46' title='bbox 721 573 1073 618; x_wconf 85' lang='lat' dir='ltr'><strong>Frankenevorde</strong></span> <span class='ocrx_word' id='word_1_47' title='bbox 1103 575 1384 619; x_wconf 80' lang='lat' dir='ltr'><strong>sustinuisset.</strong></span> <span class='ocrx_word' id='word_1_48' title='bbox 1430 574 1543 631; x_wconf 85' lang='lat' dir='ltr'><strong>Egre</strong></span> <span class='ocrx_word' id='word_1_49' title='bbox 1565 575 1621 618; x_wconf 93' lang='lat' dir='ltr'><strong>si-</strong></span> 
     </span>
     <span class='ocr_line' id='line_1_7' title="bbox 56 651 1622 710; baseline -0.001 -13"><span class='ocrx_word' id='word_1_50' title='bbox 56 653 225 710; x_wconf 86' lang='lat' dir='ltr'><strong>quidem</strong></span> <span class='ocrx_word' id='word_1_51' title='bbox 253 653 364 710; x_wconf 89' lang='lat' dir='ltr'><strong>tulit,</strong></span> <span class='ocrx_word' id='word_1_52' title='bbox 396 653 508 710; x_wconf 88' lang='lat' dir='ltr'><strong>quod</strong></span> <span class='ocrx_word' id='word_1_53' title='bbox 538 655 580 696; x_wconf 92' lang='lat' dir='ltr'><strong>et</strong></span> <span class='ocrx_word' id='word_1_54' title='bbox 609 651 701 696; x_wconf 88' lang='lat' dir='ltr'><strong>fieri</strong></span> <span class='ocrx_word' id='word_1_55' title='bbox 720 652 859 696; x_wconf 90' lang='lat' dir='ltr'><strong>minus</strong></span> <span class='ocrx_word' id='word_1_56' title='bbox 880 652 1034 707; x_wconf 82' lang='lat' dir='ltr'><strong>valuit3</strong></span> <span class='ocrx_word' id='word_1_57' title='bbox 1069 653 1168 709; x_wconf 91' lang='lat' dir='ltr'><strong>quia</strong></span> <span class='ocrx_word' id='word_1_58' title='bbox 1186 656 1459 710; x_wconf 89' lang='lat' dir='ltr'><strong>utrarumque</strong></span> <span class='ocrx_word' id='word_1_59' title='bbox 1478 667 1622 696; x_wconf 88' lang='lat' dir='ltr'><strong>rerum</strong></span> 
     </span>
    </p>

    <p class='ocr_par' dir='ltr' id='par_1_5' title="bbox 51 730 1621 866">
     <span class='ocr_line' id='line_1_8' title="bbox 51 730 1621 790; baseline -0.001 -14"><span class='ocrx_word' id='word_1_60' title='bbox 51 731 140 776; x_wconf 76' lang='lat' dir='ltr'><strong>iam</strong></span> <span class='ocrx_word' id='word_1_61' title='bbox 157 731 270 776; x_wconf 86' lang='lat' dir='ltr'><strong>infra</strong></span> <span class='ocrx_word' id='word_1_62' title='bbox 288 731 591 790; x_wconf 85' lang='lat' dir='ltr'><strong>prelibatarum</strong></span> <span class='ocrx_word' id='word_1_63' title='bbox 610 730 656 774; x_wconf 90' lang='lat' dir='ltr'><strong>in</strong></span> <span class='ocrx_word' id='word_1_64' title='bbox 675 733 865 774; x_wconf 75' lang='lat' dir='ltr'><strong>tantum⁶</strong></span> <span class='ocrx_word' id='word_1_65' title='bbox 884 744 1038 786; x_wconf 87' lang='lat' dir='ltr'><strong>urgens</strong></span> <span class='ocrx_word' id='word_1_66' title='bbox 1059 731 1200 788; x_wconf 91' lang='lat' dir='ltr'><strong>ipsum</strong></span> <span class='ocrx_word' id='word_1_67' title='bbox 1221 731 1486 788; x_wconf 88' lang='lat' dir='ltr'><strong>sollicitabat,</strong></span> <span class='ocrx_word' id='word_1_68' title='bbox 1509 731 1621 788; x_wconf 90' lang='lat' dir='ltr'><strong>quod</strong></span> 
     </span>
     <span class='ocr_line' id='line_1_9' title="bbox 52 807 1230 866; baseline -0.003 -11"><span class='ocrx_word' id='word_1_69' title='bbox 52 809 170 855; x_wconf 80' lang='lat' dir='ltr'><strong>nulla</strong></span> <span class='ocrx_word' id='word_1_70' title='bbox 197 810 292 854; x_wconf 80' lang='lat' dir='ltr'><strong>viae</strong></span> <span class='ocrx_word' id='word_1_71' title='bbox 321 808 446 852; x_wconf 90' lang='lat' dir='ltr'><strong>huius</strong></span> <span class='ocrx_word' id='word_1_72' title='bbox 474 807 732 852; x_wconf 81' lang='lat' dir='ltr'><strong>intermissio</strong></span> <span class='ocrx_word' id='word_1_73' title='bbox 764 808 844 852; x_wconf 92' lang='lat' dir='ltr'><strong>sibi</strong></span> <span class='ocrx_word' id='word_1_74' title='bbox 875 808 1021 853; x_wconf 91' lang='lat' dir='ltr'><strong>haberi</strong></span> <span class='ocrx_word' id='word_1_75' title='bbox 1051 812 1230 866; x_wconf 85' lang='lat' dir='ltr'><strong>poterat.</strong></span> 
     </span>
    </p>

    <p class='ocr_par' dir='ltr' id='par_1_6' title="bbox 45 878 1768 2195">
     <span class='ocr_line' id='line_1_10' title="bbox 169 878 1768 943; baseline -0.001 -11"><span class='ocrx_word' id='word_1_76' title='bbox 169 886 229 932; x_wconf 90' lang='lat' dir='ltr'><strong>Ut</strong></span> <span class='ocrx_word' id='word_1_77' title='bbox 265 890 406 931; x_wconf 86' lang='lat' dir='ltr'><strong>autem</strong></span> <span class='ocrx_word' id='word_1_78' title='bbox 431 885 694 931; x_wconf 64' lang='lat' dir='ltr'><strong>Wineheimb</strong></span> <span class='ocrx_word' id='word_1_79' title='bbox 724 878 930 930; x_wconf 86' lang='lat' dir='ltr'><strong>venerunt</strong></span> <span class='ocrx_word' id='word_1_80' title='bbox 959 887 1114 943; x_wconf 84' lang='lat' dir='ltr'><strong>nostri,</strong></span> <span class='ocrx_word' id='word_1_81' title='bbox 1156 887 1350 931; x_wconf 83' lang='lat' dir='ltr'><strong>abbatem</strong></span> <span class='ocrx_word' id='word_1_82' title='bbox 1381 887 1517 931; x_wconf 88' lang='lat' dir='ltr'><strong>adhuc</strong></span> <span class='ocrx_word' id='word_1_83' title='bbox 1546 887 1619 932; x_wconf 89' lang='lat' dir='ltr'><strong>ab·</strong></span> <span class='ocrx_word' id='word_1_84' title='bbox 1642 899 1716 932; x_wconf 75' lang='lat' dir='ltr'><strong>Dec.</strong></span> <span class='ocrx_word' id='word_1_85' title='bbox 1729 901 1768 931; x_wconf 94' lang='lat'><strong>10</strong></span> 
     </span>
     <span class='ocr_line' id='line_1_11' title="bbox 52 964 1620 1021; baseline -0.001 -10"><span class='ocrx_word' id='word_1_86' title='bbox 52 968 215 1011; x_wconf 82' lang='lat' dir='ltr'><strong>sentem</strong></span> <span class='ocrx_word' id='word_1_87' title='bbox 244 964 416 1010; x_wconf 82' lang='lat' dir='ltr'><strong>asscisci</strong></span> <span class='ocrx_word' id='word_1_88' title='bbox 446 967 489 1008; x_wconf 90' lang='lat' dir='ltr'><strong>et</strong></span> <span class='ocrx_word' id='word_1_89' title='bbox 519 964 600 1008; x_wconf 91' lang='lat' dir='ltr'><strong>sibi</strong></span> <span class='ocrx_word' id='word_1_90' title='bbox 630 964 810 1008; x_wconf 86' lang='lat' dir='ltr'><strong>electum</strong></span> <span class='ocrx_word' id='word_1_91' title='bbox 834 978 956 1008; x_wconf 91' lang='lat' dir='ltr'><strong>suum</strong></span> <span class='ocrx_word' id='word_1_92' title='bbox 976 965 1022 1008; x_wconf 91' lang='lat' dir='ltr'><strong>in</strong></span> <span class='ocrx_word' id='word_1_93' title='bbox 1043 965 1261 1008; x_wconf 88' lang='lat' dir='ltr'><strong>dominum</strong></span> <span class='ocrx_word' id='word_1_94' title='bbox 1281 965 1442 1021; x_wconf 89' lang='lat' dir='ltr'><strong>donari,</strong></span> <span class='ocrx_word' id='word_1_95' title='bbox 1475 979 1501 1009; x_wconf 91' lang='lat' dir='ltr'><strong>a</strong></span> <span class='ocrx_word' id='word_1_96' title='bbox 1519 979 1620 1021; x_wconf 87' lang='lat' dir='ltr'><strong>rege</strong></span> 
     </span>
     <span class='ocr_line' id='line_1_12' title="bbox 51 1043 1618 1102; baseline -0.001 -13"><span class='ocrx_word' id='word_1_97' title='bbox 51 1043 306 1102; x_wconf 75' lang='lat' dir='ltr'><strong>aliquociens</strong></span> <span class='ocrx_word' id='word_1_98' title='bbox 335 1046 628 1101; x_wconf 84' lang='lat' dir='ltr'><strong>poposcenmt.</strong></span> <span class='ocrx_word' id='word_1_99' title='bbox 676 1043 746 1087; x_wconf 86' lang='lat' dir='ltr'><strong>Ad</strong></span> <span class='ocrx_word' id='word_1_100' title='bbox 774 1046 860 1086; x_wconf 89' lang='lat' dir='ltr'><strong>tres</strong></span> <span class='ocrx_word' id='word_1_101' title='bbox 891 1043 1022 1099; x_wconf 82' lang='lat' dir='ltr'><strong>igitur</strong></span> <span class='ocrx_word' id='word_1_102' title='bbox 1050 1047 1148 1101; x_wconf 90' lang='lat' dir='ltr'><strong>post</strong></span> <span class='ocrx_word' id='word_1_103' title='bbox 1178 1044 1318 1100; x_wconf 92' lang='lat' dir='ltr'><strong>ipsum</strong></span> <span class='ocrx_word' id='word_1_104' title='bbox 1337 1044 1480 1100; x_wconf 86' lang='lat' dir='ltr'><strong>pueris</strong></span> <span class='ocrx_word' id='word_1_105' title='bbox 1502 1044 1618 1099; x_wconf 84' lang='lat' dir='ltr'><strong>sigil-</strong></span> 
     </span>
     <span class='ocr_line' id='line_1_13' title="bbox 50 1121 1764 1179; baseline -0.002 -12"><span class='ocrx_word' id='word_1_106' title='bbox 50 1122 172 1167; x_wconf 84' lang='lat' dir='ltr'><strong>latim</strong></span> <span class='ocrx_word' id='word_1_107' title='bbox 198 1122 435 1178; x_wconf 87' lang='lat' dir='ltr'><strong>destinatis,</strong></span> <span class='ocrx_word' id='word_1_108' title='bbox 465 1124 678 1179; x_wconf 90' lang='lat' dir='ltr'><strong>postremo</strong></span> <span class='ocrx_word' id='word_1_109' title='bbox 708 1121 879 1165; x_wconf 86' lang='lat' dir='ltr'><strong>tandem</strong></span> <span class='ocrx_word' id='word_1_110' title='bbox 906 1121 1069 1165; x_wconf 85' lang='lat' dir='ltr'><strong>tricatis</strong></span> <span class='ocrx_word' id='word_1_111' title='bbox 1089 1121 1265 1165; x_wconf 89' lang='lat' dir='ltr'><strong>morulis</strong></span> <span class='ocrx_word' id='word_1_112' title='bbox 1284 1122 1412 1166; x_wconf 87' lang='lat' dir='ltr'><strong>venit.</strong></span> <span class='ocrx_word' id='word_1_113' title='bbox 1459 1122 1618 1178; x_wconf 81' lang='lat' dir='ltr'>Regem</span> <span class='ocrx_word' id='word_1_114' title='bbox 1641 1132 1764 1164; x_wconf 65' lang='lat' dir='ltr'><strong>Demi</strong></span> 
     </span>
     <span class='ocr_line' id='line_1_14' title="bbox 50 1199 1617 1258; baseline -0.002 -12"><span class='ocrx_word' id='word_1_115' title='bbox 50 1201 183 1246; x_wconf 75' lang='lat' dir='ltr'><strong>adivit</strong></span> <span class='ocrx_word' id='word_1_116' title='bbox 211 1200 333 1256; x_wconf 88' lang='lat' dir='ltr'><strong>clam,</strong></span> <span class='ocrx_word' id='word_1_117' title='bbox 365 1202 408 1244; x_wconf 90' lang='lat' dir='ltr'><strong>et</strong></span> <span class='ocrx_word' id='word_1_118' title='bbox 438 1199 633 1244; x_wconf 83' lang='lat' dir='ltr'><strong>obnixius</strong></span> <span class='ocrx_word' id='word_1_119' title='bbox 665 1199 925 1256; x_wconf 82' lang='lat' dir='ltr'><strong>efflagitavit,</strong></span> <span class='ocrx_word' id='word_1_120' title='bbox 957 1199 1154 1256; x_wconf 82' lang='lat' dir='ltr'><strong>quatinus</strong></span> <span class='ocrx_word' id='word_1_121' title='bbox 1181 1203 1223 1244; x_wconf 91' lang='lat' dir='ltr'><strong>et</strong></span> <span class='ocrx_word' id='word_1_122' title='bbox 1244 1200 1391 1243; x_wconf 79' lang='lat' dir='ltr'><strong>electio</strong></span> <span class='ocrx_word' id='word_1_123' title='bbox 1411 1201 1457 1243; x_wconf 91' lang='lat' dir='ltr'><strong>in</strong></span> <span class='ocrx_word' id='word_1_124' title='bbox 1475 1200 1617 1258; x_wconf 89' lang='lat' dir='ltr'><strong>ipsum</strong></span> 
     </span>
     <span class='ocr_line' id='line_1_15' title="bbox 48 1278 1617 1334; baseline -0.002 -10"><span class='ocrx_word' id='word_1_125' title='bbox 48 1279 162 1324; x_wconf 82' lang='lat' dir='ltr'><strong>facta</strong></span> <span class='ocrx_word' id='word_1_126' title='bbox 199 1280 455 1333; x_wconf 73' lang='lat' dir='ltr'><strong>cassaretur,</strong></span> <span class='ocrx_word' id='word_1_127' title='bbox 494 1278 692 1334; x_wconf 88' lang='lat' dir='ltr'><strong>quoniam</strong></span> <span class='ocrx_word' id='word_1_128' title='bbox 730 1278 898 1334; x_wconf 91' lang='lat' dir='ltr'><strong>quidem</strong></span> <span class='ocrx_word' id='word_1_129' title='bbox 911 1312 923 1334; x_wconf 89' lang='lat'><strong>,</strong></span> <span class='ocrx_word' id='word_1_130' title='bbox 963 1281 1005 1322; x_wconf 89' lang='lat' dir='ltr'><strong>et</strong></span> <span class='ocrx_word' id='word_1_131' title='bbox 1033 1278 1247 1322; x_wconf 90' lang='lat' dir='ltr'><strong>nonnullis</strong></span> <span class='ocrx_word' id='word_1_132' title='bbox 1279 1278 1500 1322; x_wconf 89' lang='lat' dir='ltr'><strong>sudoribus</strong></span> <span class='ocrx_word' id='word_1_133' title='bbox 1530 1278 1617 1321; x_wconf 90' lang='lat' dir='ltr'><strong>iam</strong></span> 
     </span>
     <span class='ocr_line' id='line_1_16' title="bbox 47 1355 1619 1416; baseline -0.002 -14"><span class='ocrx_word' id='word_1_134' title='bbox 47 1371 156 1416; x_wconf 88' lang='lat' dir='ltr'><strong>pene</strong></span> <span class='ocrx_word' id='word_1_135' title='bbox 193 1357 248 1402; x_wconf 86' lang='lat' dir='ltr'><strong>ad</strong></span> <span class='ocrx_word' id='word_1_136' title='bbox 285 1369 551 1414; x_wconf 89' lang='lat' dir='ltr'><strong>supremum-</strong></span> <span class='ocrx_word' id='word_1_137' title='bbox 567 1355 816 1412; x_wconf 86' lang='lat' dir='ltr'><strong>exhaustus,</strong></span> <span class='ocrx_word' id='word_1_138' title='bbox 859 1355 1133 1413; x_wconf 89' lang='lat' dir='ltr'><strong>amplioribus</strong></span> <span class='ocrx_word' id='word_1_139' title='bbox 1171 1356 1286 1400; x_wconf 84' lang='lat' dir='ltr'><strong>nullo</strong></span> <span class='ocrx_word' id='word_1_140' title='bbox 1323 1356 1447 1400; x_wconf 89' lang='lat' dir='ltr'><strong>modo</strong></span> <span class='ocrx_word' id='word_1_141' title='bbox 1487 1356 1619 1400; x_wconf 88' lang='lat' dir='ltr'><strong>inseri</strong></span> 
     </span>
     <span class='ocr_line' id='line_1_17' title="bbox 47 1433 1618 1494; baseline -0.002 -14"><span class='ocrx_word' id='word_1_142' title='bbox 47 1438 276 1494; x_wconf 77' lang='lat' dir='ltr'><strong>pateretur.</strong></span> <span class='ocrx_word' id='word_1_143' title='bbox 322 1434 413 1478; x_wconf 87' lang='lat' dir='ltr'><strong>Rex</strong></span> <span class='ocrx_word' id='word_1_144' title='bbox 444 1447 543 1490; x_wconf 87' lang='lat' dir='ltr'><strong>ergo</strong></span> <span class='ocrx_word' id='word_1_145' title='bbox 573 1433 781 1490; x_wconf 87' lang='lat' dir='ltr'><strong>turbatur,</strong></span> <span class='ocrx_word' id='word_1_146' title='bbox 814 1434 1009 1478; x_wconf 85' lang='lat' dir='ltr'><strong>abbatem</strong></span> <span class='ocrx_word' id='word_1_147' title='bbox 1034 1438 1082 1478; x_wconf 91' lang='lat' dir='ltr'><strong>ut</strong></span> <span class='ocrx_word' id='word_1_148' title='bbox 1101 1434 1256 1479; x_wconf 85' lang='lat' dir='ltr'><strong>talibus</strong></span> <span class='ocrx_word' id='word_1_149' title='bbox 1278 1434 1455 1479; x_wconf 85' lang='lat' dir='ltr'><strong>desistat</strong></span> <span class='ocrx_word' id='word_1_150' title='bbox 1474 1434 1618 1478; x_wconf 91' lang='lat' dir='ltr'><strong>multi-</strong></span> 
     </span>
     <span class='ocr_line' id='line_1_18' title="bbox 47 1504 1617 1571; baseline -0.002 -12"><span class='ocrx_word' id='word_1_151' title='bbox 47 1514 154 1559; x_wconf 74' lang='lat' dir='ltr'><strong>farie</strong></span> <span class='ocrx_word' id='word_1_152' title='bbox 184 1504 234 1558; x_wconf 80' lang='lat' dir='ltr'><strong>ac</strong></span> <span class='ocrx_word' id='word_1_153' title='bbox 263 1512 510 1571; x_wconf 82' lang='lat' dir='ltr'><strong>suppliciter</strong></span> <span class='ocrx_word' id='word_1_154' title='bbox 541 1514 752 1556; x_wconf 83' lang='lat' dir='ltr'><strong>exoratur.</strong></span> <span class='ocrx_word' id='word_1_155' title='bbox 801 1511 876 1556; x_wconf 90' lang='lat' dir='ltr'><strong>Set</strong></span> <span class='ocrx_word' id='word_1_156' title='bbox 904 1512 998 1569; x_wconf 90' lang='lat' dir='ltr'><strong>iste,</strong></span> <span class='ocrx_word' id='word_1_157' title='bbox 1030 1513 1120 1557; x_wconf 92' lang='lat' dir='ltr'><strong>viso</strong></span> <span class='ocrx_word' id='word_1_158' title='bbox 1151 1527 1251 1568; x_wconf 87' lang='lat' dir='ltr'><strong>rege</strong></span> <span class='ocrx_word' id='word_1_159' title='bbox 1281 1513 1532 1557; x_wconf 87' lang='lat' dir='ltr'><strong>obstinatius</strong></span> <span class='ocrx_word' id='word_1_160' title='bbox 1565 1513 1617 1557; x_wconf 89' lang='lat' dir='ltr'><strong>de</strong></span> 
     </span>
     <span class='ocr_line' id='line_1_19' title="bbox 47 1589 1616 1650; baseline -0.002 -13"><span class='ocrx_word' id='word_1_161' title='bbox 47 1592 224 1650; x_wconf 85' lang='lat' dir='ltr'><strong>inceptis</strong></span> <span class='ocrx_word' id='word_1_162' title='bbox 253 1591 496 1650; x_wconf 84' lang='lat' dir='ltr'><strong>persistere,</strong></span> <span class='ocrx_word' id='word_1_163' title='bbox 531 1593 580 1634; x_wconf 91' lang='lat' dir='ltr'><strong>ut</strong></span> <span class='ocrx_word' id='word_1_164' title='bbox 608 1589 749 1634; x_wconf 85' lang='lat' dir='ltr'><strong>valeat</strong></span> <span class='ocrx_word' id='word_1_165' title='bbox 779 1590 995 1635; x_wconf 87' lang='lat' dir='ltr'><strong>decretum</strong></span> <span class='ocrx_word' id='word_1_166' title='bbox 1025 1591 1114 1635; x_wconf 89' lang='lat' dir='ltr'><strong>eius</strong></span> <span class='ocrx_word' id='word_1_167' title='bbox 1145 1590 1373 1647; x_wconf 88' lang='lat' dir='ltr'><strong>reflectere,</strong></span> <span class='ocrx_word' id='word_1_168' title='bbox 1404 1591 1489 1648; x_wconf 92' lang='lat' dir='ltr'><strong>ipsi</strong></span> <span class='ocrx_word' id='word_1_169' title='bbox 1518 1604 1616 1648; x_wconf 89' lang='lat' dir='ltr'><strong>pro-</strong></span> 
     </span>
     <span class='ocr_line' id='line_1_20' title="bbox 47 1668 1616 1727; baseline -0.001 -12"><span class='ocrx_word' id='word_1_170' title='bbox 47 1670 263 1726; x_wconf 83' lang='lat' dir='ltr'><strong>sternitur,</strong></span> <span class='ocrx_word' id='word_1_171' title='bbox 293 1669 478 1713; x_wconf 83' lang='lat' dir='ltr'><strong>lacrimis</strong></span> <span class='ocrx_word' id='word_1_172' title='bbox 508 1669 633 1712; x_wconf 80' lang='lat' dir='ltr'><strong>haut⁰</strong></span> <span class='ocrx_word' id='word_1_173' title='bbox 661 1668 839 1727; x_wconf 87' lang='lat' dir='ltr'><strong>modieis</strong></span> <span class='ocrx_word' id='word_1_174' title='bbox 870 1669 1122 1726; x_wconf 84' lang='lat' dir='ltr'><strong>aspergitur,</strong></span> <span class='ocrx_word' id='word_1_175' title='bbox 1154 1669 1363 1713; x_wconf 87' lang='lat' dir='ltr'><strong>senariam</strong></span> <span class='ocrx_word' id='word_1_176' title='bbox 1393 1669 1616 1727; x_wconf 87' lang='lat' dir='ltr'><strong>profectio-</strong></span> 
     </span>
     <span class='ocr_line' id='line_1_21' title="bbox 46 1746 1616 1805; baseline -0.001 -13"><span class='ocrx_word' id='word_1_177' title='bbox 46 1761 145 1792; x_wconf 85' lang='lat' dir='ltr'><strong>nem</strong></span> <span class='ocrx_word' id='word_1_178' title='bbox 175 1747 230 1791; x_wconf 86' lang='lat' dir='ltr'><strong>ad</strong></span> <span class='ocrx_word' id='word_1_179' title='bbox 257 1746 448 1791; x_wconf 89' lang='lat' dir='ltr'><strong>Romana</strong></span> <span class='ocrx_word' id='word_1_180' title='bbox 475 1747 617 1791; x_wconf 89' lang='lat' dir='ltr'><strong>menia</strong></span> <span class='ocrx_word' id='word_1_181' title='bbox 645 1760 723 1804; x_wconf 92' lang='lat' dir='ltr'><strong>pro</strong></span> <span class='ocrx_word' id='word_1_182' title='bbox 753 1747 871 1802; x_wconf 85' lang='lat' dir='ltr'><strong>regia</strong></span> <span class='ocrx_word' id='word_1_183' title='bbox 899 1746 1219 1791; x_wconf 88' lang='lat' dir='ltr'><strong>honorificentia</strong></span> <span class='ocrx_word' id='word_1_184' title='bbox 1246 1751 1300 1804; x_wconf 88' lang='lat' dir='ltr'><strong>et,</strong></span> <span class='ocrx_word' id='word_1_185' title='bbox 1333 1762 1413 1805; x_wconf 91' lang='lat' dir='ltr'><strong>que</strong></span> <span class='ocrx_word' id='word_1_186' title='bbox 1433 1748 1520 1791; x_wconf 90' lang='lat' dir='ltr'><strong>iam</strong></span> <span class='ocrx_word' id='word_1_187' title='bbox 1539 1761 1616 1805; x_wconf 92' lang='lat' dir='ltr'><strong>per</strong></span> 
     </span>
     <span class='ocr_line' id='line_1_22' title="bbox 47 1822 1616 1883; baseline -0.001 -12"><span class='ocrx_word' id='word_1_188' title='bbox 47 1825 229 1871; x_wconf 82' lang='lat' dir='ltr'><strong>sedecim</strong></span> <span class='ocrx_word' id='word_1_189' title='bbox 265 1822 480 1883; x_wconf 85' lang='lat' dir='ltr'><strong>tempora¹</strong></span> <span class='ocrx_word' id='word_1_190' title='bbox 507 1825 696 1882; x_wconf 89' lang='lat' dir='ltr'><strong>prelatus</strong></span> <span class='ocrx_word' id='word_1_191' title='bbox 732 1824 955 1882; x_wconf 90' lang='lat' dir='ltr'><strong>pertulerit</strong></span> <span class='ocrx_word' id='word_1_192' title='bbox 990 1827 1276 1883; x_wconf 84' lang='lat' dir='ltr'><strong>repugnancia</strong></span> <span class='ocrx_word' id='word_1_193' title='bbox 1310 1826 1544 1870; x_wconf 88' lang='lat' dir='ltr'><strong>multifaria</strong></span> <span class='ocrx_word' id='word_1_194' title='bbox 1574 1831 1616 1870; x_wconf 91' lang='lat' dir='ltr'><strong>et</strong></span> 
     </span>
     <span class='ocr_line' id='line_1_23' title="bbox 47 1902 1615 1962; baseline -0.001 -14"><span class='ocrx_word' id='word_1_195' title='bbox 47 1903 216 1948; x_wconf 90' lang='lat' dir='ltr'><strong>omnino</strong></span> <span class='ocrx_word' id='word_1_196' title='bbox 246 1903 369 1947; x_wconf 86' lang='lat' dir='ltr'><strong>valde</strong></span> <span class='ocrx_word' id='word_1_197' title='bbox 400 1903 646 1960; x_wconf 75' lang='lat' dir='ltr'><strong>asperrima,</strong></span> <span class='ocrx_word' id='word_1_198' title='bbox 677 1902 1056 1958; x_wconf 84' lang='lat' dir='ltr'><strong>rememorabatur3</strong></span> <span class='ocrx_word' id='word_1_199' title='bbox 1087 1903 1261 1962; x_wconf 88' lang='lat' dir='ltr'><strong>insuper</strong></span> <span class='ocrx_word' id='word_1_200' title='bbox 1290 1907 1339 1948; x_wconf 94' lang='lat' dir='ltr'><strong>ut</strong></span> <span class='ocrx_word' id='word_1_201' title='bbox 1370 1907 1412 1948; x_wconf 91' lang='lat' dir='ltr'><strong>et</strong></span> <span class='ocrx_word' id='word_1_202' title='bbox 1441 1904 1615 1948; x_wconf 90' lang='lat' dir='ltr'><strong>obtentu</strong></span> 
     </span>
     <span class='ocr_line' id='line_1_24' title="bbox 46 1979 1613 2039; baseline 0 -13"><span class='ocrx_word' id='word_1_203' title='bbox 46 1982 180 2038; x_wconf 81' lang='lat' dir='ltr'><strong>gratie</strong></span> <span class='ocrx_word' id='word_1_204' title='bbox 209 1981 365 2039; x_wconf 86' lang='lat' dir='ltr'><strong>ipsius,</strong></span> <span class='ocrx_word' id='word_1_205' title='bbox 398 1981 622 2025; x_wconf 88' lang='lat' dir='ltr'><strong>dummodo</strong></span> <span class='ocrx_word' id='word_1_206' title='bbox 653 1993 707 2024; x_wconf 91' lang='lat' dir='ltr'><strong>ne</strong></span> <span class='ocrx_word' id='word_1_207' title='bbox 738 1979 991 2024; x_wconf 87' lang='lat' dir='ltr'><strong>alienaretur</strong></span> <span class='ocrx_word' id='word_1_208' title='bbox 1019 1981 1246 2038; x_wconf 88' lang='lat' dir='ltr'><strong>prelationi</strong></span> <span class='ocrx_word' id='word_1_209' title='bbox 1277 1986 1514 2038; x_wconf 87' lang='lat' dir='ltr'><strong>consertae,</strong></span> <span class='ocrx_word' id='word_1_210' title='bbox 1545 1995 1613 2026; x_wconf 92' lang='lat' dir='ltr'><strong>ro-</strong></span> 
     </span>
     <span class='ocr_line' id='line_1_25' title="bbox 46 2059 1613 2117; baseline 0 -13"><span class='ocrx_word' id='word_1_211' title='bbox 46 2059 186 2116; x_wconf 83' lang='lat' dir='ltr'><strong>gabat,</strong></span> <span class='ocrx_word' id='word_1_212' title='bbox 218 2059 510 2117; x_wconf 75' lang='lat' dir='ltr'><strong>expediretur‘¹</strong></span> <span class='ocrx_word' id='word_1_213' title='bbox 533 2072 659 2116; x_wconf 90' lang='lat' dir='ltr'><strong>quam</strong></span> <span class='ocrx_word' id='word_1_214' title='bbox 682 2059 925 2103; x_wconf 67' lang='grc' dir='ltr'><strong>1111161611116Θ</strong></span> <span class='ocrx_word' id='word_1_215' title='bbox 946 2063 1203 2103; x_wconf 87' lang='lat' dir='ltr'><strong>oneraretur.</strong></span> <span class='ocrx_word' id='word_1_216' title='bbox 1250 2060 1339 2104; x_wconf 88' lang='lat' dir='ltr'><strong>Rex</strong></span> <span class='ocrx_word' id='word_1_217' title='bbox 1360 2061 1517 2117; x_wconf 84' lang='lat' dir='ltr'><strong>itaque,</strong></span> <span class='ocrx_word' id='word_1_218' title='bbox 1548 2063 1613 2104; x_wconf 87' lang='lat' dir='ltr'><strong>ta-</strong></span> 
     </span>
     <span class='ocr_line' id='line_1_26' title="bbox 45 2136 1611 2195; baseline 0 -13"><span class='ocrx_word' id='word_1_219' title='bbox 45 2137 155 2183; x_wconf 89' lang='lat' dir='ltr'><strong>libus</strong></span> <span class='ocrx_word' id='word_1_220' title='bbox 183 2137 446 2193; x_wconf 88' lang='lat' dir='ltr'><strong>sollicitatus,</strong></span> <span class='ocrx_word' id='word_1_221' title='bbox 479 2138 675 2181; x_wconf 87' lang='lat' dir='ltr'><strong>convenit</strong></span> <span class='ocrx_word' id='word_1_222' title='bbox 704 2151 799 2182; x_wconf 90' lang='lat' dir='ltr'><strong>eum</strong></span> <span class='ocrx_word' id='word_1_223' title='bbox 821 2151 843 2182; x_wconf 92' lang='lat' dir='ltr'><strong>e</strong></span> <span class='ocrx_word' id='word_1_224' title='bbox 864 2150 1063 2181; x_wconf 86' lang='lat' dir='ltr'><strong>converso</strong></span> <span class='ocrx_word' id='word_1_225' title='bbox 1085 2136 1428 2195; x_wconf 87' lang='lat' dir='ltr'><strong>delenificentius,</strong></span> <span class='ocrx_word' id='word_1_226' title='bbox 1458 2138 1611 2194; x_wconf 88' lang='lat' dir='ltr'><strong>locum,</strong></span> 
     </span>
    </p>
   </div>
   <div class='ocr_carea' id='block_1_3' title="bbox 45 2215 1609 2274">
    <p class='ocr_par' dir='ltr' id='par_1_7' title="bbox 45 2215 1609 2274">
     <span class='ocr_line' id='line_1_27' title="bbox 45 2215 1609 2274; baseline -0.001 -14"><span class='ocrx_word' id='word_1_227' title='bbox 45 2219 225 2274; x_wconf 85' lang='lat' dir='ltr'><strong>tempus,</strong></span> <span class='ocrx_word' id='word_1_228' title='bbox 257 2215 588 2274; x_wconf 90' lang='lat' dir='ltr'><strong>oportunitatem</strong></span> <span class='ocrx_word' id='word_1_229' title='bbox 619 2216 954 2259; x_wconf 87' lang='lat' dir='ltr'><strong>animadvertere</strong></span> <span class='ocrx_word' id='word_1_230' title='bbox 1005 2248 1609 2260; x_wconf 91' lang='grc'><strong>.........</strong></span> 
     </span>
    </p>
   </div>
   <div class='ocr_carea' id='block_1_4' title="bbox 44 2367 1610 2507">
    <p class='ocr_par' dir='ltr' id='par_1_8' title="bbox 44 2367 1610 2507">
     <span class='ocr_line' id='line_1_28' title="bbox 47 2367 1610 2429; baseline 0 -14"><span class='ocrx_word' id='word_1_231' title='bbox 47 2403 722 2415; x_wconf 90' lang='grc'><strong>..........</strong></span> <span class='ocrx_word' id='word_1_232' title='bbox 783 2367 864 2414; x_wconf 69' lang='lat' dir='ltr'><strong>tis&#39;</strong></span> <span class='ocrx_word' id='word_1_233' title='bbox 896 2371 964 2415; x_wconf 91' lang='lat' dir='ltr'><strong>die</strong></span> <span class='ocrx_word' id='word_1_234' title='bbox 1001 2371 1232 2429; x_wconf 89' lang='lat' dir='ltr'><strong>suscipiens</strong></span> <span class='ocrx_word' id='word_1_235' title='bbox 1266 2371 1412 2415; x_wconf 90' lang='lat' dir='ltr'><strong>salutis</strong></span> <span class='ocrx_word' id='word_1_236' title='bbox 1444 2372 1610 2427; x_wconf 84' lang='lat' dir='ltr'><strong>signum</strong></span> 
     </span>
     <span class='ocr_line' id='line_1_29' title="bbox 44 2448 1610 2507; baseline -0.001 -13"><span class='ocrx_word' id='word_1_237' title='bbox 44 2449 90 2494; x_wconf 88' lang='lat' dir='ltr'><strong>in</strong></span> <span class='ocrx_word' id='word_1_238' title='bbox 119 2448 340 2507; x_wconf 88' lang='lat' dir='ltr'><strong>superficie</strong></span> <span class='ocrx_word' id='word_1_239' title='bbox 370 2463 543 2494; x_wconf 89' lang='lat' dir='ltr'><strong>suarum</strong></span> <span class='ocrx_word' id='word_1_240' title='bbox 572 2449 767 2504; x_wconf 88' lang='lat' dir='ltr'><strong>vestium,</strong></span> <span class='ocrx_word' id='word_1_241' title='bbox 799 2449 908 2492; x_wconf 90' lang='lat' dir='ltr'><strong>sicut</strong></span> <span class='ocrx_word' id='word_1_242' title='bbox 939 2451 1004 2493; x_wconf 92' lang='lat' dir='ltr'><strong>est</strong></span> <span class='ocrx_word' id='word_1_243' title='bbox 1032 2449 1161 2493; x_wconf 89' lang='lat' dir='ltr'><strong>moris</strong></span> <span class='ocrx_word' id='word_1_244' title='bbox 1191 2449 1488 2493; x_wconf 88' lang='lat' dir='ltr'><strong>modernorum</strong></span> <span class='ocrx_word' id='word_1_245' title='bbox 1511 2449 1610 2492; x_wconf 92' lang='lat' dir='ltr'><strong>dum</strong></span> 
     </span>
    </p>
   </div>
   <div class='ocr_carea' id='block_1_5' title="bbox 45 2562 1610 2726">
    <p class='ocr_par' dir='ltr' id='par_1_9' title="bbox 45 2562 1610 2726">
     <span class='ocr_line' id='line_1_30' title="bbox 140 2562 1610 2602; baseline -0.001 -8"><span class='ocrx_word' id='word_1_246' title='bbox 140 2572 167 2594; x_wconf 72' lang='lat' dir='ltr'><strong>a.</strong></span> <span class='ocrx_word' id='word_1_247' title='bbox 198 2575 239 2594; x_wconf 79' lang='lat' dir='ltr'><strong>an</strong></span> <span class='ocrx_word' id='word_1_248' title='bbox 263 2563 402 2594; x_wconf 70' lang='lat' dir='ltr'><strong>intentio.</strong></span> <span class='ocrx_word' id='word_1_249' title='bbox 486 2563 516 2594; x_wconf 91' lang='lat' dir='ltr'><strong>b.</strong></span> <span class='ocrx_word' id='word_1_250' title='bbox 543 2562 715 2593; x_wconf 82' lang='lat' dir='ltr'><strong>Winehiem</strong></span> <span class='ocrx_word' id='word_1_251' title='bbox 745 2574 771 2592; x_wconf 86' lang='lat' dir='ltr'><strong>c.</strong></span> <span class='ocrx_word' id='word_1_252' title='bbox 863 2570 888 2592; x_wconf 81' lang='lat' dir='ltr'><strong>o.</strong></span> <span class='ocrx_word' id='word_1_253' title='bbox 917 2562 977 2593; x_wconf 74' lang='lat' dir='ltr'><strong>hau</strong></span> <span class='ocrx_word' id='word_1_254' title='bbox 1005 2574 1031 2593; x_wconf 84' lang='lat' dir='ltr'><strong>c.</strong></span> <span class='ocrx_word' id='word_1_255' title='bbox 1121 2562 1150 2592; x_wconf 88' lang='lat' dir='ltr'><strong>d.</strong></span> <span class='ocrx_word' id='word_1_256' title='bbox 1178 2562 1281 2602; x_wconf 78' lang='lat' dir='ltr'><strong>potius</strong></span> <span class='ocrx_word' id='word_1_257' title='bbox 1309 2563 1459 2593; x_wconf 74' lang='lat' dir='ltr'><strong>excidisse</strong></span> <span class='ocrx_word' id='word_1_258' title='bbox 1484 2563 1610 2593; x_wconf 77' lang='lat' dir='ltr'><strong>videtur.</strong></span> 
     </span>
     <span class='ocr_line' id='line_1_31' title="bbox 45 2615 871 2658; baseline -0.002 -10"><span class='ocrx_word' id='word_1_259' title='bbox 45 2625 71 2647; x_wconf 84' lang='lat' dir='ltr'><strong>e.</strong></span> <span class='ocrx_word' id='word_1_260' title='bbox 93 2616 254 2648; x_wconf 77' lang='lat' dir='ltr'><strong>inserenda</strong></span> <span class='ocrx_word' id='word_1_261' title='bbox 276 2615 331 2655; x_wconf 82' lang='lat' dir='ltr'><strong>(sc.</strong></span> <span class='ocrx_word' id='word_1_262' title='bbox 344 2615 542 2655; x_wconf 67' lang='lat' dir='ltr'><strong>praelatione)</strong></span> <span class='ocrx_word' id='word_1_263' title='bbox 565 2617 723 2658; x_wconf 74' lang='lat' dir='ltr'><strong>legendum</strong></span> <span class='ocrx_word' id='word_1_264' title='bbox 745 2615 871 2646; x_wconf 71' lang='lat' dir='ltr'><strong>videtur.</strong></span> 
     </span>
     <span class='ocr_line' id='line_1_32' title="bbox 140 2683 1606 2726; baseline 0 -4"><span class='ocrx_word' id='word_1_265' title='bbox 140 2687 173 2722; x_wconf 91' lang='lat'><strong>1.</strong></span> <span class='ocrx_word' id='word_1_266' title='bbox 198 2685 223 2722; x_wconf 89' lang='lat' dir='ltr'><strong>i.</strong></span> <span class='ocrx_word' id='word_1_267' title='bbox 241 2696 273 2722; x_wconf 87' lang='lat' dir='ltr'><strong>e.</strong></span> <span class='ocrx_word' id='word_1_268' title='bbox 298 2696 427 2722; x_wconf 80' lang='lat' dir='ltr'><strong>annos.</strong></span> <span class='ocrx_word' id='word_1_269' title='bbox 450 2685 647 2723; x_wconf 84' lang='lat' dir='ltr'><strong>Wibaldus</strong></span> <span class='ocrx_word' id='word_1_270' title='bbox 663 2685 760 2726; x_wconf 88' lang='lat' dir='ltr'><strong>enim</strong></span> <span class='ocrx_word' id='word_1_271' title='bbox 777 2695 874 2722; x_wconf 85' lang='lat' dir='ltr'><strong>anno</strong></span> <span class='ocrx_word' id='word_1_272' title='bbox 892 2685 986 2721; x_wconf 91' lang='lat'>1130</span> <span class='ocrx_word' id='word_1_273' title='bbox 1002 2683 1122 2721; x_wconf 82' lang='lat' dir='ltr'><strong>factus</strong></span> <span class='ocrx_word' id='word_1_274' title='bbox 1139 2688 1219 2722; x_wconf 81' lang='lat' dir='ltr'><strong>erat</strong></span> <span class='ocrx_word' id='word_1_275' title='bbox 1234 2684 1348 2722; x_wconf 86' lang='lat' dir='ltr'><strong>abbas</strong></span> <span class='ocrx_word' id='word_1_276' title='bbox 1365 2684 1606 2722; x_wconf 86' lang='lat' dir='ltr'><strong>Stabulensis.</strong></span> 
     </span>
    </p>
   </div>
   <div class='ocr_carea' id='block_1_6' title="bbox 43 2744 1606 2973">
    <p class='ocr_par' dir='ltr' id='par_1_10' title="bbox 43 2744 1606 2973">
     <span class='ocr_line' id='line_1_33' title="bbox 43 2744 1606 2791; baseline 0 -9"><span class='ocrx_word' id='word_1_277' title='bbox 43 2745 80 2782; x_wconf 80' lang='lat'><strong>2.</strong></span> <span class='ocrx_word' id='word_1_278' title='bbox 103 2755 127 2782; x_wconf 80' lang='lat' dir='ltr'><strong>a</strong></span> <span class='ocrx_word' id='word_1_279' title='bbox 148 2755 240 2782; x_wconf 87' lang='lat' dir='ltr'><strong>vero</strong></span> <span class='ocrx_word' id='word_1_280' title='bbox 263 2745 369 2782; x_wconf 81' lang='lat' dir='ltr'><strong>abest</strong></span> <span class='ocrx_word' id='word_1_281' title='bbox 392 2746 571 2791; x_wconf 83' lang='lat' dir='ltr'><strong>Pertzius,</strong></span> <span class='ocrx_word' id='word_1_282' title='bbox 595 2745 694 2782; x_wconf 87' lang='lat' dir='ltr'><strong>hune</strong></span> <span class='ocrx_word' id='word_1_283' title='bbox 719 2745 840 2781; x_wconf 82' lang='lat' dir='ltr'><strong>locum</strong></span> <span class='ocrx_word' id='word_1_284' title='bbox 866 2745 1041 2790; x_wconf 83' lang='lat' dir='ltr'><strong>supplens</strong></span> <span class='ocrx_word' id='word_1_285' title='bbox 1066 2744 1136 2780; x_wconf 86' lang='lat' dir='ltr'><strong>sic:</strong></span> <span class='ocrx_word' id='word_1_286' title='bbox 1169 2744 1384 2791; x_wconf 85' lang='lat' dir='ltr'><strong>„Conradus</strong></span> <span class='ocrx_word' id='word_1_287' title='bbox 1409 2755 1474 2781; x_wconf 85' lang='lat' dir='ltr'><strong>rex</strong></span> <span class='ocrx_word' id='word_1_288' title='bbox 1500 2771 1606 2782; x_wconf 91' lang='grc'><strong>.....</strong></span> 
     </span>
     <span class='ocr_line' id='line_1_34' title="bbox 43 2804 1606 2852; baseline 0 -11"><span class='ocrx_word' id='word_1_289' title='bbox 43 2804 249 2843; x_wconf 83' lang='lat' dir='ltr'><strong>dominicae</strong></span> <span class='ocrx_word' id='word_1_290' title='bbox 273 2805 476 2841; x_wconf 82' lang='lat' dir='ltr'><strong>nativitatis</strong></span> <span class='ocrx_word' id='word_1_291' title='bbox 485 2804 516 2841; x_wconf 87' lang='lat'><strong>“.</strong></span> <span class='ocrx_word' id='word_1_292' title='bbox 553 2805 622 2849; x_wconf 84' lang='lat' dir='ltr'><strong>Qui</strong></span> <span class='ocrx_word' id='word_1_293' title='bbox 648 2805 744 2841; x_wconf 89' lang='lat' dir='ltr'><strong>enim</strong></span> <span class='ocrx_word' id='word_1_294' title='bbox 770 2804 840 2841; x_wconf 87' lang='lat' dir='ltr'><strong>hoc</strong></span> <span class='ocrx_word' id='word_1_295' title='bbox 859 2804 941 2841; x_wconf 94' lang='grc'><strong>1060</strong></span> <span class='ocrx_word' id='word_1_296' title='bbox 958 2804 1104 2850; x_wconf 84' lang='lat' dir='ltr'><strong>signum</strong></span> <span class='ocrx_word' id='word_1_297' title='bbox 1122 2804 1242 2840; x_wconf 83' lang='lat' dir='ltr'><strong>erucis</strong></span> <span class='ocrx_word' id='word_1_298' title='bbox 1258 2804 1464 2850; x_wconf 88' lang='lat' dir='ltr'><strong>suscepisse</strong></span> <span class='ocrx_word' id='word_1_299' title='bbox 1481 2804 1606 2852; x_wconf 86' lang='lat' dir='ltr'><strong>fertur,</strong></span> 
     </span>
     <span class='ocr_line' id='line_1_35' title="bbox 45 2863 1606 2913; baseline 0.001 -13"><span class='ocrx_word' id='word_1_300' title='bbox 45 2864 201 2901; x_wconf 88' lang='lat' dir='ltr'><strong>eundem</strong></span> <span class='ocrx_word' id='word_1_301' title='bbox 224 2864 382 2911; x_wconf 85' lang='lat' dir='ltr'><strong>legimus</strong></span> <span class='ocrx_word' id='word_1_302' title='bbox 406 2867 491 2910; x_wconf 86' lang='lat' dir='ltr'><strong>post</strong></span> <span class='ocrx_word' id='word_1_303' title='bbox 513 2865 624 2910; x_wconf 79' lang='lat' dir='ltr'><strong>paulo</strong></span> <span class='ocrx_word' id='word_1_304' title='bbox 648 2864 788 2901; x_wconf 85' lang='lat' dir='ltr'><strong>Fuldae</strong></span> <span class='ocrx_word' id='word_1_305' title='bbox 819 2863 880 2900; x_wconf 88' lang='lat' dir='ltr'><strong>die</strong></span> <span class='ocrx_word' id='word_1_306' title='bbox 905 2864 951 2899; x_wconf 85' lang='lat'><strong>29</strong></span> <span class='ocrx_word' id='word_1_307' title='bbox 982 2863 1060 2899; x_wconf 87' lang='lat' dir='ltr'><strong>Ian.</strong></span> <span class='ocrx_word' id='word_1_308' title='bbox 1079 2863 1170 2899; x_wconf 80' lang='lat'>1147</span> <span class='ocrx_word' id='word_1_309' title='bbox 1196 2875 1218 2899; x_wconf 84' lang='lat' dir='ltr'><strong>a</strong></span> <span class='ocrx_word' id='word_1_310' title='bbox 1242 2863 1414 2901; x_wconf 86' lang='lat' dir='ltr'><strong>Wibaldo</strong></span> <span class='ocrx_word' id='word_1_311' title='bbox 1444 2865 1606 2913; x_wconf 86' lang='lat' dir='ltr'><strong>petiisse,</strong></span> 
     </span>
     <span class='ocr_line' id='line_1_36' title="bbox 44 2922 1350 2973; baseline 0 -12"><span class='ocrx_word' id='word_1_312' title='bbox 44 2926 87 2961; x_wconf 89' lang='lat' dir='ltr'><strong>ut</strong></span> <span class='ocrx_word' id='word_1_313' title='bbox 109 2934 259 2973; x_wconf 82' lang='lat' dir='ltr'><strong>„secum</strong></span> <span class='ocrx_word' id='word_1_314' title='bbox 285 2923 468 2964; x_wconf 81' lang='lat' dir='ltr'><strong>Romanas</strong></span> <span class='ocrx_word' id='word_1_315' title='bbox 493 2924 618 2971; x_wconf 84' lang='lat' dir='ltr'><strong>apices</strong></span> <span class='ocrx_word' id='word_1_316' title='bbox 642 2924 820 2964; x_wconf 87' lang='lat' dir='ltr'><strong>reviseret</strong></span> <span class='ocrx_word' id='word_1_317' title='bbox 829 2923 858 2961; x_wconf 81' lang='lat'><strong>⁴⁴.</strong></span> <span class='ocrx_word' id='word_1_318' title='bbox 896 2922 952 2962; x_wconf 83' lang='lat' dir='ltr'><strong>Of.</strong></span> <span class='ocrx_word' id='word_1_319' title='bbox 977 2922 1073 2963; x_wconf 83' lang='lat' dir='ltr'><strong>infra</strong></span> <span class='ocrx_word' id='word_1_320' title='bbox 1095 2933 1133 2973; x_wconf 87' lang='lat' dir='ltr'><strong>p.</strong></span> <span class='ocrx_word' id='word_1_321' title='bbox 1151 2923 1198 2960; x_wconf 85' lang='lat'><strong>54</strong></span> <span class='ocrx_word' id='word_1_322' title='bbox 1222 2927 1298 2963; x_wconf 86' lang='lat' dir='ltr'><strong>not.</strong></span> <span class='ocrx_word' id='word_1_323' title='bbox 1315 2924 1350 2964; x_wconf 81' lang='lat'><strong>3.</strong></span> 
     </span>
    </p>
   </div>
  </div>
 </body>
</html>
