1924 3288
317 208 404 252 388
822 221 1021 251 wmALm
1049 220 1269 252 nmerom
1299 222 1370 253 261.

199 317 293 354 1150
314 328 411 358 rum
428 317 674 373 provectum
693 314 1000 359 assurreximus
1020 318 1062 360 et
1080 315 1326 360 institimus.
1369 315 1497 360 Cuius
1517 315 1674 361 laboris
1693 316 1875 361 finctum

315 406 389 437 vos
419 393 465 436 in
484 395 720 436 vestrorum
749 391 1041 437 emolumentis
1064 396 1106 438 et
1125 394 1387 452 promotione
1407 394 1607 452 adeptum
1624 393 1874 451 iamfmes

314 470 425 514 inter
461 469 664 527 precipua
695 469 968 526 gratulamur.
1087 471 1374 517 Excellentiae
1401 485 1500 516 vero
1530 474 1696 517 vostrae
1724 476 1873 528 sugge-

314 548 468 604 rimus,
506 547 619 605 quod
647 547 882 593 Folcwinus
913 548 966 593 de
997 548 1279 594 Sualenberch
1314 550 1469 594 multas
1505 553 1549 594 et
1585 548 1746 607 amplas
1774 552 1873 607 pos-

315 626 520 670 sessiones
549 624 678 670 habet
706 640 732 670 a
762 625 1004 671 Corbeiensi
1033 627 1253 684 aecclesia,
1285 631 1329 672 et
1356 631 1446 672 tam
1474 627 1567 685 ipse
1597 640 1725 684 quam
1748 629 1874 685 ¹patei·

315 703 525 760 quondam
560 717 660 747 suus
690 702 964 749 widekindus
1001 703 1180 749 fideliter
1215 718 1264 749 ac
1292 705 1580 749 familiariter·
1609 703 1874 762 predecesso-

313 780 430 825 ribus
465 781 621 825 nostris
657 784 700 826 et
728 781 850 826 nobis
878 785 970 826 tum
998 786 1172 840 propter
1202 782 1462 827 vicinitatem
1489 785 1582 826 tum
1609 785 1789 840 propter.
1808 781 1875 827 in·-

315 858 520 902 dustriam
550 872 671 903 suam
700 859 857 904 servire
887 863 1203 904 consueverunt.
1244 860 1425 905 Veniens
1445 859 1574 916 igitur
1593 859 1648 903 ad
1665 872 1742 904 nos
1761 859 1876 904 idem

313 935 583 992 F(olcwinus)
613 940 710 995 post
727 937 910 981 reditum
929 940 1120 981 nostrum
1140 951 1166 982 a
1185 937 1303 982 curia
1314 934 1337 994 ¹,
1368 951 1539 994 gravem
1559 936 1772 995 querelam
1789 950 1875 982 non

314 1013 451 1059 solum
483 1014 605 1059 nobis
636 1018 701 1060 set
729 1014 937 1059 universis
969 1015 1175 1072 episcopis
1208 1015 1390 1060 Saxonis
1420 1018 1462 1060 et
1493 1015 1586 1059 aliis
1615 1013 1875 1073 principibu

315 1091 510 1150 deposuit
545 1092 597 1137 de
633 1093 802 1137 domino
833 1095 876 1136 et
904 1095 1026 1150 patre
1055 1095 1199 1136 nostro
1230 1092 1459 1138 venerabili
1487 1092 1764 1148 B(ernliardo)
1794 1091 1876 1136 Par·

314 1169 608 1214 therburnensi
628 1171 844 1228 episcopo:
876 1170 1000 1227 quod,
1031 1183 1127 1214 cum
1147 1171 1340 1215 dominus
1369 1174 1411 1216 et
1431 1170 1651 1229 episcopus
1671 1172 1715 1215 et
1731 1172 1876 1228 putor

315 1249 479 1293 animae
507 1248 642 1306 ipsius
673 1249 840 1304 existat,
873 1261 969 1292 eum
998 1247 1051 1292 de
1081 1247 1182 1292 ovili
1212 1251 1254 1292 et
1284 1248 1336 1293 de
1357 1262 1483 1304 grege
1503 1262 1578 1292 suo
1599 1247 1878 1306 sequestravit

315 1329 358 1370 et
388 1326 523 1371 alieno
552 1326 706 1370 iudicio
737 1329 883 1370 contra
912 1329 1283 1382 canonesseontra
1301 1325 1428 1382 leges,
1460 1329 1606 1370 contra
1622 1336 1784 1370 morem
1803 1339 1876 1371 ex·-

314 1403 475 1461 posuit;
506 1417 602 1448 cum
632 1417 678 1448 se
698 1407 858 1448 asserat
875 1406 1023 1447 natum
1045 1406 1087 1448 et
1105 1406 1298 1447 renatum
1319 1406 1362 1447 et
1381 1402 1624 1448 sinodaliter
1643 1403 1876 1448 subiectum

314 1479 689 1526 Patherburnensis
728 1481 974 1536 aecclesiae3
1013 1483 1056 1525 et
1092 1494 1267 1525 uxorem
1303 1480 1444 1539 potius
1483 1480 1529 1524 in
1565 1494 1642 1525 sua
1676 1481 1772 1525 iura
1798 1494 1877 1539 per

314 1559 632 1603 matrimonium
674 1559 856 1604 transire
902 1573 1028 1616 quam
1065 1558 1206 1616 ipsum
1245 1559 1291 1602 in
1326 1558 1507 1603 feminae
1543 1557 1657 1614 leges
1692 1558 1875 1614 migrare

314 1636 527 1691 debuisse3
566 1640 609 1681 et
639 1637 675 1698 si
705 1637 888 1681 coniunx
918 1650 1002 1680 non
1033 1640 1164 1693 esset,
1202 1639 1345 1680 tamen
1375 1636 1429 1680 ad
1464 1635 1603 1680 forum
1636 1636 1701 1681 rei
1727 1636 1874 1694 pocius

315 1727 442 1771 quam
481 1714 535 1758 ad
571 1715 764 1772 petitoris
796 1715 865 1771 agi
896 1714 1143 1772 oportuisse.
1205 1713 1336 1758 Porro
1367 1713 1418 1758 de
1448 1716 1590 1758 vestra
1617 1713 1876 1759 sublimitate

313 1791 448 1836 multa
476 1796 726 1849 conquestus
757 1796 834 1848 est,
865 1792 990 1849 quod,
1022 1805 1118 1836 cum
1145 1792 1192 1836 in
1221 1805 1349 1836 causa
1377 1791 1510 1850 ipsius
1540 1791 1669 1836 iudex
1696 1790 1874 1848 fueritis,

313 1869 448 1914 multa
485 1873 527 1914 et
554 1870 600 1914 in
630 1869 773 1914 multis
804 1870 1051 1926 gravamina
1080 1870 1136 1914 sit
1164 1883 1389 1927 perpessus
1420 1872 1483 1926 et,
1523 1869 1624 1914 dum
1652 1883 1698 1914 se
1727 1869 1782 1914 ad
1809 1868 1873 1914 iu-

314 1947 480 1992 sticiam
517 1948 805 2005 exequendam
842 1951 1016 2006 paratus
1056 1950 1168 1992 esset
1205 1947 1422 2004 exhibere,
1462 1947 1515 1992 ab
1545 1946 1720 1992 annatis
1747 1946 1875 1993 fuerit

314 2025 484 2069 invasus
523 2028 566 2070 et
601 2028 690 2070 tam
719 2026 832 2070 vitae
869 2039 997 2082 quam
1033 2025 1204 2070 honoris
1241 2025 1309 2069 sui
1344 2024 1580 2082 periculum
1604 2024 1870 2070 sustinuerit.

314 2101 400 2147 Nos
419 2102 576 2160 itaque,
605 2102 791 2148 adhibito
811 2103 1081 2160 prudentium
1102 2116 1151 2147 ac
1169 2102 1461 2159 religiosorum
1479 2102 1677 2148 virorum.
1685 2101 1872 2159 oonsilio,

315 2181 553 2238 exasperati
584 2180 714 2224 animi
742 2183 950 2225 tumorem
981 2180 1157 2225 delinire
1188 2183 1231 2225 et
1260 2193 1508 2238 componere
1537 2180 1792 2236 studuimus,
1826 2182 1876 2224 ut

315 2257 588 2303 christianam
625 2257 905 2303 humilitatem
941 2259 1148 2317 reciperet
1186 2261 1228 2302 et
1263 2258 1424 2315 legibus
1461 2257 1613 2303 divinis
1644 2271 1694 2302 ac
1721 2256 1874 2303 vestris

316 2338 359 2380 et
402 2335 469 2380 sui
513 2335 700 2394 episcopi
739 2336 948 2380 mandatis
986 2337 1161 2381 devotus
1198 2336 1516 2394 obtemperaret.
1586 2335 1706 2388 Quod
1743 2347 1874 2392 usque

316 2412 433 2470 ade0,
464 2412 554 2458 Deo
586 2416 872 2471 prosperante,
902 2417 1142 2472 promotum
1172 2416 1250 2470 est,
1280 2417 1328 2458 ut
1351 2413 1518 2458 domino
1537 2416 1681 2458 nostro
1700 2411 1874 2457 Pather·

314 2490 516 2550 burnensi
554 2490 749 2548 episcopo
779 2490 900 2535 iuxta
929 2491 1150 2536 consilium
1178 2494 1369 2536 nostrum
1398 2490 1638 2535 obedienter
1667 2492 1710 2535 et
1736 2489 1873 2534 humi-

314 2566 411 2612 liter
447 2567 500 2612 de
530 2568 645 2612 omni
673 2569 1003 2614 murmuratione
1035 2573 1077 2614 et
1106 2568 1286 2627 quadam
1317 2568 1436 2626 quasi
1464 2567 1709 2624 rebellione,
1748 2580 1874 2624 quam

316 2645 517 2690 adversus
546 2645 687 2704 ipsum
715 2644 932 2702 habuerat,
963 2646 1224 2691 satisfaceret
1253 2649 1296 2691 et
1324 2645 1379 2706 ad
1405 2644 1726 2703 promerendam
1752 2643 1872 2689 abso-

313 2721 518 2767 lutionem
553 2725 679 2780 atque
710 2722 764 2767 ad
793 2723 1078 2780 recipiendam
1106 2737 1223 2768 more
1253 2722 1479 2767 christiano
1508 2721 1740 2778 legitimam
1763 2734 1872 2766 uxo-

314 2813 406 2845 rem
434 2800 665 2845 festinaret·
713 2798 895 2845 Proinde
918 2801 1201 2846 venerabilem
1230 2800 1350 2845 nobis
1380 2798 1668 2844 celsitudinem
1688 2802 1871 2844 vestram

411 2915 439 2938 a.
465 2900 620 2939 fnmsshlif
637 2917 663 2937 c.

410 2965 444 3001 1.
467 2966 554 3010 post
575 2963 667 3010 Apr.
683 2963 742 3001 20.
775 2963 823 3001 V.
846 2973 905 3010 ep.
922 2963 991 3000 251
1015 2974 1127 3010 supra
1149 2973 1187 3010 p.
1204 2963 1275 3000 374
1297 2974 1333 3000 n.
1354 2963 1390 3000 3.
