1924 3288
273 164 362 206 364
698 222 703 230 Ι
777 175 974 206 wmALm
1003 175 1222 207 EPISTOLA
1252 177 1323 207 243.

157 273 247 309 1149
273 270 419 314 bardia
437 273 534 328 post
555 271 713 315 exitum
736 273 927 313 nostrum
957 283 983 313 a
1011 270 1128 314 vobis
1159 284 1329 316 manere
1357 275 1399 316 et
1424 273 1632 330 promissa
1648 274 1829 333 implens

165 323 238 363 Apr

273 348 549 404 nequivimus,
580 361 656 404 pro
687 347 835 403 quibus
858 347 911 390 ad
930 351 1071 404 partes
1092 348 1341 393 Alamannie
1361 350 1496 395 modis
1526 351 1724 397 omnibus
1746 366 1827 398 nos

270 440 509 484 properare,
547 425 647 468 ordo
679 425 847 481 quidem
876 439 1018 469 rerum
1049 429 1091 469 et
1120 426 1287 484 imperii
1316 428 1451 471 nostri
1480 428 1637 473 clamor
1666 429 1720 473 ad
1746 443 1823 475 nos

270 518 400 562 usque
430 503 615 561 perlatus
646 516 730 546 non
762 502 917 560 absque
947 503 1151 559 gravioris
1182 504 1345 548 consilii
1374 505 1537 551 ratione
1566 507 1809 563 persuasit-..2

389 581 623 637 Siquidem,
670 584 717 624 ut
754 583 828 624 tua
873 581 1081 638 sapientia
1115 582 1299 639 perfecte
1336 583 1476 639 novit,
1521 583 1715 629 dominus
1750 583 1824 630 ille

268 659 456 716 Welpho,
490 659 581 715 qui⁸
602 659 668 702 vir
697 672 874 714 magnae
903 654 1134 702 nobilitatis
1165 662 1207 703 et
1227 661 1439 717 potentiae
1467 661 1513 704 in
1531 675 1660 717 regno
1679 665 1822 707 nostro

268 738 444 781 habetur
465 761 519 766 -
541 750 676 793 neque
694 735 789 791 fide,
813 749 895 792 qua
916 750 1011 780 eum
1030 737 1075 780 in
1096 740 1283 781 extrema
1303 739 1551 783 necessitate
1573 739 1821 797 adiuvimus,

267 829 400 871 neque
429 813 659 870 beneficiis,
692 814 842 870 quibus
873 828 969 857 eum
999 815 1214 858 commode
1246 816 1461 871 auximus,
1492 816 1633 874 aliqua
1659 818 1822 863 ratione

267 892 542 936 commonitus
581 916 636 922 —
675 905 752 949 per
790 891 944 948 Sicylie
981 887 1207 949 tyrannum
1245 907 1271 936 a
1307 893 1596 938 Hierosolimis
1640 895 1822 940 reditum

266 971 412 1014 habuit
443 973 504 1026 et,
537 973 708 1027 accepta
736 983 821 1012 non
851 983 984 1026 parva
1011 969 1144 1027 ipsius
1175 970 1322 1014 infami
1350 972 1547 1028 pecunia,
1577 985 1654 1029 per
1682 986 1821 1018 sacra·-

266 1051 408 1093 menta
428 1051 470 1092 et
489 1061 566 1105 per
586 1047 750 1091 obsides
773 1047 812 1090 ei
831 1046 1034 1102 firmavit,
1068 1048 1178 1103 quod
1206 1061 1283 1092 nos
1315 1052 1357 1092 et
1385 1052 1552 1100 nostros
1571 1053 1614 1094 et
1630 1054 1821 1099 nostrum

265 1126 488 1183 imperium
513 1125 759 1183 perturbare
783 1128 824 1168 et
847 1125 1047 1168 infestare
1066 1125 1201 1168 modis
1224 1126 1416 1170 omnibus
1435 1126 1656 1172 laboraret.
1688 1128 1821 1187 Quod,

263 1207 485 1261 postquam
506 1203 561 1247 ad
579 1203 754 1261 propria
772 1202 910 1258 rediit,
942 1203 1147 1246 adiunctis
1172 1203 1252 1247 sibi
1278 1203 1526 1260 quibusdam
1545 1204 1717 1262 perfidis
1735 1219 1820 1251 non

263 1282 384 1339 parvi
416 1284 518 1339 aput
536 1294 613 1324 nos
633 1281 836 1324 momenti
857 1280 921 1324 eth
943 1281 1136 1336 nominiS,
1167 1281 1374 1325 instanter
1394 1282 1532 1326 facere
1557 1284 1682 1341 cepit,
1710 1283 1819 1329 filios
1895 1287 1900 1291 “

263 1362 428 1402 nostros
441 1356 464 1414 ¹,
495 1361 589 1402 tuos
619 1359 765 1414 utique
784 1361 956 1415 nepotes
979 1358 1286 1402 amantissimos
1317 1362 1359 1402 et
1386 1359 1519 1404 bonae
1539 1361 1629 1419 spei
1657 1361 1818 1420 plenos,

262 1436 497 1480 invadendo
520 1439 561 1479 et
579 1435 626 1479 in
647 1439 760 1479 terra
778 1435 979 1492 ipsorum,
998 1449 1103 1492 quae
1123 1435 1206 1479 illis
1230 1437 1475 1493 patrimonii
1493 1438 1585 1482 iure
1605 1439 1816 1498 competit,

262 1514 434 1558 inimica
454 1513 632 1570 quedam
652 1512 823 1556 castella
841 1511 1082 1556 edificando.
1114 1513 1204 1556 Hoc
1217 1513 1346 1569 igitur
1364 1517 1452 1557 tam
1468 1516 1620 1559 atrocis
1635 1516 1698 1560 rei
1710 1530 1816 1561 nun-

263 1592 326 1635 cio
359 1595 542 1648 accepto,
571 1603 665 1634 cum
685 1590 811 1645 fama,
842 1590 920 1632 ut
908 1603 953 1632 m
973 1590 1127 1634 talibus
1147 1590 1238 1634 fieri
1261 1591 1379 1647 solet,
1410 1593 1552 1636 omnia
1570 1593 1615 1636 in
1636 1593 1817 1640 deterius

262 1668 574 1726 multiplicaret,
595 1668 813 1726 prevenire
829 1670 979 1711 cuncta
994 1671 1036 1726 et
1055 1668 1328 1725 comprimere
1348 1671 1670 1726 maturavimus3
1693 1674 1818 1742 atque

169 1761 239 1792 Mai.
264 1747 316 1790 ad
346 1750 488 1804 partes
518 1745 794 1789 Alamanniae
825 1745 961 1788 subito
993 1748 1037 1788 et
1063 1745 1291 1802 improviso
1319 1747 1500 1791 adventu
1523 1749 1784 1795 accessimus.

381 1824 495 1867 Dum
523 1823 664 1880 itaque
695 1823 740 1865 in
770 1822 1066 1879 componendis
1104 1826 1146 1866 et
1182 1824 1381 1880 pacandis
1413 1826 1603 1870 omnibus
1641 1826 1816 1883 diligen·-

163 1920 238 1959 Aug,
263 1902 366 1946 tiam
398 1901 655 1956 adhibemus,
685 1903 806 1943 tanta
834 1913 910 1943 nos
940 1899 1162 1944 infirmitas
1193 1901 1421 1959 corporalis
1451 1903 1495 1946 in
1524 1903 1607 1948 fine
1635 1904 1816 1960 Augusti

135 1989 227 2025 1150
261 1979 417 2024 mensis
447 1978 614 2034 invasit,
648 1980 694 2021 ut
723 1991 854 2036 usque
885 1977 938 2020 ad
957 1977 1114 2035 pascha
1134 1976 1328 2023 Domini²
1349 1980 1608 2036 gravioribus
1632 1982 1814 2038 negociis

114 2039 185 2078 Apr.
201 2039 240 2070 16

262 2058 333 2101 vix
371 2056 494 2100 utiles
532 2069 622 2100 esse
658 2068 888 2113 possemus.

379 2134 496 2178 Intra
538 2133 648 2190 quod
695 2133 896 2190 temporis
941 2132 1149 2190 spacium,
1197 2147 1293 2178 cum
1337 2148 1520 2179 essemus
1563 2136 1609 2180 in
1645 2137 1814 2182 civitate

117 2228 202 2259 Febr.
218 2228 236 2259 s
262 2212 386 2270 Spira
406 2211 460 2255 ad
489 2210 675 2254 iusticias
704 2210 823 2265 regni
843 2210 1054 2254 faciendas
1077 2214 1119 2254 et
1139 2211 1192 2255 ad
1213 2212 1443 2256 exercenda
1460 2213 1627 2270 publica
1645 2214 1813 2272 iudicia,

260 2289 573 2347 prenominatus
604 2286 779 2345 Welpho
811 2301 904 2331 cum
935 2288 1174 2332 dulcissimo
1205 2287 1313 2333 filio⁰
1343 2293 1507 2345 nostro,
1544 2292 1616 2334 tuo
1646 2295 1811 2349 nepote,

262 2367 392 2411 bonae
421 2365 573 2410 indolis
600 2365 685 2409 iam
707 2364 1025 2421 adolescentulo,
1047 2366 1101 2409 ad
1112 2366 1290 2410 Romani
1309 2367 1475 2425 imperii
1493 2367 1707 2423 fastigium
1721 2369 1811 2414 Deo

262 2448 429 2489 auctore
458 2457 534 2501 per
562 2457 638 2487 nos
670 2445 712 2486 et
740 2443 951 2500 principes
982 2446 1148 2487 nostros
1179 2448 1396 2500 coronato,
1434 2458 1564 2502 prope
1594 2445 1811 2491 castellum

261 2525 451 2566 nostrum
488 2516 766 2578 Flochperhc⁸
804 2520 891 2564 acie
928 2525 1120 2565 conserta
1153 2521 1386 2577 dimicavit3
1424 2522 1516 2578 ubi,
1554 2536 1630 2567 nos
1668 2523 1812 2568 divina

261 2602 505 2657 protegente
524 2597 823 2653 misericordia,
855 2612 1027 2641 suorum·
1054 2598 1198 2643 multis
1227 2602 1315 2643 tam
1345 2599 1444 2644 cede
1464 2613 1589 2656 quam
1618 2600 1811 2659 captione

262 2677 440 2733 amissis,
472 2676 606 2720 noctis
635 2674 833 2720 beneficio
865 2676 1043 2732 adiutus,
1075 2676 1146 2719 vix
1178 2677 1321 2720 evasit.

356 2775 383 2796 a..
411 2766 463 2805 qui
484 2765 604 2796 addidi.
688 2764 718 2795 b.
745 2765 776 2794 et
797 2765 827 2794 et
848 2776 873 2794 c.
956 2775 981 2795 c.
1011 2765 1074 2796 filio
1097 2766 1218 2797 addidi.

357 2824 388 2859 1.
420 2822 632 2860 Heinricum
665 2831 788 2868 regem
817 2824 855 2858 et
878 2821 1116 2859 Fridericum.
1211 2824 1246 2859 2.
1279 2822 1303 2859 i.
1324 2833 1356 2859 e.
1386 2821 1434 2859 ab
1458 2826 1614 2860 exeunte
1637 2823 1807 2871 Augusto

263 2894 295 2918 a.
321 2882 408 2918 1149
432 2882 479 2918 ad
503 2881 539 2918 d.
559 2881 603 2918 16
627 2880 765 2927 Aprilis
788 2891 821 2917 a.
841 2882 942 2917 1150.
981 2881 1036 2919 Of.
1061 2893 1171 2928 supra
1193 2892 1284 2927 eam,
1309 2891 1402 2928 quae
1426 2892 1474 2917 m.
1494 2882 1691 2919 Februario
1717 2883 1808 2920 1150

268 2941 404 2989 scripta
427 2944 494 2988 est,
518 2951 577 2987 ep.
594 2940 662 2978 237
687 2950 724 2986 p.
740 2939 810 2976 356
834 2950 869 2976 11.
887 2940 922 2976 3.
1017 2942 1050 2978 3.
1076 2940 1282 2987 Floehberg
1304 2951 1416 2987 prope
1438 2941 1676 2988 Nordlingen.
