1924 3288
587 191 787 223 wmALm
815 190 1035 223 nrrs'rom
1065 190 1136 222 224.
1557 177 1644 221 343

86 304 203 352 224.
229 305 446 364 Euqenius
475 304 549 349 ΠΙ
570 320 694 363 papa
724 306 940 363 praelatos
974 305 1175 349 Poloniae
1210 302 1490 362 reprehendit,
1535 304 1648 362 quod

231 384 691 429 excommunicationem
713 390 751 426 et
767 384 1039 437 interdictum,
1064 398 1091 426 a
1109 397 1183 425 suo
1204 382 1337 440 leqato
1356 382 1402 424 in
1430 380 1647 425 Wladislai

229 461 346 506 ducis
375 462 634 506 adversarios
657 461 842 519 prolata,
873 476 958 504 non
988 461 1298 504 observaverint.
1436 457 1509 512 (Μ.
1527 459 1645 513 222.)

198 550 412 608 Eugenius
443 551 663 609 episcopus
694 563 839 594 servus
871 563 1087 594 servorum
1117 549 1199 593 Dei
1223 548 1532 594 venerabilibus
1560 549 1646 593 fra-

79 629 214 676 tribus
245 628 570 687 archiepiscopis
601 627 808 686 episcopis
842 630 884 672 et
914 627 1008 672 aliis
1040 627 1336 672 aecclesiarum
1365 627 1540 685 prelatis
1568 641 1646 685 per

79 707 298 753 Poloniam
326 707 566 752 constitutis
596 706 775 750 salutem
805 709 848 751 et
877 705 1150 763 apostolicam
1180 705 1525 749 benedictionem.

198 785 318 838 Quod
346 798 421 830 vos
458 784 760 829 benedictionis
791 783 973 841 alloquio
1004 784 1256 839 salutamus,
1294 797 1379 827 non
1411 797 1464 827 ex
1492 783 1645 828 vestris

79 863 243 909 meritis
272 862 386 920 fieri,
423 866 488 907 set
518 877 569 907 ex
602 861 855 920 apostolicae
885 862 996 906 sedis
1026 862 1284 918 benignitate
1314 861 1507 906 credatis.
1571 860 1647 905 Sui

80 941 194 987 enim
231 940 355 986 debet
389 940 560 985 honoris
599 940 743 984 dolore
781 940 1015 998 prosterni,
1056 939 1245 997 quisquis
1276 939 1517 997 apostolicis
1548 952 1646 983 oon-

79 1021 263 1079 tempnit
291 1019 460 1065 obedire
489 1018 713 1063 mandatis.
773 1018 861 1062 Nos
888 1019 1115 1075 siquidem,
1146 1032 1224 1076 pro
1254 1018 1389 1061 nostri
1419 1016 1546 1061 officii
1575 1017 1646 1061 de-

79 1099 167 1144 bito
198 1099 250 1143 de
269 1101 412 1142 vestra
442 1101 484 1142 et
512 1096 659 1155 populi
679 1097 797 1142 vobis
822 1097 1035 1141 commissi
1055 1096 1212 1141 salute⁵
1233 1095 1415 1152 solliciti,
1448 1095 1646 1140 dilectum

79 1176 214 1221 filium
241 1179 433 1221 nostrum
454 1174 722 1230 G(uidonem)
753 1179 922 1220 sanctae
951 1175 1165 1219 Romanae
1195 1174 1394 1219 ecclesiae
1425 1174 1647 1218 diaconum

80 1251 359 1300 cardinalem¹
388 1254 442 1298 ad
470 1256 612 1311 partes
632 1256 795 1298 vestras
826 1253 928 1297 olim
957 1253 1203 1308 direximus,
1234 1255 1283 1296 ut
1307 1255 1349 1296 et
1367 1265 1516 1309 pacem
1535 1252 1647 1296 inter

79 1332 387 1388 Wssadislaum)
414 1332 562 1376 ducem
585 1335 627 1376 et
646 1331 797 1376 fratres
819 1332 908 1376 eius
930 1331 1160 1376 auxiliante
1179 1330 1362 1375 Domino
1383 1329 1646 1387 reformaret,

80 1415 124 1457 et
153 1410 460 1456 aecclesiastica
488 1410 670 1466 negotia,
702 1413 904 1468 tanquam
935 1409 1188 1467 apostolicae
1219 1409 1331 1453 sedis
1352 1408 1529 1464 legatus,
1560 1411 1646 1452 tra-

79 1492 224 1535 ctaret.
285 1488 385 1546 Qui,
424 1489 534 1533 sicut
571 1501 597 1532 a
633 1488 755 1532 nobis
784 1489 1033 1532 mandatum
1064 1490 1302 1545 acceperat,
1341 1489 1528 1545 partem,
1566 1500 1647 1543 que

78 1567 215 1612 noluit
250 1567 339 1612 eius
376 1566 548 1611 monitis
584 1566 775 1623 obedire,
816 1569 858 1611 et
889 1580 980 1623 eos,
1020 1566 1091 1623 qui
1123 1565 1311 1610 eiusdem
1341 1564 1458 1609 ducis
1489 1567 1647 1608 terram

80 1646 282 1702 detinent,
313 1645 754 1690 excommunicationis
774 1645 941 1689 vinculo
971 1644 1204 1700 innodavit,
1236 1646 1278 1687 et
1303 1643 1349 1686 in
1369 1646 1483 1687 terra
1502 1643 1648 1687 divina

79 1723 295 1783 prohibuit
323 1722 462 1768 officia
491 1723 704 1768 celebrari.
745 1723 832 1767 Vos
853 1726 1007 1778 autem,
1038 1723 1147 1766 sicut
1167 1722 1416 1779 accepimus,
1447 1721 1647 1777 quoniam

79 1802 159 1847 hoc
195 1815 291 1847 eum
328 1815 380 1846 ex
420 1801 617 1845 mandato
656 1804 800 1845 nostro
837 1814 924 1844 non
961 1800 1112 1844 fecisse
1147 1800 1357 1855 asseritis,
1395 1800 1646 1843 sententiam

79 1881 218 1938 ipsam
247 1879 422 1923 minime
453 1878 696 1923 observatis.
747 1877 854 1930 Quia
873 1891 972 1922 vero
1002 1878 1095 1935 ipse
1124 1877 1204 1922 hoc
1232 1880 1377 1921 nostro
1407 1877 1508 1922 fecit
1525 1891 1646 1921 man-

81 1958 202 2014 dato,
242 1971 318 2002 nos
359 1960 448 2001 tam
485 1956 926 2000 excommunicationis
964 1970 1091 2013 quam
1127 1955 1341 2000 interdicti
1378 1956 1644 2012 sententiam,

81 2037 190 2081 sicut
219 2035 271 2080 ab
301 2035 394 2093 ipso
425 2035 526 2078 data
549 2038 625 2090 est,
655 2037 793 2078 ratam
812 2034 1029 2091 habemus,
1061 2037 1104 2078 et
1131 2036 1180 2077 ut
1199 2047 1274 2078 vos
1302 2046 1395 2078 eam
1415 2033 1644 2078 observetis

81 2118 124 2160 et
151 2114 316 2158 faciatis
343 2111 521 2157 firmiter
541 2112 769 2168 observari,
800 2113 1070 2170 precipimus.
1119 2112 1183 2156 Tu
1204 2125 1317 2167 ver0,
1347 2111 1480 2155 frater
1510 2111 1644 2156 archi-

82 2192 298 2250 episcope,
338 2191 406 2235 cui
434 2191 514 2234 hoc
544 2204 597 2234 ex
627 2190 768 2235 debito
798 2191 861 2234 tui
891 2189 1019 2235 officii
1047 2190 1316 2248 potissimum
1344 2190 1559 2246 imminet,
1597 2194 1645 2234 ut

80 2269 385 2315 inexcusabiles
422 2269 526 2324 sint,
567 2268 760 2312 omnibus
799 2267 1072 2324 suffraganeis
1111 2268 1195 2312 tuis
1226 2271 1269 2312 et
1299 2267 1393 2312 aliis
1424 2268 1644 2312 aecclesia-

80 2362 177 2394 rum
206 2347 380 2406 prelatis
411 2346 636 2391 denuncies
667 2349 710 2391 et
740 2347 992 2391 sententiam
1021 2347 1159 2404 ipsam
1186 2345 1365 2390 firmiter
1385 2346 1580 2390 observes
1603 2350 1644 2390 et

81 2427 211 2471 facias
243 2425 475 2480 observari3
509 2425 688 2468 sciturus
719 2424 831 2480 quia,
863 2425 900 2467 si
930 2424 1023 2481 quis
1053 2428 1241 2468 vestrum
1271 2424 1448 2468 eandem
1470 2426 1644 2468 *senten-

82 2504 188 2548 tiam
218 2503 440 2548 observare
469 2502 664 2558 noluerit,
694 2502 807 2546 beati
829 2501 944 2546 Petri
974 2506 1017 2547 et
1045 2506 1213 2547 sanctae
1242 2502 1457 2546 Romanae
1488 2501 1643 2546 aeccle-

83 2582 170 2626 siae
199 2595 284 2625 non
315 2580 484 2637 effugiet
513 2580 728 2624 ultionem.
790 2579 904 2624 Data
931 2579 1130 2625 Laterani
1165 2583 1219 2624 10
1246 2580 1338 2624 Kal.
1370 2579 1601 2624 Februarii.

179 2699 206 2720 a.
234 2689 331 2720 salute
351 2688 504 2719 commissi
525 2700 550 2719 c.

178 2753 210 2789 1.
237 2752 274 2789 S.
291 2753 427 2790 Mariae
449 2753 487 2789 in
511 2751 668 2798 porticu.

1684 555 1777 591 1150

1669 605 1731 636 lan.
1748 606 1787 635 23
