1924 3288
514 203 713 236 wmALm
742 203 992 237 6116101116
1022 203 1093 235 383.
1117 202 1189 235 384.
1546 192 1635 237 515

104 325 107 330 ·
183 295 286 344 Dux
301 297 513 343 Bertolfus
543 299 714 344 habebit
742 313 839 344 cum
869 299 1022 344 domno
1044 312 1143 355 rege
1162 297 1280 343 1111116
1299 297 1496 344 loricatos
1519 300 1636 356 equi·
1659 302 1754 340 1152

65 377 157 432 tce,
176 376 377 433 quamdiu
406 377 584 421 domnus
615 391 692 422 rex
720 378 766 421 in
797 378 955 422 eisdem
984 377 1109 422 terris
1139 377 1279 422 fuerit.
1378 377 1428 422 In
1447 377 1637 422 Italicam
1659 354 1757 425 Ιῖῗιῗθι

67 453 379 512 expeditionem
409 455 534 500 ducet
562 467 659 500 cum
692 455 845 500 domno
876 469 994 512 rege,
1034 455 1236 512 quamdiu
1264 455 1310 499 in
1338 455 1434 513 ipsa
1464 456 1636 514 expedi-

65 531 183 577 tione
208 532 350 590 fuerit,
382 533 632 590 quingentos
661 532 859 578 loricatos
892 534 1053 590 equites
1077 538 1119 578 et
1142 533 1446 590 quinquaginta
1465 534 1638 578 arcoba-

64 608 262 655 listarios.
382 611 440 655 Et
477 610 588 668 quod
625 611 712 654 dux
749 611 853 656 haec
892 613 1034 656 omnia
1072 611 1312 656 observabit
1347 611 1438 656 sine
1469 611 1564 656 dolo
1597 615 1639 656 et

65 687 158 734 tine
182 688 344 746 fraude,
375 689 493 733 dabit
513 689 667 733 domno
687 689 779 745 regi
798 690 844 733 in
863 690 1039 746 pignore
1059 689 1262 733 aHodium
1283 703 1420 746 suum,
1452 693 1637 735 castrum

65 765 228 812 scilicet
246 764 457 812 Thecche¹
486 780 584 811 cum
614 767 806 811 omnibus
837 768 1185 812 ministerialibus
1217 771 1260 811 et
1289 767 1448 825 prediis
1479 768 1638 813 ibidem

64 845 393 903 pertinentibus,
430 842 695 901 Hetlingen²,
734 841 985 901 Wilhggen³
1021 849 1064 890 et
1091 843 1286 890 Ε1616111’ι
1316 859 1411 890 611111
1444 846 1637 891 omnibus

66 936 210 968 eorum
239 923 519 981 pertinentiis,
638 923 696 968 Et
726 924 839 980 quod
867 924 954 968 dux
982 924 1087 968 haee
1118 925 1260 969 omnia
1289 925 1543 981 observabit,
1574 925 1639 968 iu-

65 1004 268 1047 raverunt
297 1001 488 1046 homines
519 1002 586 1046 sui
614 1001 882 1046 Burchardus
913 1005 956 1047 et
985 1001 1254 1047 Wernherus.

183 1079 374 1124 Domnus
415 1083 556 1124 autem
592 1094 669 1124 rex
707 1080 1022 1138 expeditionem
1058 1081 1104 1124 in
1138 1081 1351 1138 predictas
1382 1084 1518 1124 terras
1549 1093 1639 1124 mo-

66 1157 182 1203 vebit
217 1170 244 1202 a
280 1158 487 1215 proximis
525 1157 726 1203 Kalendis
763 1158 895 1215 Iunii,
938 1172 1046 1215 quae
1084 1162 1184 1203 sunt
1219 1159 1265 1203 in
1304 1158 1535 1204 indictione
1570 1159 1638 1214 15,

65 1235 178 1281 infra
207 1233 400 1280 annum‘.

70 1407 187 1457 384.
212 1409 425 1454 Wbaldus
462 1425 554 1453 oum
583 1409 800 1453 Friderico
829 1410 860 1453 I
887 1425 983 1468 φερε
1022 1411 1074 1454 de
1111 1412 1269 1454 iniuria
1301 1426 1327 1454 a
1358 1410 1570 1453 Folcwino
1603 1418 1643 1453 et

209 1488 451 1532 widekindo
482 1489 560 1531 sibi
588 1489 707 1531 illata
739 1490 935 1547 quericwr.
1422 1486 1495 1542 (M.
1520 1487 1639 1541 359.)

185 1576 335 1622 Inclito
369 1577 670 1635 triumphatori
704 1590 753 1621 ac
783 1577 1050 1621 serenissimo
1083 1576 1251 1621 domino
1283 1590 1359 1621 suo
1389 1576 1639 1632 F(riderico)
1671 1584 1764 1640 1152

67 1654 150 1700 Dei
179 1655 318 1712 gratia
339 1655 521 1711 glorioso
541 1655 827 1699 Romanorum
846 1655 1094 1713 imperatori
1115 1658 1291 1711 augusto
1311 1655 1444 1699 frater
1463 1654 1640 1710 W(ibal-
1662 1633 1718 1664 ω’
1731 1643 1772 1664 m.

69 1722 163 1789 dus)
194 1733 277 1778 Dei
306 1733 444 1790 gratia
472 1733 538 1789 id,
579 1733 689 1791 quod
720 1736 785 1778 est
818 1733 864 1777 in
895 1732 1098 1778 aecclesia
1127 1733 1352 1790 catholica,
1385 1733 1565 1778 salutem
1595 1733 1642 1778 111

69 1825 118 1858 60
150 1811 223 1870 qui
253 1811 326 1855 dat
356 1810 536 1855 salutem
565 1811 735 1867 regibus
745 1808 773 1855 ⁶.

187 1889 404 1946 Iniuriam,
437 1903 543 1947 quae
564 1888 806 1933 Gorbeiensi
837 1888 1062 1933 aecclesiae
1091 1892 1133 1933 et
1152 1889 1273 1933 nobis
1294 1888 1414 1933 illata
1434 1892 1511 1946 est,
1542 1903 1641 1947 pro-

69 1968 175 2027 priis
196 1967 335 2012 verbis
367 1967 595 2026 explanare
624 1971 710 2011 non
730 1966 931 2023 valentes,
964 1980 1059 2011 cum
1088 1966 1297 2024 propheta
1324 1967 1641 2023 ingemiscimus

70 2046 253 2091 dicente:
286 2047 610 2104 Expectavimus
631 2061 796 2104 pacem,
831 2055 870 2090 et
887 2061 972 2090 non
993 2048 1125 2098 veni&
1158 2055 1195 2090 et
1214 2055 1373 2104 tempus
1395 2048 1638 2100 curationis,

71 2134 110 2170 et
146 2140 233 2169 ecce
270 2125 452 2168 turbatio
461 2120 489 2166 ⁷.
553 2122 834 2181 Sperabamus
871 2124 984 2168 enim
1012 2123 1059 2167 in
1088 2127 1278 2181 tempore
1310 2126 1353 2167 et
1382 2124 1567 2168 maxime
1596 2124 1642 2167 in

70 2196 315 2262 primordiis
345 2201 514 2259 imperii
533 2201 676 2258 vestri,
709 2215 832 2258 quem
864 2201 979 2246 Deus
1009 2201 1194 2246 mirabili
1225 2205 1267 2246 et
1296 2201 1422 2246 celeri
1452 2202 1643 2260 potentia

72 2295 150 2326 sua
180 2281 366 2326 omnium
388 2279 629 2338 principum
650 2293 822 2324 summa
850 2283 892 2324 et
912 2279 1180 2324 desiderabili
1200 2280 1439 2324 coniventia
1458 2280 1503 2324 in
1522 2281 1643 2336 regni

72 2351 224 2404 solium
255 2357 516 2414 sublimavit,
546 2357 758 2401 latronum
785 2372 936 2402 manus
969 2371 1059 2402 esse
1090 2371 1374 2415 compressas,
1405 2358 1520 2402 furta
1548 2359 1642 2402 vin-

72 2437 224 2494 dicata,
254 2435 476 2495 perfidiam
508 2435 782 2491 eliminatam,
815 2435 971 2493 quippe
991 2449 1087 2479 cum
1105 2439 1271 2480 vestrae
1291 2436 1506 2494 potentiae
1526 2435 1643 2479 nulla

72 2516 207 2574 possit
241 2515 431 2572 nequitia
469 2513 684 2557 obsistere.
746 2513 795 2556 In
831 2513 911 2557 hac
948 2513 1199 2558 confidentia
1237 2527 1405 2558 securos
1442 2517 1484 2558 et
1513 2513 1643 2557 nichil

74 2593 243 2638 omnino
283 2595 540 2647 metuentes,
586 2591 832 2635 invaserunt
868 2604 944 2635 nos
983 2591 1173 2636 homines
1212 2592 1367 2648 nostri,
1411 2591 1484 2649 qui
1520 2591 1642 2636 nobis

171 2723 206 2760 1.
238 2722 352 2759 Teok.
450 2723 485 2758 2.
516 2720 736 2767 Oethlingen
761 2730 784 2756 a
806 2719 1023 2758 Kirohheim
1050 2721 1147 2757 inter
1170 2721 1399 2758 occidentem
1424 2724 1463 2758 et
1487 2724 1643 2766 septem-

74 2781 226 2819 triones.
322 2782 355 2819 3.
381 2781 593 2827 Wellingen
618 2791 640 2815 a
656 2778 871 2816 Kirchheim
887 2780 934 2816 ad
951 2780 1245 2826 septemtriones.
1341 2780 1375 2816 4.
1402 2779 1512 2817 hodie
1529 2791 1644 2826 prope

74 2841 179 2878 Teck
209 2841 312 2878 locus
341 2841 488 2877 Erstein
520 2851 593 2876 non
619 2840 810 2885 reperitur.
846 2840 924 2877 Nec
954 2850 1042 2876 vero
1073 2839 1120 2876 de
1145 2839 1311 2876 Alsatiae
1343 2843 1464 2876 castro
1497 2840 1644 2876 Erstein

76 2901 238 2948 cogitare
261 2901 360 2937 licet.
456 2901 491 2937 5.
517 2901 540 2936 i.
559 2911 592 2936 e.
618 2899 813 2936 intervallo
837 2899 911 2937 diei
936 2900 956 2936 1
974 2899 1072 2936 Iunii
1097 2900 1190 2936 1152
1215 2902 1253 2937 61
1277 2900 1351 2937 diei
1377 2901 1396 2936 1
1415 2899 1512 2936 Iunii
1538 2900 1643 2937 1153.

76 2961 111 2998 6.
136 2961 194 2998 ΡΒ.
216 2961 294 3007 143,
312 2962 370 2997 10.
467 2961 501 2997 7.
526 2960 655 2997 Ierem.
676 2959 731 3006 14,
750 2959 806 2996 19.

1283 3026 1358 3062 33*
