1924 3288
294 167 381 212 316
737 178 935 210 wmALm
961 171 1211 211 nprs'rom
1238 177 1310 210 197.
1331 177 1402 211 100.

171 277 263 314 1149
293 273 479 332 recipere
516 273 829 331 sempiternum.
948 272 1158 318 Dilectum
1193 272 1328 318 filium
1363 277 1554 320 nostrum
1586 273 1848 333 Hensticum)

165 325 270 358 Oete
295 353 304 361 .

166 980 258 1016 1149

157 1039 184 1061 0.
202 1029 266 1061 001.

292 352 498 396 111111010111
533 365 675 407 regem
704 351 750 394 in
779 350 960 395 Domino
990 350 1241 408 salutamus,
1278 354 1322 396 et
1348 355 1398 396 ut
1424 352 1517 411 ipse
1545 355 1684 398 aetate
1709 356 1756 399 et
1780 366 1850 399 n-

290 430 452 487 pientia
482 429 593 487 apud
612 428 752 473 Deum
781 432 823 473 et
851 429 1041 473 homines
1070 427 1276 487 proficiat,
1306 430 1446 487 ipsum
1474 444 1552 489 per
1580 444 1706 488 quem
1725 444 1848 489 reges

290 511 468 564 regnant
497 506 743 564 suppliciter
773 520 1007 551 exoramus.
1048 506 1162 550 Data
1180 507 1406 552 Tusculani
1434 509 1461 553 2
1479 507 1622 554 Nonas
1641 508 1847 555 Octobris.

296 649 409 697 198.
440 650 577 694 Guido
601 652 870 695 cancellarius
887 651 1056 709 papalis
1079 650 1266 694 Wihaldo
1286 652 1516 709 respondet,
1537 651 1708 710 samam
1725 651 1849 712 serre

437 729 488 772 de
527 729 710 772 Conradt'
751 730 861 787 reyis
904 744 995 772 cum
1033 728 1264 772 Emanuele
1302 728 1558 772 Graecorum
1600 731 1850 788 mer-acore

427 806 603 864 foedere
641 814 784 850 contra
831 806 1038 849 ecclesiam
1075 805 1312 849 Romanam
1349 807 1440 850 icto.
1506 807 1667 861 Monet,
1703 814 1752 851 ut
1785 808 1850 852 rei

437 884 669 927 obluctetur.
1630 881 1704 936 (Μ.
1727 883 1846 938 214.)

407 972 638 1017 Karissimo
670 975 713 1016 et
741 971 914 1030 speciali
944 971 1077 1015 amico
1098 985 1172 1016 suo
1192 970 1419 1026 W(iba1do)
1439 971 1680 1017 Gorbeiensi
1705 971 1848 1018 abbati

289 1050 425 1095 Guido
464 1053 633 1094 sanctae
661 1049 873 1094 Romanae
911 1049 1136 1094 aecclesiae
1171 1049 1370 1094 diaconus
1399 1047 1648 1095 cardinalis¹
1678 1053 1722 1095 01
1748 1063 1848 1095 0011-

287 1128 480 1173 cellarius
511 1128 690 1172 salutem
720 1131 762 1172 et
791 1128 1069 1172 dilectionem.

405 1206 694 1263 Dubietatem,
733 1219 839 1263 quae
877 1206 930 1250 de
960 1207 1073 1249 statu
1101 1207 1175 1249 tuo
1203 1204 1250 1248 in
1278 1207 1422 1249 nostro
1452 1207 1622 1263 pectore
1650 1205 1846 1251 versaba-

286 1288 377 1340 tur,
425 1287 467 1328 et
509 1285 686 1328 nuncius
723 1287 820 1328 tuus
861 1286 903 1328 et
938 1283 1213 1327 transmissae
1250 1282 1370 1327 nobis
1406 1296 1483 1340 per
1519 1296 1616 1327 eum
1651 1280 1845 1329 litterae⁸

287 1362 561 1406 abstulerunt.
610 1361 814 1419 Optamus
854 1361 964 1406 enim
995 1361 1040 1404 in
1070 1360 1271 1415 Domino,
1311 1363 1360 1403 ut
1389 1363 1540 1404 cuncta
1569 1374 1735 1418 semper
1763 1361 1845 1406 tibi

286 1439 493 1496 salubria,
531 1443 681 1484 cuncta
710 1440 796 1483 sint
823 1451 1047 1497 prospera,
1085 1441 1128 1482 et
1156 1441 1204 1482 ut
1241 1451 1422 1495 superna
1460 1437 1684 1483 clementia
1719 1441 1763 1483 te
1798 1439 1845 1483 in

286 1518 518 1562 actionibus
561 1517 646 1561 tuis
693 1517 836 1561 celesti
879 1514 1160 1559 miserationis
1197 1527 1297 1558 suae
1336 1515 1492 1559 auxilio
1527 1518 1707 1560 tueatur.
1773 1515 1847 1561 Ad

284 1595 524 1653 peragenda
555 1609 618 1651 ea,
648 1608 726 1652 pro
758 1593 907 1650 quibus
931 1593 1012 1637 hac
1027 1593 1118 1637 vice
1138 1593 1309 1648 rogasti,
1341 1592 1540 1637 domnum
1559 1607 1715 1652 papam
1733 1594 1846 1640 eirca

285 1676 328 1717 te
358 1672 596 1717 benivolum
628 1672 876 1728 sentientes,
915 1684 1060 1715 secure
1089 1683 1261 1728 operam
1290 1669 1503 1727 dedimus,
1534 1671 1644 1716 sicut
1671 1685 1726 1716 ex
1753 1672 1845 1717 eius

284 1751 364 1795 tibi
400 1749 552 1794 litteris
593 1749 824 1808 apparebit.
944 1748 1142 1793 Preterea
1177 1748 1255 1792 tibi
1290 1751 1493 1805 tanquam
1521 1751 1643 1793 cauto
1673 1753 1719 1795 et
1742 1763 1845 1808 pru-

285 1828 401 1872 denti
421 1828 513 1871 viro
544 1830 586 1872 et
613 1827 659 1871 in
689 1827 909 1871 dilectione
938 1826 1114 1884 probato
1146 1825 1390 1882 eloquimur.
1433 1825 1603 1870 Certum
1625 1830 1703 1883 est,
1732 1827 1846 1885 quod

283 1909 382 1964 post
411 1906 640 1950 discessum
670 1905 812 1949 domni
843 1904 1057 1959 C(onradi)
1087 1903 1371 1948 Romanorum
1398 1904 1524 1960 regis,
1553 1904 1638 1948 nisi
1666 1904 1844 1950 domnus

284 1997 398 2042 papa
433 1982 670 2040 specialiter
706 1985 749 2026 et
784 1982 974 2026 districte
1008 1981 1309 2039 prohibuisset,
1347 1981 1547 2026 adversus
1582 1980 1716 2027 filium
1754 1982 1845 2031 eius

283 2061 490 2105 iuniorem
519 2073 662 2116 regem
691 2074 821 2115 guera
848 2063 964 2104 mota
991 2060 1140 2104 fuisset
1170 2063 1212 2104 et
1240 2073 1325 2103 non
1347 2059 1513 2103 modica
1531 2063 1625 2104 orta
1642 2060 1840 2106 turbatio.

283 2139 406 2183 Nunc
436 2141 596 2194 autem,
633 2138 741 2182 sicut
777 2137 929 2181 domno
966 2151 1101 2195 papae
1139 2150 1188 2180 ac
1222 2137 1343 2181 nobis
1381 2135 1661 2192 significatum
1700 2140 1766 2183 est
1799 2141 1844 2183 01

283 2228 473 2260 rumores
511 2216 638 2260 etiam
674 2215 958 2271 increverlmt,
1004 2218 1126 2272 pater
1159 2214 1293 2272 ipsius
1330 2228 1406 2259 rex
1443 2213 1693 2269 C(0nradus)
1728 2214 1843 2260 mala

283 2306 362 2351 pro
392 2292 526 2349 bonis,
556 2292 667 2350 quod
695 2292 809 2336 Deus
841 2295 1015 2349 avertat,
1046 2293 1220 2337 reddere
1248 2292 1411 2348 nititur,
1441 2294 1484 2336 et
1513 2304 1608 2336 cum
1637 2291 1843 2337 Constan-

283 2370 560 2428 tinopolitano
590 2366 865 2428 imperatore³
897 2374 1085 2414 sanctam
1114 2370 1346 2414 Romanam
1376 2369 1632 2426 aecclesiam,
1667 2369 1842 2415 catholi-

283 2463 428 2495 corum
458 2448 645 2493 omnium
674 2451 866 2503 matrem,
897 2448 1082 2503 graviter
1112 2448 1149 2492 si
1178 2447 1334 2505 poterit
1363 2445 1547 2503 affligere
1577 2450 1620 2491 et
1642 2447 1842 2492 infestare

283 2527 481 2585 disponit.
533 2525 650 2570 Sicut
679 2538 777 2580 ergo
809 2525 954 2568 eadem
983 2529 1118 2570 mater
1147 2528 1292 2570 nostra
1322 2528 1364 2570 et
1391 2538 1482 2581 nos,
1513 2524 1645 2582 ipsius
1667 2525 1840 2582 alumni,

283 2605 336 2650 de
365 2608 437 2648 tuo
468 2603 580 2648 circa
609 2616 702 2648 eam
730 2601 844 2646 fideli
875 2602 1071 2660 obsequio
1096 2606 1139 2648 et
1158 2602 1342 2647 officiosa
1359 2601 1559 2647 fidelitate
1578 2601 1838 2658 confidimus,

282 2683 344 2726 ita
374 2696 426 2726 ex
456 2684 578 2739 parte
606 2679 749 2724 domni
777 2693 912 2737 papae
943 2693 992 2723 ac
1021 2684 1166 2725 nostra
1187 2681 1452 2725 dilectionem
1470 2682 1587 2723 tuam
1605 2693 1837 2736 monemus,

282 2759 489 2804 monendo
517 2770 713 2815 rogamus
743 2759 787 2801 et
816 2757 1014 2801 attentius
1039 2758 1320 2814 exhortamur,
1349 2761 1399 2801 ut
1417 2756 1552 2801 modis
1575 2757 1724 2814 quibus
1743 2760 1838 2815 pot-

283 2837 388 2894 eris,
422 2840 623 2894 tanquam
652 2848 775 2880 verus
807 2833 963 2878 Christi
993 2835 1150 2879 athleta
1178 2839 1221 2880 01
1249 2835 1295 2879 111
1324 2834 1606 2893 apostolorum
1633 2834 1837 2892 principis

379 2925 412 2960 1.
438 2923 503 2962 SS.
520 2924 675 2962 cosmae
690 2925 730 2961 et
743 2922 926 2960 Damiani.
1003 2923 1039 2959 2.
1063 2933 1123 2969 ep.
1141 2923 1210 2960 195
1225 2932 1337 2969 supra
1350 2932 1388 2969 p.
1405 2921 1487 2959 314.
1564 2922 1600 2959 3.
1622 2921 1835 2960 Emanuele.
