1924 3288
161 275 270 364 c115u3

166 1226 258 1264 1153

303 165 392 210 554
747 180 945 212 wmALm
972 181 1220 214 BPISTOLAE
1246 182 1318 214 417.
1341 183 1414 215 418.

302 276 472 318 sanctae
507 272 720 320 Romanae
765 274 988 320 aecclesiae
1027 277 1259 322 cardinales
1298 281 1341 322 et
1376 277 1503 335 legati
1549 278 1703 326 dilecto
1731 279 1859 328 fratri

251 334 527 406 gW(ibaldo)
559 352 802 398 Gorboiensi
833 353 975 398 abbati
1005 354 1195 400 salutem.
1762 398 1767 401 ,

420 428 538 474 Sicut
572 444 648 487 per
679 431 762 475 alia
790 431 1044 476 fraternitati
1072 436 1170 478 tuae
1200 434 1358 491 scripta
1385 445 1462 478 nos
1491 433 1680 480 misisse·
1709 435 1858 483 memi-

300 507 454 564 nimus,
489 508 551 552 ita
581 507 716 552 denuo
746 510 934 566 presenti
963 511 1119 568 scripto
1148 511 1409 568 mandamus,
1440 512 1636 569 quatinus
1664 513 1859 571 proxima

301 588 451 641 quarta
479 585 585 630 feria
613 585 850 644 Erbipolim
879 587 932 632 ad
961 602 1038 632 nos
1068 590 1235 644 venias;
1273 589 1346 633 ubi
1377 589 1523 634 eodem
1550 590 1731 636 termino
1760 604 1857 639 cum

299 677 398 718 rege
429 677 572 708 sumus
602 663 788 708 habituri
818 665 1081 723 conoquium.
1179 666 1285 719 Quia
1313 681 1412 711 vero
1444 666 1736 713 Stabulensem
1763 681 1858 717 aec-

299 741 471 785 clesiam
493 755 595 786 vera
624 742 671 786 in
699 742 880 787 Domino
911 744 1086 788 caritate
1115 744 1328 800 diligimus
1359 747 1402 789 et
1431 745 1603 790 adeius
1631 746 1859 792 utilitatem

298 818 477 864 libenter
505 820 774 878 intendimus,
805 821 1098 866 nichilominus
1129 823 1208 867 tibi
1237 822 1498 880 mandamus,
1528 826 1577 868 ut
1606 824 1661 868 ad
1688 837 1766 869 nos
1793 825 1856 869 ita

297 900 470 954 paratus
507 898 699 954 accedas,
738 898 849 955 quod
877 902 975 956 post
1004 899 1255 957 colloquium
1286 903 1478 945 nostrum
1507 901 1680 947 honeste
1707 902 1771 947 ire
1801 900 1855 948 ad

298 975 472 1019 eandem
508 975 751 1020 aecclesiam
779 976 932 1021 valeas.

296 1129 415 1178 418.
446 1130 705 1176 stabulenses
721 1131 965 1186 Wibaldum,
986 1140 1032 1175 ut
1050 1133 1129 1176 sibi
1147 1142 1370 1189 summat,
1391 1134 1619 1178 hortantur.
1651 1132 1724 1189 (M
1733 1134 1854 1191 400)

412 1219 763 1266 Reverentissimo
802 1221 849 1264 in
878 1220 1043 1265 Christo
1083 1221 1197 1279 patri
1235 1236 1309 1266 suo
1348 1226 1391 1267 et
1427 1222 1596 1268 domino
1625 1222 1852 1280 W(ibaldo)

221 1286 556 1343 u'Stabulensis
598 1298 794 1343 aecclesie
830 1298 1059 1343 venerabili
1100 1299 1241 1343 abbati
1279 1302 1368 1343 tota
1405 1301 1592 1346 eiusdem
1629 1300 1854 1347 aecclesiae

293 1377 572 1433 congregatio,
603 1376 801 1434 quicquid
829 1376 900 1434 pio
931 1377 1043 1434 patri
1074 1377 1214 1421 devoti
1243 1377 1396 1422 debent
1423 1377 1512 1422 filii.

411 1454 586 1508 Quantis
634 1454 952 1499 necessitatibus
999 1455 1211 1511 astrictos,
1256 1455 1424 1512 quantis
1468 1455 1853 1514 perturbationibus

293 1533 439 1578 anxios
469 1533 728 1591 presentium
758 1532 868 1576 lator
897 1533 1074 1576 nuncius
1105 1536 1243 1577 vester
1271 1546 1348 1577 nos
1378 1533 1599 1590 invenerit,
1635 1547 1757 1578 suum
1787 1537 1853 1580 est

291 1611 441 1661 dicere.
484 1610 687 1655 Filiorum
710 1613 848 1654 autem
870 1614 1105 1655 vestrorum
1125 1613 1201 1667 est,
1227 1610 1299 1654 ubi
1318 1611 1490 1669 proprie
1508 1611 1620 1656 vires
1640 1610 1850 1670 deficiunt,

289 1690 406 1748 pium
437 1692 603 1747 patrem
632 1688 827 1732 invocare
858 1691 900 1732 et
927 1688 1165 1746 presentiae
1186 1701 1285 1732 suae
1306 1688 1529 1744 benignam
1548 1689 1851 1747 protectionem

289 1767 504 1812 humiliter
541 1766 779 1825 implorare.
843 1765 1067 1823 Hucusque
1103 1765 1330 1823 siquidem,
1367 1769 1489 1824 pater
1522 1766 1767 1824 karissime,
1803 1767 1850 1812 in

290 1846 515 1890 amissione
546 1847 588 1889 et
618 1844 868 1888 detrimento
898 1858 1040 1888 rerum
1070 1847 1309 1888 nostrarum
1340 1844 1644 1901 quodammodo
1683 1857 1850 1903 semper

288 1923 464 1968 meliora
493 1925 709 1981 sperantes
747 1926 1023 1966 tacueramus.
1073 1921 1146 1966 Set
1176 1935 1271 1966 cum
1300 1923 1385 1966 iam
1416 1922 1640 1967 aecclesiae
1668 1926 1847 1981 vestrae,

289 2001 514 2046 aecclesiae
533 2001 719 2058 inquam,
749 2014 876 2057 quam
895 2000 1024 2044 tantis
1044 2000 1256 2045 laboribus
1279 2003 1321 2045 et
1341 2000 1577 2058 sumptibus
1598 2000 1847 2058 adornastis,

289 2081 397 2124 sicut
428 2093 480 2123 ex
504 2092 575 2122 ore
599 2078 742 2122 domni
764 2078 952 2136 episcopi
970 2077 1213 2123 Leodiensis
1226 2075 1237 2096 ¹
1258 2078 1507 2134 audivimuS,
1537 2077 1712 2135 inimici,
1743 2091 1847 2136 quos

287 2171 503 2214 nunquam
534 2155 785 2213 offendistis,
821 2157 1034 2200 minentur
1062 2156 1315 2212 incendium,
1345 2155 1660 2200 lacrimabiliter
1690 2155 1743 2200 ad
1771 2169 1847 2202 vos

289 2235 530 2280 clamamus.
591 2233 648 2278 Et
688 2234 741 2278 ad
777 2237 942 2278 tantum
980 2234 1097 2279 nefas
1135 2233 1439 2292 prohibendum
1479 2237 1521 2278 et
1555 2233 1846 2280 declinandum

287 2318 476 2372 tempore
507 2315 710 2370 oportuno
742 2312 919 2368 benigne
950 2312 1166 2357 occurrite.
1210 2311 1436 2370 Speramus
1467 2311 1578 2356 enim
1600 2312 1645 2356 in
1663 2311 1845 2357 Domino

289 2395 331 2437 et
361 2394 519 2436 certum
550 2393 754 2445 tenemus,
787 2390 897 2446 quod
927 2391 973 2434 in
1001 2390 1183 2434 adventu
1201 2392 1354 2446 vestro,
1387 2389 1584 2446 quicquid
1603 2392 1749 2434 contra
1767 2403 1844 2435 nos

287 2470 470 2514 humane
506 2467 735 2512 moliuntur
766 2467 1031 2512 adversitatis
1039 2467 1069 2524 ὓ,
1108 2468 1162 2512 ad
1190 2467 1392 2511 nichilum
1420 2467 1645 2523 redigetur,
1682 2470 1725 2511 et
1752 2467 1843 2512 Deo

288 2561 456 2604 gressus
485 2549 646 2590 vestros
677 2544 903 2601 dirigente,
943 2546 1095 2601 omnia,
1127 2559 1233 2602 quae
1262 2546 1307 2588 in
1338 2544 1527 2588 absentia
1555 2547 1695 2588 vestra
1723 2544 1843 2590 nobis

290 2626 430 2670 ablata
467 2626 584 2679 sunt,
623 2622 676 2666 ad
714 2636 880 2666 omnem
910 2623 1167 2668 voluntatem
1196 2626 1379 2667 vestram
1408 2621 1526 2666 vobis
1556 2621 1842 2668 restituentur.

288 2703 398 2747 Nam
429 2706 471 2746 et
500 2702 558 2758 hi,
589 2699 661 2758 qui
689 2699 809 2743 nobis
840 2700 1022 2744 maxime
1044 2701 1331 2757 adversantur,
1363 2699 1520 2744 scilicet
1541 2698 1842 2757 salmucenses,

291 2794 394 2838 eque
425 2784 474 2824 ut
492 2793 569 2823 nos
590 2778 813 2822 adventum
833 2781 1019 2822 vestrum
1040 2778 1300 2833 desiderant;
1332 2780 1387 2834 et,
1418 2776 1614 2834 quicquid
1632 2777 1842 2835 utrimque

386 2884 413 2905 a.
440 2874 536 2917 misse
557 2874 626 2904 cod.
713 2872 743 2903 b.
765 2872 962 2903 adversitates
984 2884 1008 2903 c.

386 2933 418 2968 1.
443 2931 618 2968 Heinrici.
