1884 3242
643 162 930 194 menn-10
961 162 997 194 s.
1018 163 1113 194 vm
1178 154 1185 168 “
1636 153 1660 195 7

95 254 291 301 flietionis
330 256 583 312 adduxerat,
619 271 698 315 per
734 258 990 302 monasteria
1019 257 1277 302 Francorum
1308 258 1544 314 distribuit,
1586 259 1662 302 ad⁰
1689 262 1878 300 772-803

94 332 230 390 legem
271 347 434 391 quoque
471 339 659 379 sanctam
697 339 822 392 atque
858 336 1134 380 monasticam
1171 336 1464 393 disciplinamb
1496 337 1661 380 institui

93 412 319 470 praecepit.
379 412 594 470 Denique,
634 413 733 470 quia
768 413 814 457 in
844 412 1042 458 Corbeia¹
1072 415 1326 458 monasterio
1356 414 1581 458 laudabilis
1612 428 1660 459 eo

93 492 282 547 tempore
317 489 466 546 religio
505 491 803 534 monachorum
840 492 1091 548 habebatur,
1131 492 1285 536 multos
1316 492 1422 536 inibi
1454 492 1660 537 eiusmodi

94 567 207 612 viros
237 567 326 612 fore
357 568 587 612 constituit.

209 645 316 689 Erat
343 646 474 701 igitur
503 646 650 689 eodem
679 649 868 703 tempore
888 646 933 690 in
952 648 1143 704 praefato
1164 648 1418 692 monasterio
1441 648 1561 704 abba,
1594 649 1660 692 vir

91 722 204 767 vitae
230 723 479 768 venerabilis
509 724 743 780 meritoque
774 724 967 780 eximius,
998 725 1266 770 Adalhardus
1288 726 1472 782 nomine,
1503 726 1658 770 nobilis

91 813 243 858 genere
276 801 351 844 sed
377 801 559 846 nobilior
592 800 694 857 fide,
731 802 898 846 fervens
928 803 995 846 in⁰
1028 803 1251 860 disciplina
1282 804 1378 848 sed‘¹
1408 804 1558 862 plenus
1589 818 1658 848 ca-

90 878 230 935 ritate,
262 879 427 937 sapiens
458 879 503 923 in
532 879 761 936 locutione,
793 880 943 937 plenus
975 881 1216 937 dilectione,
1249 882 1460 934 studiosus
1491 883 1536 926 in
1565 882 1657 938 lege

91 956 236 1001 divina
265 960 307 1001 et
336 957 484 1014 plenus
515 958 777 1002 discretione.
825 958 906 1002 Hic
935 972 1031 1002 cum
1062 963 1173 1002 esset
1202 960 1313 1003 inter
1343 961 1550 1017 primores
1581 974 1658 1017 pa-

90 1034 183 1079 latii
219 1038 345 1092 atque
383 1035 666 1080 consiliarius⁰
697 1037 830 1092 regis,
871 1037 1030 1080 scilicet
1068 1038 1167 1094 quia
1202 1046 1293 1081 erat
1324 1038 1657 1094 consanguineus

91 1109 315 1170 eiusdem²,
345 1113 538 1157 voluntas
577 1115 809 1172 supradicti
845 1115 957 1170 regis
995 1115 1034 1158 ei
1071 1115 1270 1159 abscondi
1300 1116 1473 1160 minime
1504 1117 1654 1173 potuit.

91 1189 174 1235 Sed
213 1191 312 1247 quia
346 1205 431 1235 non
469 1195 561 1235 erat
590 1193 763 1236 inferior
792 1192 865 1236 illo
897 1193 1139 1250 devotione,
1180 1208 1394 1249 regressus
1428 1194 1481 1237 ad
1511 1208 1656 1237 mona-

89 1269 285 1325 sterium,
318 1269 370 1313 ab
402 1270 476 1325 eis,
508 1270 580 1326 qui
610 1271 767 1319 ibidem
798 1274 919 1315 erant
949 1271 990 1315 es
1020 1275 1143 1327 gente
1173 1271 1393 1327 Saxonica,
1426 1272 1657 1315 sciscitarit‘

88 1346 247 1405 coepit,
287 1347 325 1391 si
354 1347 489 1405 possit
517 1347 592 1391 illa
620 1348 666 1391 in
695 1349 836 1405 patria
864 1350 1046 1393 inveniri
1076 1350 1213 1406 locus,
1253 1351 1326 1394 ubi
1355 1350 1656 1393 monachorum

86 1426 389 1470 monasterium
419 1426 604 1470 construi
630 1427 937 1471 rationabiliter
957 1431 1113 1485 posset.
1159 1428 1196 1472 E
1220 1429 1369 1485 quibus
1390 1442 1499 1471 unus
1522 1428 1656 1472 Theo-

88 1503 242 1548 dradus
275 1503 444 1548 nomine
482 1505 562 1548 ait:
606 1505 703 1548 Scio
740 1505 879 1562 inquit
916 1508 961 1549 in
991 1508 1129 1565 patris
1165 1508 1247 1550 mei
1274 1509 1533 1564 possessione
1572 1523 1655 1550 esse

86 1582 240 1636 lovum,
285 1583 358 1626 ubi
404 1599 454 1626 eat
491 1591 666 1642 utraque
706 1592 830 1642 parte
857 1585 963 1642 fons
1008 1587 1122 1628 vivus
1168 1593 1333 1628 emanat
1338 1603 1354 1641 ,-
1402 1592 1441 1628 et
1483 1586 1656 1627 multu-m

87 1666 208 1717 aptus
245 1660 304 1703 ad
339 1660 416 1704 hoc
453 1677 557 1719 opus
594 1661 696 1704 mihi
735 1678 817 1704 esse
855 1664 1025 1705 videtur.
1099 1661 1228 1706 Cuius
1272 1662 1547 1719 responsione
1583 1662 1654 1706 de-

85 1735 262 1781 lectatus
293 1738 543 1782 venerabilis
573 1741 694 1796 pater
726 1752 822 1782 eum
853 1740 998 1783 statim
1027 1740 1121 1784 illas
1152 1741 1198 1784 in
1227 1744 1370 1798 partes
1402 1740 1576 1795 direxit,
1608 1743 1656 1783 ut

86 1814 309 1870 diligenter
338 1829 429 1859 rem
458 1816 668 1873 prolatam
697 1817 972 1873 investigaret
1002 1821 1065 1874 et,
1106 1822 1249 1862 utrum
1278 1822 1400 1876 pater
1431 1821 1473 1862 et
1502 1818 1654 1874 reliqui

86 1893 384 1948 consanguinei
422 1893 502 1937 hoc
532 1895 767 1939 consentire
796 1895 970 1952 vellent,
1010 1897 1253 1954 inquireret.
1317 1896 1396 1948 Qui
1427 1910 1522 1940 cum
1551 1897 1655 1940 isset

86 1974 129 2014 et
156 1971 290 2028 patris
320 1971 565 2028 matrisque,
597 1972 792 2016 avunculi
823 1976 947 2029 atque
977 1975 1180 2031 patruelis
1210 1974 1470 2018 voluntatem
1501 1988 1653 2030 cogno-

85 2049 236 2105 visset,
273 2062 467 2094 reversus
507 2050 561 2093 ad
590 2051 911 2107 monasterium,
951 2055 999 2095 ut
1028 2052 1107 2096 1100
1137 2052 1256 2096 fieret
1288 2053 1382 2096 eos¹¹
1414 2053 1651 2097 desiderare

84 2127 224 2184 potius
256 2141 382 2184 quam
411 2128 608 2172 resistere
638 2128 745 2172 velle
774 2129 997 2173 nuntiavit.

205 2204 288 2249 Sed
324 2205 412 2248 iam
450 2205 560 2249 dicto
600 2206 743 2250 abbati
776 2207 849 2251 illo
880 2207 925 2250 in
955 2210 1145 2265 tempore
1176 2208 1400 2252 commissa
1431 2212 1522 2252 erat
1551 2222 1653 2253 cura
1676 2219 1746 2255 813

84 2283 284 2338 maxima,
315 2282 512 2327 videlicet
541 2287 589 2327 ut
618 2298 794 2339 regnum
816 2284 1190 2341 Longobardorum
1211 2286 1444 2341 gubernare
1466 2287 1650 2343 deberet,

86 2362 216 2405 donec
253 2359 364 2405 filius
401 2358 595 2419 Pippini3
625 2360 919 2406 Bernhardus⁴
948 2363 1117 2407 nomine
1157 2368 1383 2418 cresceret3
1422 2379 1522 2408 nam
1558 2365 1650 2422 ipse

84 2439 313 2497 Pippinus,
345 2438 490 2482 Karoli
520 2440 632 2495 regis
662 2439 793 2496 filius,
827 2444 922 2485 ante
953 2441 1125 2485 triennii
1155 2445 1321 2499 tempus
1353 2440 1544 2486 obierat.⁵
1593 2442 1650 2486 Et

177 2562 204 2583 a.
226 2552 266 2583 ad
288 2554 409 2584 addidi.
483 2553 512 2584 b.
535 2553 727 2592 disciplinam
749 2564 805 2583 nm.
823 2554 851 2583 1.
867 2554 895 2584 3.
965 2563 991 2584 0.
1012 2566 1069 2584 om.
1085 2556 1114 2584 2.
1184 2555 1213 2585 d.
1237 2555 1291 2585 sed
1313 2566 1369 2585 om.
1386 2556 1414 2585 1.
1430 2556 1459 2585 3.
1529 2565 1555 2585 e.
1577 2564 1647 2585 con-

85 2606 215 2636 siliarios
237 2607 266 2636 2.
348 2606 370 2636 f.
392 2615 411 2636 a
431 2608 460 2637 2.
475 2607 504 2636 3.
589 2615 616 2644 g.
640 2607 781 2637 suscitari
802 2608 831 2637 2.
915 2606 945 2638 11.
968 2617 1020 2638 eos
1043 2619 1097 2637 om.
1115 2609 1143 2638 1.
1160 2609 1188 2638 3.

180 2677 213 2711 1.
239 2675 395 2712 Corbeia
417 2677 569 2722 antiqua
594 2676 755 2721 (Corbie)
780 2676 828 2712 ad
852 2675 1047 2714 Somonam
1073 2677 1120 2723 fl.‚
1147 2678 1184 2713 in
1209 2676 1370 2713 dioecesi
1393 2676 1645 2714 Ambianensi.

85 2736 120 2772 2.
144 2738 286 2780 patrem
309 2736 407 2772 enim
432 2736 561 2772 habuit
578 2736 842 2780 Bernhardum,
868 2737 988 2773 Caroli
1004 2737 1161 2773 Martelli
1186 2735 1313 2782 filium,
1338 2739 1509 2781 patruum
1527 2737 1647 2774 Caroli

83 2794 220 2840 Magni.
314 2795 349 2831 3.
375 2796 623 2841 regisltaliae
649 2796 877 2841 (806—810),
902 2795 969 2832 filii
993 2796 1113 2833 Caroli
1138 2796 1271 2842 Magni.
1367 2797 1402 2832 4.
1431 2807 1495 2833 rex
1520 2797 1646 2834 Italiae

84 2854 284 2890 813—817.
370 2855 405 2891 5.
421 2856 492 2891 810
509 2855 578 2892 Iul.
595 2856 637 2902 83
654 2855 777 2901 itaque
794 2856 898 2901 regni
913 2856 1239 2902 Longobardorum
1255 2856 1523 2894 administratio
1534 2856 1646 2894 Adal-

84 2912 199 2950 hardo
223 2924 318 2951 anno
343 2915 414 2951 813
439 2915 634 2952 commissa
657 2925 737 2952 esse
761 2915 918 2951 videtur.
