1924 3288
604 217 803 249 wmALm
831 215 1051 247 nprs'rom
1083 213 1152 244 150.
1575 199 1662 243 233

99 316 230 362 raudo
262 328 389 374 quam
419 313 646 372 prestando
678 312 889 357 alienavit.
992 310 1150 363 Quibus
1180 308 1376 367 peractis,
1407 307 1549 364 regiae
1568 320 1665 365 pre·
1691 309 1783 345 1146

101 394 260 441 sentiae
288 393 335 437 in
365 393 495 449 curia,
528 405 634 449 quae
666 392 778 450 apud
798 391 938 436 Kuina
970 390 1024 434 18
1045 388 1138 433 Kal.
1160 387 1264 432 Maii
1291 386 1436 431 habita
1466 389 1542 442 est,
1574 399 1665 430 sese
1686 395 1817 435 Apr.14

100 473 263 530 obtulit,
295 472 505 530 opinatuS,
535 471 697 527 regiam
718 471 973 527 aequitatem
995 481 1120 526 posse
1143 466 1314 523 inflecti,
1344 469 1393 510 ut
1411 479 1487 524 per
1506 464 1665 508 violen-

99 553 205 598 fiam
234 551 442 596 obtineret
473 550 697 605 abbatiam,
730 562 856 606 quam
888 547 1034 591 ordine
1057 545 1276 590 iudiciario
1296 544 1550 603 perdiderat.
1594 543 1668 587 Set

101 631 201 688 quia
219 630 353 674 honor
373 628 485 685 regis
509 628 711 672 iudicium
733 627 884 682 diligit,
915 639 1002 669 non
1021 625 1161 682 potuit
1182 624 1309 668 etiam
1330 623 1470 667 oblata
1488 621 1668 680 pecunia

102 709 364 766 distorquere
394 707 559 763 virgam
599 705 841 749 directionis
878 703 1015 748 incliti
1043 703 1299 759 regnatoris,
1339 702 1441 759 quin
1471 715 1497 745 a
1526 714 1668 745 cesare

100 787 351 842 firmaretur,
385 786 496 843 quod
528 799 553 828 a
581 784 707 828 Petro
737 785 1036 841 processerat⁶.

218 865 384 910 Interea
414 889 470 895 —-
503 863 604 907 dum
635 863 696 906 sic
725 862 866 918 minis,
903 860 1160 915 muneribus,
1190 858 1494 916 pollicitatione
1524 871 1669 901 mona-

101 944 279 989 sterium
307 945 435 987 vexat
470 945 512 986 et
541 941 705 985 invadit
736 966 791 971 —
823 938 1077 984 reverendus
1108 940 1229 995 pater
1258 940 1402 981 noster
1431 936 1670 980 Bernardus

65 1009 68 1012 ⁴
102 1021 478 1077 Ratherburnensis
516 1020 758 1078 episcopus,
800 1019 853 1062 ad
885 1017 1130 1062 aecclesiam
1161 1015 1454 1060 Corbeiensem
1484 1018 1670 1071 vocatus,

105 1101 284 1146 eundem
303 1099 547 1144 Heinricum
569 1099 624 1142 in
653 1098 817 1156 pulpito
849 1097 926 1141 sub
947 1095 1132 1152 generali
1153 1097 1360 1139 conventu
1378 1093 1674 1151 pronunciavit

104 1178 354 1224 auctoritate
368 1183 371 1186 ⁴
385 1177 616 1236 apostolica
646 1175 1053 1220 excommunicatum
1085 1177 1126 1218 et
1157 1187 1301 1217 omnes
1331 1173 1515 1216 fautores
1548 1175 1672 1228 atque

107 1258 317 1302 adiutores
347 1256 473 1300 illius.
515 1255 636 1300 Unde
662 1256 790 1299 etiam
809 1254 994 1312 plurima
1012 1253 1230 1297 hominum
1249 1265 1363 1309 pars,
1395 1254 1511 1294 metu
1532 1251 1673 1294 divino

106 1336 275 1392 territa,
317 1336 369 1380 ab
404 1335 539 1392 ipsius
569 1335 751 1378 factione
782 1333 948 1390 dilapsa
977 1335 1052 1376 est.
1113 1330 1300 1387 Urgebat
1327 1330 1500 1374 interim
1529 1329 1674 1373 multis

107 1415 284 1459 decretis
314 1415 445 1458 iussio
478 1412 708 1471 apostolica
737 1411 1031 1456 Corbeiensem
1063 1410 1328 1465 aecclesiam,
1360 1409 1556 1465 quatinus
1586 1422 1674 1451 me—

108 1494 250 1537 diante
272 1492 435 1550 Spiritu
465 1495 608 1536 sancto
640 1490 769 1535 talem
799 1503 1024 1548 personam
1052 1489 1098 1532 in
1129 1488 1324 1532 abbatem
1348 1487 1563 1543 eligerent,
1596 1500 1676 1543 que

107 1572 252 1616 ruinas
273 1570 537 1615 Corbeiensis
569 1570 793 1614 aecclesiae
823 1572 912 1612 tam
941 1569 987 1611 in
1018 1566 1306 1625 spiritualibus
1339 1580 1464 1622 quam
1494 1566 1540 1609 in
1570 1568 1676 1609 tem-

108 1649 323 1709 poralibus
353 1649 558 1694 resarcire
587 1649 739 1692 idonea
769 1650 890 1692 esset.
940 1646 1012 1690 Set
1041 1645 1233 1704 partibus
1263 1645 1310 1688 in
1340 1658 1416 1688 sua
1446 1644 1587 1688 studia
1611 1644 1676 1687 ni-

109 1729 242 1773 mium
280 1728 416 1772 adhuc
452 1727 732 1782 ferventibus,
771 1726 972 1770 canonica
1010 1727 1052 1769 et
1089 1737 1260 1768 concors
1294 1723 1439 1767 electio
1470 1721 1563 1767 fieri
1591 1736 1677 1766 non

109 1807 249 1865 potuit
277 1820 409 1863 usque
442 1806 495 1849 ad
514 1805 656 1849 Nonas
677 1804 801 1860 Maii3
835 1817 915 1861 quo
948 1803 1015 1847 die
1043 1817 1120 1847 nos
1153 1816 1318 1846 eramus
1341 1802 1453 1860 apud
1474 1801 1675 1857 Sutrium,
1700 1812 1769 1842 Mai.
1790 1812 1807 1842 7

112 1885 325 1929 civitatem
356 1884 545 1939 Tusciae,
576 1883 622 1926 in
653 1882 769 1926 curia
800 1882 942 1926 domni
971 1895 1081 1940 pape
1108 1881 1290 1937 Eugenii
1309 1880 1378 1924 III.
1423 1880 1530 1923 Tum
1561 1880 1677 1924 deni-

113 1977 206 2021 que,
238 1963 310 2007 vix
330 1962 501 2006 tandem
520 1975 650 2005 unum
672 1961 897 2019 sapientes,
930 1960 1146 2016 elegerunt
1165 1960 1304 2003 virum
1324 1959 1514 2014 integrae
1540 1958 1677 2002 famae

113 2045 156 2086 et
185 2041 380 2085 laudatae
411 2039 752 2095 conversationiS,
782 2038 1029 2083 Heinricum
1048 2038 1311 2097 prepositum
1342 2037 1529 2081 eiusdem
1558 2051 1678 2081 mon-

115 2120 280 2176 asterii,
327 2120 399 2177 qui
438 2133 463 2162 a
507 2119 658 2162 domno
702 2131 801 2173 rege
839 2118 1062 2161 investitus
1103 2120 1167 2160 est
1213 2115 1265 2160 3¹·
1300 2115 1443 2160 Nonas
1481 2115 1676 2172 Augusti.
1700 2124 1775 2162 Aug·
1795 2125 1813 2153 3

115 2198 204 2251 Quo
234 2202 423 2256 tempore
454 2211 530 2241 nos
562 2210 728 2240 eramus
759 2197 804 2239 in
836 2195 1074 2240 Stabulensi
1104 2194 1374 2250 monasterio,
1405 2195 1478 2237 vix
1508 2197 1680 2252 recepta

114 2291 200 2322 non
240 2277 293 2321 ad
333 2277 504 2335 plenum
549 2275 809 2329 valetudine3
857 2274 1055 2331 quoniam
1100 2274 1216 2317 febre
1260 2273 1451 2316 Romana
1497 2273 1679 2329 quinque

117 2355 415 2400 ebdomadibus
463 2354 575 2412 apud
610 2353 831 2397 Viterbum
876 2353 1203 2397 decubueramus
1251 2355 1311 2407 et,
1352 2351 1396 2394 vi
1433 2365 1518 2395 non
1558 2354 1679 2394 natu-

116 2433 218 2478 ralis
257 2433 406 2477 caloris
446 2436 540 2476 cute
579 2435 621 2476 et
659 2431 851 2475 omnibus
888 2430 987 2488 pilis
1028 2430 1213 2486 amissis,
1251 2430 1392 2474 fauces
1429 2429 1577 2472 mortis
1608 2429 1679 2472 vix

119 2525 396 2557 evaseramus.

240 2589 357 2634 Sedit
386 2589 528 2646 itaque
553 2588 767 2632 ordinatus
788 2586 1057 2643 predecessor
1076 2586 1218 2629 noster
1237 2599 1368 2641 usque
1391 2586 1416 2629 8
1438 2584 1535 2628 Idus
1557 2584 1681 2628 Octo-
1705 2596 1769 2627 Oet.
1786 2598 1804 2627 8

120 2668 220 2724 bris,
252 2671 294 2712 et
323 2668 436 2712 viam
465 2668 686 2712 universae
717 2665 854 2710 carnis
884 2664 1097 2719 ingressus
1129 2666 1204 2706 est.
1307 2662 1466 2706 Orbata
1486 2676 1584 2718 ergo
1603 2663 1681 2706 ite—

120 2760 215 2790 rum
252 2746 514 2790 Corbeiensis
556 2745 758 2790 aecclesia
796 2756 869 2786 suo
907 2745 1076 2799 pastore
1113 2755 1189 2784 nos
1227 2740 1418 2785 absentes
1458 2744 1499 2784 et
1535 2741 1682 2798 procul

119 2825 279 2883 positos
316 2825 506 2869 unanimi
540 2838 713 2882 prorsus
745 2821 980 2866 coniventia
1009 2820 1053 2863 in
1082 2822 1246 2877 patrem
1277 2822 1319 2863 et
1348 2822 1561 2876 pastorem
1592 2820 1681 2863 ani·
1705 2829 1769 2860 Oct.
1786 2831 1825 2860 20

121 2917 285 2947 marum
315 2917 486 2947 suarum
514 2902 750 2947 voluntarie
787 2898 1004 2957 adoptavit
1042 2900 1083 2942 et
1121 2897 1246 2953 elegit
1280 2898 1324 2940 in
1354 2897 1549 2955 capitolio
1580 2897 1681 2942 Cor-

221 3007 247 3028 a.
275 2999 430 3038 §cesserat
451 3010 476 3028 c.
559 2998 588 3027 b.
610 2997 650 3027 VI
672 3003 715 3027 es!
737 2999 767 3027 in
788 2998 854 3035 ipso
877 2995 981 3026 codice
1003 3001 1162 3025 correctum
1184 2995 1212 3024 in
1235 2993 1294 3024 111..
