1924 3288
525 188 724 220 wmALm
753 187 1002 219 nprsromn
1033 185 1105 217 420.
1124 185 1195 217 421.
1553 173 1639 218 557

77 281 279 328 iniuriose
315 282 427 327 facta
466 286 710 341 appareant.
772 282 976 340 Relinque
1014 282 1144 338 igitur
1173 283 1337 326 vestrae
1371 280 1563 336 diligenti
1593 294 1643 325 ac

77 361 257 406 discrete
286 361 604 419 dispensationi,
636 362 855 418 dignitatis
876 364 1041 405 vestrae
1071 359 1339 418 prerogativa
1360 362 1403 404 et
1422 359 1641 403 familiari-

75 439 176 484 tatis
207 442 373 484 vestrae
410 440 726 484 conservatione
764 440 940 483 iniurias
979 439 1190 495 utrimque
1227 438 1360 482 factas
1398 438 1638 482 terminare.

77 516 203 563 Scitis
243 518 376 574 enim,
415 519 612 575 quoniam
651 518 869 562 castellum
903 531 1044 562 meum
1076 516 1228 560 Salmis
1260 519 1303 560 et
1332 518 1492 571 cetera,
1534 529 1640 572 quae

75 595 291 654 possideo,
329 596 375 640 in
413 610 517 654 pace
547 600 589 641 et
617 597 663 640 in
693 610 845 653 guerra
874 596 993 640 vobis
1024 595 1132 639 sicut
1161 594 1265 638 mihi
1294 597 1444 652 parata
1474 607 1641 651 semper

75 674 290 719 suberunt.
352 674 502 719 Vester
532 675 669 720 enim·
699 675 832 718 honor
862 678 940 730 est,
971 673 1173 718 honorem
1203 686 1344 716 meum
1373 675 1462 716 tam
1491 672 1535 715 in
1568 672 1640 715 ab-

75 752 211 797 sentia
248 766 344 797 mea
381 767 508 810 quam
545 753 590 796 in
626 753 840 811 presentia
877 752 1087 808 diligendo
1124 765 1371 795 conservare
1402 753 1444 794 et
1473 763 1640 794 conser-

74 830 211 875 vando
240 831 363 875 tueri.
411 830 530 883 Quod
559 831 810 875 iniuriarum
839 834 1074 875 vestrarum
1105 829 1318 886 querelam
1348 829 1504 886 scripto
1535 828 1640 872 mihi

75 907 356 965 significastis,
387 909 438 953 de
469 909 565 952 sinu
595 909 830 953 dilectionis
860 912 1025 953 vestrae
1056 907 1218 952 affirmo
1249 907 1524 965 processisse3
1564 920 1639 950 no-

75 990 208 1031 stram
243 987 359 1045 prior
395 987 514 1031 vobis
555 986 878 1043 significassem,
925 987 963 1031 si
998 986 1182 1031 reversio
1220 989 1361 1030 vestra
1399 985 1504 1029 mihi
1540 988 1640 1029 nota

74 1065 236 1110 fuisset.
286 1065 464 1110 Veniam
495 1065 549 1108 ad
578 1079 652 1109 vos
684 1080 810 1123 quam
841 1066 968 1110 cicius
998 1068 1158 1122 potero,
1190 1064 1308 1108 vobis
1339 1063 1552 1107 locuturus
1584 1067 1638 1119 et,

73 1143 291 1200 utriusque
320 1143 477 1188 honore
506 1147 765 1200 conservato,
798 1144 988 1189 discretis
1002 1135 1007 1141 ’
1020 1142 1282 1188 sermonibus
1304 1142 1456 1186 vestris
1480 1142 1639 1186 obtem-

74 1235 240 1280 perans.

75 1363 194 1411 421.
220 1366 430 1410 Wibaldus
456 1366 584 1424 leqem
613 1368 824 1425 quandam
847 1365 1129 1409 stabulensem
1154 1365 1382 1424 confirmat.
1431 1362 1502 1417 (M.
1521 1364 1639 1417 403.)

192 1454 241 1498 In
284 1455 454 1499 nomine
499 1458 668 1500 sanctae
706 1458 748 1499 et
786 1454 1026 1498 individuae
1063 1453 1267 1520 trinitatis
1304 1452 1521 1497 Wiboldus
1560 1453 1642 1497 Dei

73 1532 362 1577 misericordia
406 1532 667 1578 Stabulensis
718 1533 846 1577 abbas
899 1532 1206 1577 successoribus
1258 1532 1344 1576 suis
1392 1535 1434 1576 et
1479 1532 1639 1576 cunctis

74 1610 231 1655 Christi
259 1610 451 1656 fidelibus
480 1612 526 1655 in
555 1615 819 1670 perpetuum.

191 1688 441 1734 Prelationis
473 1690 639 1734 sarcina
669 1693 711 1734 et
741 1688 866 1733 officii
896 1689 1031 1732 nostri
1060 1688 1301 1732 institutum
1330 1701 1406 1732 nos
1430 1689 1640 1732 constanti

74 1767 236 1812 ratione
272 1767 486 1824 hortatur,
525 1771 573 1812 ut
609 1781 694 1811 non
723 1767 860 1811 solum
889 1770 1142 1822 congregata
1172 1780 1339 1810 servare
1371 1770 1412 1810 et
1443 1767 1498 1810 ad
1526 1770 1639 1811 recte

74 1846 243 1890 vivendi
272 1846 539 1903 disciplinam
568 1845 778 1890 moderari
807 1845 1047 1900 debeamus,
1079 1848 1143 1888 set
1174 1845 1301 1889 etiam
1330 1844 1521 1902 dispersa
1541 1858 1638 1889 con-

73 1938 247 1980 gregare
278 1927 321 1968 et
351 1924 404 1968 ad
433 1924 625 1969 iusticiae
649 1937 839 1968 normam
860 1935 1070 1979 revocare,
1103 1926 1145 1967 et
1165 1936 1227 1978 ea,
1259 1936 1365 1979 quae
1386 1922 1453 1967 vel
1474 1923 1499 1967 a
1517 1923 1638 1967 nobis

73 2006 186 2047 recte
216 2006 418 2059 geruntur
437 2002 504 2047 vel
535 2003 586 2047 ab
618 2003 801 2060 antiquis
828 2016 957 2060 prave
980 2005 1074 2046 acta
1093 2001 1371 2058 corriguntur,
1401 2001 1639 2046 litterarum

72 2078 272 2124 beneficio
323 2082 523 2124 attentius
574 2081 801 2125 memoriae
848 2080 1152 2125 commendare.
1229 2078 1430 2131 Quocirca
1476 2080 1640 2124 noverit

74 2158 261 2202 omnium
291 2157 473 2202 filiorum
504 2163 672 2203 sanctae
703 2158 927 2203 aecclesiae
958 2158 1178 2213 industria,
1210 2157 1321 2213 quod
1345 2157 1472 2202 abbas
1493 2157 1638 2216 Poppo

74 2236 293 2292 secundus,
330 2240 472 2281 noster
502 2238 646 2294 utique
675 2238 959 2295 predecessor,
990 2236 1100 2280 inter
1130 2235 1264 2279 multa
1292 2249 1376 2279 non
1409 2235 1545 2280 solum
1574 2236 1639 2279 in-

74 2314 195 2358 utilia
230 2318 294 2359 set
324 2315 451 2359 etiam
482 2316 596 2359 omni
626 2315 865 2372 posteritati
893 2318 1062 2358 nostrae
1092 2313 1261 2370 nociva,
1301 2327 1407 2370 quae
1439 2314 1638 2358 adversus

75 2392 319 2437 aecclesiam
349 2393 431 2437 sibi
461 2393 727 2437 commissam
758 2396 800 2437 et
830 2393 1030 2436 adversus
1063 2392 1246 2435 animam
1276 2405 1395 2435 suam
1414 2406 1637 2450 perperam

74 2471 303 2527 commisit,
342 2475 439 2529 post
469 2471 717 2528 dissipatam
748 2471 973 2515 enormiter
1003 2470 1180 2514 multam
1211 2469 1489 2514 substantiam
1519 2484 1637 2514 mon-

75 2549 231 2605 asterii,
263 2550 391 2594 etiam
422 2563 622 2606 personas
648 2548 872 2593 aecclesiae
892 2548 1150 2605 pertinentes
1170 2548 1216 2591 in
1237 2548 1507 2605 obprobrium
1529 2562 1637 2592 sem-

73 2626 285 2684 piternum
316 2628 604 2685 precipitavit:
638 2627 802 2684 quando
826 2626 991 2670 cuidam
1014 2625 1229 2670 Everardo
1261 2626 1312 2669 de
1332 2625 1490 2670 Richen
1522 2626 1637 2670 dedit

73 2703 120 2748 in
157 2703 425 2762 beneficium,
467 2706 595 2749 immo
627 2708 674 2748 ut
703 2705 842 2749 verius
874 2704 1036 2748 dicatur
1066 2704 1111 2747 in
1140 2703 1412 2760 maleficium,
1449 2704 1636 2747 virorum

75 2795 124 2826 ac
152 2782 376 2827 mulierum
402 2783 627 2827 raciocinia
647 2786 689 2827 et
708 2782 948 2838 utilitatem,
979 2785 1120 2840 preter
1141 2795 1311 2826 censum
1332 2782 1480 2838 solum,
1513 2796 1635 2838 quem

76 2860 300 2904 aecclesiae
331 2861 567 2916 solvebant3
601 2861 672 2917 qui
702 2860 947 2905 habitabant
978 2860 1003 2905 a
1024 2860 1218 2918 proxima
1242 2861 1495 2905 monasterio
1517 2860 1634 2916 silva,

173 2964 200 2986 a.
227 2955 274 2986 .Η.
297 2956 364 2987 cod.

1715 283 1807 319 1153

1609 359 1617 368 .
1654 342 1681 364 c.
1692 333 1768 370 Aug.
1782 333 1865 371 Sept.

1713 1463 1806 1499 1153

1653 1521 1679 1543 c.
1692 1513 1767 1550 Aug.
1781 1513 1865 1552 Sept.
