1924 3288
282 178 369 223 238
786 191 984 222 wmAnm
1010 190 1232 224 imsrom
1260 190 1331 222 150.

158 290 257 370 11461
280 287 408 330 vestri
435 286 603 330 consilii
629 286 751 329 verbo
780 287 968 330 recedere
995 301 1261 344 nequaquam
1279 287 1521 330 valeamus..
1541 285 1692 344 Nm
1710 300 1843 340 m,

144 339 211 370 Nov

239 340 321 408 lei
351 373 479 422 qrata
515 364 634 407 nobis
666 372 767 407 esset
794 364 917 408 huius
949 365 1165 422 diqnitatie
1197 365 1372 418 oblatio,
1410 366 1451 407 ei
1478 362 1733 414 Coo-baim
1740 377 1836 416 aaa·

282 442 429 486 cleeiae
457 457 624 500 preesse
653 443 772 486 iuata
802 457 922 486 suam
951 442 1184 486 electionem
1213 451 1518 501 appeteremus,
1555 441 1633 490 hoc
1660 441 1742 490 cub
1754 457 1844 500 ως

282 529 388 564 certo
419 520 698 563 multitudinis
729 535 900 563 assensu
929 529 1212 574 tractaremus,
1249 529 1458 578 sequentes
1487 519 1687 568 videlicet-
1702 520 1841 571 ami

281 599 479 641 desiderii
507 599 787 655 propositum.
834 598 962 642 anc
997 614 1115 652 vero,
1154 599 1249 642 Deo
1285 600 1496 652 adiutore,
1534 600 1670 644 naam
1696 599 1838 649 em

279 677 545 718 intentionem
573 677 635 719 ita
653 676 940 731 firmavimus,
972 685 1019 720 ut
1048 692 1098 720 ea
1125 677 1245 720 nobis
1276 677 1444 720 concilii
1464 678 1608 734 portio
1631 683 1842 735 parm

279 755 347 806 sit,
381 768 501 810 quae,
534 754 714 797 donante
735 753 903 811 Spiritu
932 763 1088 808 sancto,
1121 755 1240 798 nobw
1272 757 1299 797 ά
1328 763 1464 798 vestra
1472 754 1753 811 fraternitate
1763 755 1838 802 (1·-

279 833 427 874 timata
450 831 603 888 fuerit.
650 831 744 875 Hoc
781 840 941 876 tantam
976 841 1154 876 vestram
1184 833 1458 890 prudentiam
1493 846 1731 878 ammonere
1761 846 1838 881 u·-

281 923 494 966 quaquam
514 909 764 964 dubitamus,
789 919 836 954 ut
855 936 911 942 —
942 919 1144 967 quantum
1157 925 1240 968 per
1258 910 1347 953 Dei
1356 911 1686 967 providentiam
1706 910 1838 958 corda

278 987 492 1030 hominum
527 989 726 1031 moventis
757 997 795 1032 et
823 990 869 1031 in
899 1003 1041 1032 eorum
1071 988 1264 1032 cordibus
1296 989 1508 1045 operantis
1538 989 1598 1031 ad
1625 987 1837 1035 inclinav-

279 1065 356 1108 das
387 1080 529 1109 eorum
556 1066 785 1110 voluntates
816 1080 1060 1123 quocunque
1079 1066 1268 1119 voluerit,
1299 1074 1458 1109 vestrae
1480 1066 1725 1112 dacraioeci
1742 1065 1837 1115 Καὶ

279 1151 366 1187 tum
395 1151 454 1186 eet
480 1169 536 1175 -—-
563 1144 640 1187 Ιιοσ
663 1144 944 1201 provideatis,
982 1144 1058 1187 hoc
1089 1144 1328 1197 consulatis,
1360 1143 1438 1186 hoc
1466 1144 1694 1198 suadeam,
1722 1143 1839 1201 quad

279 1221 497 1264 animabus
537 1229 575 1264 et
611 1221 854 1278 corporibus
887 1223 1041 1265 nostris
1073 1230 1198 1278 atque
1225 1223 1476 1264 monasterio
1507 1229 1640 1266 vestro
1669 1221 1771 1266 utile
1797 1228 1841 1281 ἢν

278 1307 410 1342 tutmn
437 1300 618 1342 maxime
646 1299 900 1342 iudicabitis.
1013 1298 1146 1342 Tanto
1177 1298 1361 1356 pondere
1391 1298 1474 1343 sibi
1501 1298 1725 1356 imposito,
1743 1297 1838 1346 fram

276 1379 364 1420 tres
393 1375 579 1433 primum
608 1376 801 1420 exterriti
829 1376 1010 1432 fuerunt,
1046 1375 1190 1420 sedulo
1219 1379 1423 1433 petentes,
1454 1378 1502 1420 ut
1530 1375 1712 1421 fratrum
1738 1388 1839 1425 anov-

277 1467 373 1497 rum
409 1453 481 1509 qui
519 1453 694 1497 aberant
728 1456 770 1497 et
797 1453 1137 1498 ministerialium
1166 1453 1392 1497 aecclesiae
1421 1454 1679 1510 presentiam
1708 1465 1837 1511 expe-

277 1533 391 1575 ctare
418 1530 620 1587 valerent,
651 1544 749 1574 cum
778 1531 927 1587 quibus
958 1531 1263 1575 communicato
1291 1530 1478 1587 consilio,
1509 1530 1611 1588 quid
1631 1530 1837 1588 optimum

276 1608 391 1653 factu
418 1608 651 1664 videretur,
688 1609 849 1666 pariter
880 1609 1135 1662 ordinarent.
1184 1608 1272 1652 Nos
1303 1611 1474 1652 econtra
1501 1608 1749 1653 instantiam
1775 1607 1839 1656 l&-

277 1690 470 1742 gatorum
505 1686 593 1730 iam
627 1686 795 1742 regredi
831 1686 1161 1731 desiderantium
1191 1686 1525 1744 opponebamus,
1566 1689 1609 1730 et
1636 1685 1838 1744 precipue

278 1764 365 1808 voti
394 1764 530 1808 nostri
560 1777 608 1807 ac
639 1764 875 1821 sponsionis
906 1764 1132 1820 vinculum,
1172 1778 1252 1820 quo
1284 1764 1344 1808 sic
1374 1763 1549 1819 obligati
1579 1777 1764 1820 oramina,
1781 1765 1838 1813 m

278 1842 355 1886 sub
386 1842 532 1886 eadem
560 1841 665 1886 hora
695 1842 747 1886 ab
776 1842 856 1898 his,
889 1842 960 1899 qui
989 1845 1206 1900 presentes
1232 1845 1366 1898 erant,
1396 1841 1503 1886 solvi
1523 1841 1568 1886 in
1588 1840 1836 1888 alterutrum

277 1923 442 1977 partem
471 1923 696 1977 oporteret.

396 1997 561 2054 Itaque,
602 1997 766 2042 emissis
796 1997 917 2041 nobis
949 2011 975 2041 a
1004 1996 1220 2055 capitolio,
1258 1996 1432 2052 fratres,
1462 1995 1692 2054 plurimum
1721 1994 1838 2041 anxii

279 2088 327 2119 ac
361 2078 570 2119 merentes
600 2088 750 2119 causae
780 2075 903 2119 huius
933 2078 1156 2131 utrumque
1185 2073 1295 2118 latus
1326 2073 1502 2117 sollicite
1531 2075 1837 2130 pertractate-

278 2153 431 2210 diuque
462 2166 510 2197 ao
540 2152 720 2197 multum
749 2153 859 2196 inter
887 2156 1111 2209 utrumque
1141 2151 1338 2207 cunctati,
1372 2150 1534 2206 legatos
1562 2149 1734 2195 tandem
1762 2149 1836 2197 ad·

278 2231 496 2286 miserunt,
527 2230 656 2274 totius
686 2231 748 2274 rei
778 2234 920 2286 gestae
951 2230 1142 2274 ordinem
1168 2227 1333 2286 plenius
1364 2227 1579 2272 addiscere
1606 2227 1836 2286 cupientes.

279 2308 420 2353 Bruno
458 2308 698 2365 prepositus
729 2322 862 2352 novae
893 2307 1131 2363 aecclesiae,
1163 2307 1236 2364 qui
1264 2306 1375 2350 inter
1403 2305 1555 2349 missos
1587 2308 1678 2349 erat
1705 2304 1836 2351 hunn-

279 2387 430 2443 ratior,
476 2385 724 2443 loquebatur
775 2386 980 2442 quaedam
1025 2384 1221 2441 grandia,
1273 2382 1486 2428 videlicet:
1542 2381 1837 2430 corbeiensem

280 2464 523 2509 aecclesiam
554 2464 620 2507 ius
649 2463 829 2508 liberum
849 2462 1063 2507 electionis
1082 2461 1249 2517 habere,
1281 2474 1362 2518 quo
1382 2473 1493 2504 nunc
1513 2463 1623 2503 esset
1642 2472 1720 2504 usa
1737 2472 1836 2505 cou-

279 2542 461 2586 corditer
499 2545 542 2585 et
576 2541 731 2598 absque
761 2540 848 2584 ulla
877 2540 944 2584 vel
973 2540 1138 2584 minimi
1167 2538 1287 2583 verbi
1314 2537 1595 2591 dissensione3
1633 2537 1836 2593 futurum,

278 2623 328 2664 ut
354 2619 473 2677 prius
505 2618 588 2663 tria
617 2618 735 2662 milia
763 2631 1002 2662 marcarum
1026 2617 1190 2673 argenti
1209 2615 1475 2673 expenderet,
1506 2628 1633 2670 quam
1653 2613 1705 2659 ab
1725 2613 1836 2671 opti-

280 2697 415 2741 nendo
447 2696 577 2741 electo
609 2710 683 2740 suo
715 2695 954 2750 desisteret3
992 2694 1192 2740 Corbeiae
1220 2693 1425 2738 maximas
1457 2695 1499 2735 et
1527 2694 1700 2749 pacatas
1729 2690 1835 2736 divi-

280 2775 361 2818 tias
393 2788 498 2830 esse,
529 2774 680 2818 fiatres
710 2773 955 2829 religionem
985 2776 1128 2817 tenere
1158 2775 1201 2816 et
1230 2774 1277 2815 ut
1306 2772 1506 2825 augeatur
1530 2768 1767 2814 desiderare
1786 2780 1836 2813 ac

279 2855 442 2908 petere3
474 2850 769 2895 ministeriales
799 2850 920 2895 valde
951 2849 1177 2907 locupletes
1202 2862 1305 2903 esse,
1336 2846 1498 2890 nullum
1519 2846 1630 2891 inter
1651 2859 1720 2890 eos
1740 2858 1834 2891 ver-

279 2928 378 2971 bum
417 2942 491 2972 seu
526 2928 708 2984 litigium
745 2928 796 2971 de
836 2927 1159 2971 villicationibus
1197 2924 1447 2969 hereditario
1478 2924 1569 2968 iure
1599 2922 1832 2969 obtinendis
