1924 3288
502 234 702 265 wmALm
730 234 979 266 Ems'ronffl
1008 233 1079 264 169.
1104 233 1173 264 170.
1533 221 1619 266 289

61 325 176 375 1693
205 330 464 374 Gorbeienses
489 330 721 375 Wibaldum
749 332 1015 389 interroyant,
1048 330 1305 374 Hermanno
1329 345 1467 387 puero
1488 331 1534 373 in
1556 345 1619 373 ec-

203 408 367 451 clesiam
386 408 722 452 Kaminatensem
751 410 801 452 de
822 416 922 452 teoto
947 409 1225 466 praecipitato
1258 415 1296 451 et
1314 415 1488 463 mortuo,
1521 423 1622 450 num

202 487 354 530 ibidem
384 501 506 530 sacra
530 502 763 544 procurare
793 488 924 530 liceat.
1404 483 1475 539 (M.
1503 485 1619 540 153.)

172 574 404 619 Karissimo
436 575 603 619 domino
644 590 718 620 suo
760 579 802 619 et
837 576 951 633 patri
982 574 1173 620 Wibaldo
1205 575 1448 620 Corbeiensi
1479 575 1621 620 abbati
1646 576 1738 612 1149

53 651 206 696 fratres
233 651 505 697 Corbeienses
533 654 718 698 debitam
749 653 1032 698 obedientiam
1063 657 1105 698 et
1135 654 1330 698 devotam
1361 654 1621 698 orationum¹¹

53 731 424 788 perseverantiam.

173 808 294 861 Quod
323 809 375 854 de
406 809 545 866 aliquo
581 809 717 853 tristis
753 810 817 853 rei
848 823 948 853 casu
978 813 1163 853 vestram
1192 810 1493 867 paternitatem
1524 823 1622 854 con-

54 887 225 931 turbare
261 887 480 943 debemus,
519 901 649 945 supra
684 888 857 931 modum
893 888 977 945 ipsi
1015 887 1216 932 dolemus.
1273 887 1347 932 Set
1386 889 1485 945 quia
1524 901 1621 932 con-

54 978 206 1021 gruum
236 968 314 1021 est,
344 969 393 1009 ut
422 966 564 1009 omnia
593 969 758 1010 vestrae
789 966 988 1010 scientiae
1018 966 1133 1010 nuda
1163 970 1205 1010 et
1236 970 1384 1024 aperta
1406 967 1505 1023 sint,
1538 980 1622 1010 non

54 1036 210 1100 absque
239 1056 392 1099 magno
423 1044 560 1088 cordis
592 1045 772 1100 gemitu,
813 1044 925 1101 quod
961 1058 1038 1102 pro
1076 1044 1261 1101 peccatis
1300 1045 1456 1088 nostris
1487 1058 1623 1102 nuper

54 1121 167 1179 apud
196 1120 465 1166 Kaminatam
497 1122 648 1167 accidit
679 1137 731 1166 ex
758 1123 1036 1180 permissione
1057 1122 1152 1179 Dei,
1183 1125 1350 1167 vestrae
1373 1122 1623 1180 prudentiae

53 1203 200 1244 notum
228 1200 419 1244 facimus.
467 1200 725 1245 Duodecimo
756 1201 849 1245 Kal.
876 1200 976 1259 May
1007 1201 1178 1258 quidam
1209 1201 1260 1244 de
1290 1201 1434 1258 pueris
1465 1202 1622 1245 nostris
1644 1204 1717 1244 Apr.
1734 1205 1773 1235 2⁰

54 1278 283 1323 scolaribus
314 1278 617 1336 Herimannus,
657 1283 858 1336 cognatus
895 1279 1039 1323 fratris
1076 1278 1212 1322 nostri
1242 1278 1525 1334 Her(imanni)
1557 1293 1622 1324 se-

53 1357 206 1413 nioris,
247 1371 343 1401 cum
381 1357 462 1401 alio
501 1357 677 1417 puerulo
716 1372 843 1415 super
873 1361 1033 1402 tectum
1063 1355 1262 1402 ecclesiae
1293 1357 1620 1414 Kaminatensis,

55 1434 166 1492 quod
195 1436 360 1480 noviter
380 1436 549 1492 tegitur,
583 1436 829 1480 ascenderat
850 1436 1052 1480 fratribus
1072 1437 1229 1480 nostris
1250 1437 1548 1493 nescientibus,
1581 1439 1623 1480 et

55 1513 269 1557 accidente
299 1527 399 1558 casu
430 1515 481 1558 de
513 1528 739 1572 suppremo
777 1514 946 1570 fastigio
985 1515 1086 1558 tecti
1115 1528 1193 1572 per
1223 1514 1396 1572 laquear
1426 1515 1472 1559 in
1501 1515 1622 1572 pavi-

53 1595 242 1635 mentum
266 1592 421 1636 decidit
451 1596 493 1636 et
514 1593 659 1636 statim
678 1592 835 1636 ibidem
859 1593 1082 1650 expiravit,
1113 1596 1155 1637 et
1174 1596 1365 1637 mortuus
1388 1593 1522 1637 elatus
1545 1597 1620 1637 est.

54 1669 190 1714 Locus
221 1674 363 1715 autem
393 1671 540 1715 ruinae
571 1671 616 1714 in
649 1671 886 1728 aquilonari
918 1671 1062 1715 abside
1091 1671 1173 1715 fuit
1191 1672 1312 1715 iuxta
1333 1671 1466 1716 altare
1488 1673 1623 1716 sancti

55 1747 272 1805 Dyonisii3
303 1749 376 1792 ubi
407 1762 503 1792 cum
531 1749 753 1804 diligenter
774 1750 985 1806 quesitum
1007 1753 1130 1805 esset,
1162 1750 1343 1794 inveniri
1364 1764 1450 1794 non
1469 1751 1621 1808 potuit,

57 1826 168 1882 quod
208 1826 411 1870 aecclesia
448 1828 651 1882 sanguine
688 1827 802 1871 illius
833 1828 995 1885 polluta
1026 1828 1093 1871 sit.
1158 1828 1319 1886 Corpus
1353 1829 1538 1872 defuncti
1569 1829 1623 1872 ad

55 1903 203 1948 novale
227 1904 340 1962 apud
357 1904 551 1948 Sanctam
568 1905 747 1949 Mariam
768 1906 981 1963 sepultum
1002 1909 1076 1950 est.
1110 1905 1280 1950 Fratres
1301 1906 1622 1950 Kaminatenses

54 1986 202 2039 postea
223 1983 413 2027 divinum
435 1982 617 2027 officium
637 1984 682 2027 in
705 1983 907 2027 aecclesia
921 1998 1006 2027 non
1027 1983 1355 2028 celebraverunt.
1389 1984 1525 2042 Super
1544 1985 1623 2029 hac

55 2074 102 2104 re
131 2061 378 2104 mandatum
408 2065 596 2105 vestrum
627 2065 909 2119 expectamus.
957 2062 1044 2106 Nec
1064 2062 1143 2106 hoc
1172 2062 1304 2106 lateat
1324 2063 1622 2107 discretionem

56 2142 253 2195 vestram,
284 2139 394 2196 quod
415 2139 527 2197 apud
546 2139 816 2184 Kaminatam
836 2141 881 2183 in
901 2141 1009 2184 turri
1039 2140 1262 2196 singularis
1285 2141 1484 2185 ecclesiae
1506 2142 1622 2186 dedi-

56 2217 165 2260 catio
186 2220 271 2272 est3
294 2217 367 2261 ubi
388 2218 423 2261 si
442 2217 568 2262 liceat
588 2218 732 2262 divina
751 2218 967 2274 celebrari,
989 2218 1215 2276 prudentia
1234 2222 1376 2263 vestra
1396 2220 1619 2264 discernat.

62 2359 176 2406 170.
201 2362 412 2406 Wibaldus
454 2363 712 2407 Corbeienses
754 2365 804 2406 de
843 2363 1030 2407 Heinrici
1061 2366 1188 2421 pueri
1226 2366 1336 2408 obitu
1376 2366 1619 2408 consolatur.

204 2440 393 2495 Mandat,
426 2442 579 2484 adeant
609 2442 843 2499 episcopum
875 2442 1144 2496 Mindensem,
1176 2450 1222 2484 ut
1246 2443 1382 2500 expiet
1412 2443 1621 2485 ecclesiam

203 2518 550 2563 Kaminatensem.
1405 2518 1477 2573 (M.
1504 2519 1619 2574 154.)

174 2606 391 2651 Wibaldus
422 2608 503 2652 Dei
540 2608 678 2664 gratia
709 2607 971 2652 Corbeiensis
1010 2607 1138 2652 abbas
1177 2607 1339 2652 dilectis
1377 2608 1422 2652 in
1453 2608 1619 2653 Christo
1648 2616 1739 2673 1149

56 2684 257 2729 fratribus
296 2689 338 2729 et
373 2685 471 2730 filiis
509 2686 829 2730 Corbeiensibus
867 2686 1201 2730 benedictionem
1242 2690 1283 2730 et
1320 2687 1452 2730 vitam
1489 2701 1620 2745 usque

57 2763 102 2807 in
134 2763 331 2808 seculum.

176 2841 332 2886 Mestos
362 2855 436 2886 vos
468 2854 558 2886 esse
580 2846 621 2887 et
643 2841 818 2886 afflictos
844 2842 982 2885 animo
1006 2855 1132 2899 super
1152 2842 1327 2886 interitu
1347 2843 1469 2900 pueri
1490 2844 1618 2888 vestri

58 2921 101 2963 et
129 2919 271 2964 fratris
302 2919 597 2976 H(erimanni),
628 2919 795 2964 litterae
825 2923 988 2963 vestrae
1021 2920 1073 2963 ad
1099 2933 1176 2964 nos
1197 2922 1470 2966 transmissae
1500 2926 1618 2980 pate-

154 3013 181 3034 α.
210 2994 282 3034 ora't‘
297 3004 365 3034 cod.

119 3059 222 3095 [Iani.
244 3062 435 3092 Bibliotheca
456 3063 479 3092 Ι.
1077 3095 1081 3098 ,
1289 3063 1334 3099 19
