1924 3288
305 215 393 263 532
750 226 949 259 wmAnm
976 223 1226 259 nrxsronffl
1253 222 1324 256 399.
1347 223 1418 255 40⁰.

190 329 282 366 1152
305 337 541 383 possumus.
590 321 702 368 Ordo
731 321 977 367 monasterii
1000 321 1135 366 nostri
1152 321 1279 365 habet
1297 320 1428 364 immo
1448 317 1590 363 omnia
1607 315 1862 363 monasteria

304 403 441 447 nostri
471 401 630 447 ordinis
659 401 769 445 hanc
798 399 1107 445 observantiam
1135 402 1299 454 tenent,
1338 400 1407 453 ut,
1446 396 1483 440 si
1514 395 1680 453 quando
1709 391 1861 453 aliquis

304 482 485 526 fratrum
520 482 761 524 nostrorum
799 478 926 523 abbas
964 477 1018 521 ad
1054 476 1168 521 aliud
1203 474 1505 520 monasterium
1542 471 1755 530 eligendus
1785 474 1863 528 est,

304 560 423 618 prius
454 573 480 603 a
509 558 630 603 nobis
661 560 704 602 et
724 557 749 601 a
766 556 966 600 fratribus
996 554 1152 599 nostris
1182 567 1308 611 quam
1339 552 1391 596 ab
1422 552 1632 596 extraneis
1662 546 1862 608 eligatur3

305 651 383 683 nec
413 637 554 694 aliqua
581 635 702 680 nobis
733 648 915 692 persona
942 634 1053 679 inter
1071 633 1223 676 fratres
1243 634 1410 675 nostros
1429 629 1476 673 in
1496 629 1689 674 abbatem
1708 628 1761 673 ab
1781 626 1864 673 alio

305 714 558 759 monasterio
589 713 657 758 vel
687 713 712 757 a
742 712 927 770 quolibet
954 711 1171 755 hominum
1209 723 1262 754 ex
1298 707 1466 752 nomine
1503 707 1764 764 designetur,
1800 699 1866 750 set

306 793 537 851 assumptio
566 791 711 835 fratris
740 790 876 834 nostri
905 788 1126 834 cuiuslibet
1154 788 1200 831 in
1230 790 1373 830 nostro
1413 785 1586 830 arbitrio
1617 787 1660 830 et
1686 779 1866 828 fratrum

307 885 478 916 suorum
524 869 724 914 electione
766 867 1070 924 relinquatur·;
1116 865 1340 923 presertim
1384 877 1480 908 cum
1523 862 1664 908 vultus
1700 860 1865 920 pecoris

306 949 443 994 nostri
470 948 621 993 melius
643 948 668 992 a
686 946 808 991 nobis
839 949 882 991 et
912 959 937 989 a
967 947 1100 989 semet
1128 943 1233 1001 ipsis
1264 955 1390 1000 quam
1414 941 1466 985 ab
1497 939 1707 986 extraneis
1738 951 1865 995 agno-

307 1031 470 1083 scatur,
507 1029 550 1071 et
577 1025 671 1070 ideo
702 1024 1014 1069 convenientius
1046 1022 1071 1066 a
1099 1021 1219 1065 nobis
1251 1023 1293 1065 et
1324 1034 1349 1064 a
1379 1019 1466 1064 suis
1496 1017 1757 1074 domesticis,
1794 1015 1867 1074 qui

307 1106 459 1162 dignus
491 1108 568 1161 est,
599 1103 790 1159 eligatur.
837 1101 918 1146 Hic
947 1101 1048 1145 ordo
1081 1102 1123 1144 et
1145 1098 1271 1143 haeeb
1293 1097 1558 1142 observantia
1575 1093 1865 1155 promotionis,

308 1182 408 1242 quia
438 1196 603 1240 semper
632 1181 679 1225 in
707 1179 960 1224 monasterio
990 1181 1135 1222 nostro
1167 1190 1263 1221 cum
1297 1189 1451 1231 magna
1481 1173 1698 1230 diligentia
1727 1175 1771 1217 et
1798 1184 1868 1216 ra-

307 1262 422 1307 tione
442 1261 686 1306 observatus
706 1259 801 1316 fuit,
821 1261 965 1303 nostro
981 1260 1170 1314 tempore
1185 1266 1449 1311 nequaquam
1463 1251 1680 1296 immutari
1696 1248 1865 1309 poterit.

310 1417 430 1464 400.
455 1417 667 1461 Wibaldus
690 1415 875 1458 Amoldo
899 1413 957 1456 II
982 1412 1286 1469 archiepiscopo
1321 1409 1561 1462 Coloniensi,
1593 1407 1764 1451 victoria
1786 1420 1868 1464 po-

459 1496 551 1545 tito,
578 1493 825 1551 gratulatur.
873 1490 1045 1544 Scribit,
1085 1490 1259 1532 Mindae
1289 1487 1391 1546 quid
1419 1487 1545 1544 eqen't
1574 1485 1642 1528 die
1670 1483 1729 1527 25
1756 1481 1868 1525 Iulii.

459 1572 656 1616 Heinrico
690 1571 880 1628 episcopo
911 1567 1121 1612 Mindon-si
1140 1565 1272 1624 favet.
1653 1557 1727 1615 (M.
1749 1557 1868 1613 365.)

147 1672 241 1709 1152
311 1676 314 1680 ’
430 1659 673 1705 Reverendo
702 1659 748 1702 in
769 1657 936 1702 Christo
956 1655 1071 1713 patri
1100 1667 1175 1698 suo
1206 1656 1248 1698 et
1267 1652 1435 1697 domino
1455 1649 1678 1706 A(rnoldo)
1699 1651 1869 1693 sanctae

98 1722 289 1805 poffffl‘fffi
313 1738 574 1785 Coloniensis
605 1736 829 1781 aecclesiae
859 1733 1088 1779 venerabili
1119 1731 1431 1789 archiepiscopo
1459 1729 1590 1774 frater
1619 1725 1869 1782 Wfibaldus)

312 1818 394 1863 Dei
423 1817 561 1873 gratia
589 1815 647 1871 id,
679 1814 791 1872 quod
821 1816 886 1858 est
914 1813 960 1856 in
991 1810 1191 1856 aecclesia
1211 1807 1428 1864 catholica,
1459 1807 1631 1863 exiguas
1661 1804 1870 1850 orationes

315 1900 358 1942 et
387 1896 584 1940 devotum
615 1892 845 1937 servitium.

433 1972 601 2017 Laetati
631 1983 775 2014 sumus
804 1968 850 2012 in
880 1967 960 2023 his,
992 1979 1099 2024 quae
1129 1966 1241 2009 dicta
1271 1967 1369 2008 sunt
1397 1962 1531 2018 nobis,
1563 1964 1606 2006 et
1632 1960 1679 2005 in
1700 1959 1871 2005 domum

315 2051 487 2096 Domini
516 2050 694 2094 letantes
726 2050 769 2091 et
798 2045 956 2102 gratias
988 2047 1157 2100 agentes
1186 2038 1363 2087 ivimus¹
1380 2054 1458 2098 pro
1485 2053 1548 2096 eo,
1579 2038 1691 2096 quod
1718 2037 1872 2094 glorio-

317 2143 411 2174 sum
442 2129 493 2172 de
518 2126 710 2185 tyrannis
736 2128 778 2168 et
796 2122 1030 2168 latronibus
1050 2120 1311 2178 triumphum
1330 2117 1596 2176 reportastis;
1626 2116 1700 2174 qui
1717 2115 1871 2172 ubique

316 2207 504 2251 locorum
533 2205 595 2248 ita
625 2203 807 2261 peccatis
836 2200 1086 2246 facientibus
1109 2211 1221 2243 nunc
1241 2199 1528 2252 excreverunt,
1558 2197 1607 2238 ut
1633 2193 1751 2238 nulla
1779 2204 1871 2237 aeo-

318 2284 466 2340 clesia,
504 2282 643 2327 nullus
683 2280 852 2324 omnino
890 2278 1005 2322 locus
1043 2290 1161 2321 sacer
1198 2278 1271 2320 aut
1298 2274 1430 2319 laicus
1461 2273 1514 2318 ab
1542 2271 1711 2316 illorum
1738 2266 1872 2329 possit

318 2361 585 2407 infestatione
616 2358 795 2403 defendi.
842 2356 977 2409 Quam
996 2355 1165 2412 quidem
1183 2352 1404 2397 victoriam
1432 2353 1596 2396 vestrae
1625 2347 1872 2394 beatitudini

320 2440 464 2485 divina
492 2437 682 2496 potentia
711 2436 756 2479 in
785 2434 940 2478 multos
971 2446 1102 2477 annos
1133 2430 1344 2476 concedat.

438 2516 614 2561 Vestrae
635 2517 775 2557 autem
795 2511 1035 2556 celsitudini
1054 2513 1200 2554 notum
1221 2522 1311 2553 esse
1325 2506 1530 2562 volumus,
1551 2504 1663 2562 quod
1675 2503 1721 2548 in
1733 2506 1872 2548 trans·-

186 2612 240 2644 Iul.
259 2611 298 2643 25
322 2599 415 2641 acto
444 2593 636 2652 proxime
666 2590 778 2635 beati
807 2589 946 2634 Iacobi
967 2587 1146 2646 apostoli
1165 2587 1271 2631 festo
1291 2585 1478 2629 Mindam
1496 2585 1646 2639 rogatu
1665 2577 1872 2640 episeopi'

323 2678 365 2720 et
393 2672 601 2731 peticione
621 2667 722 2713 cleri
741 2667 1087 2711 descenderamus
1108 2665 1162 2708 ad
1182 2662 1482 2721 compacandas
1507 2663 1549 2705 et
1566 2657 1872 2717 componendas

323 2750 603 2796 dissensiones
634 2744 848 2802 quasdam,
880 2744 1029 2800 quibus
1050 2742 1236 2800 episcopi
1265 2744 1307 2785 et
1335 2739 1436 2784 cleri
1462 2739 1600 2782 fuerat
1628 2734 1872 2794 perturbata

326 2827 559 2874 concordia.
604 2824 662 2869 Et
690 2823 769 2867 hae
800 2821 968 2879 quidem
1000 2833 1150 2865 causae
1169 2833 1254 2864 non
1273 2820 1394 2864 erant
1412 2814 1648 2861 criminales
1675 2817 1749 2858 aut
1776 2825 1871 2871 per-

421 2933 449 2955 a.
476 2922 661 2961 relinquetur
681 2931 708 2950 c.
788 2916 819 2948 b.
846 2915 897 2947 hic
918 2915 986 2947 cod.

420 2982 455 3017 1.
479 2979 534 3018 Cf.
552 2979 611 3016 Ps.
630 2978 709 3023 121,
727 2976 761 3012 1.
854 2974 889 3011 2.
912 2972 1087 3010 Heinrici.
