1924 3288
176 300 270 336 1152

294 190 382 235 542
798 202 997 236 wmALm
1023 203 1244 237 nms'rom
1274 205 1346 237 404.
1385 176 1389 181 ’

411 295 678 342 Mendacium
706 312 806 342 vero
845 298 951 342 illud
986 302 1028 343 et
1056 299 1199 344 fabula
1228 299 1432 356 heretica,
1470 299 1518 344 in
1547 313 1632 358 qua
1658 299 1852 358 refertur,

294 374 615 419 Constantinum
636 375 840 420 Silvestro
859 375 1096 434 imperialia
1116 378 1357 435 symoniace
1377 378 1646 435 concessisse,
1673 377 1721 423 in
1739 377 1853 424 Urbe

292 452 355 496 ita
392 452 556 497 detecta
594 457 678 510 est,
718 457 767 497 ut
804 453 932 497 etiam
968 455 1246 499 mercennarii
1276 458 1319 500 et
1347 455 1617 500 mulierculae
1645 454 1857 513 quoslibet

294 530 423 574 etiam
453 531 716 575 doctissimos
747 545 874 588 super
902 531 981 576 hoc
1010 533 1280 588 concludant,
1318 536 1360 577 et
1389 530 1549 578 dictus¹
1578 530 1853 592 apostolicus'

293 621 388 652 cum
409 609 496 652 suis
516 608 796 653 cardinalibus
816 609 861 653 in
881 609 1050 654 civitate
1069 624 1146 668 pre
1167 610 1326 667 pudore
1347 625 1550 669 apparere
1567 625 1652 655 non
1665 611 1852 657 audeat·.

294 684 511 743 Siquidem
540 690 708 731 sanctus
731 686 983 744 Meliciades,
1014 688 1149 732 sancti
1171 687 1363 732 Silvestri
1391 689 1674 746 predecessor,
1704 689 1752 734 in
1779 688 1854 735 de-

292 764 418 807 cretis
448 761 558 808 suis⁸
589 764 911 809 Constantinum
941 779 1032 810 esse
1061 765 1324 823 baptizatum
1355 767 1518 823 asserit,
1549 766 1729 812 dieenst-
1750 765 1854 813 Cum
1918 810 1924 820 ,

291 844 400 885 inter
428 844 612 886 turbines
640 845 791 887 mundi
817 853 1084 888 succresceret
1113 846 1324 899 aecclesia,
1357 846 1416 888 ad
1435 860 1480 888 eo
1501 859 1632 903 usque
1643 847 1849 904 pervenit,

291 928 340 964 ut
375 921 563 964 Romam·
592 923 811 980 princip&
848 923 906 965 ad
931 923 1063 978 fidem
1093 922 1250 967 Christi
1284 932 1322 967 et
1358 924 1558 981 bapcelsmi
1591 927 1852 968 sacramenta

293 1008 602 1051 concurrerent3
633 1001 684 1043 de
714 1001 863 1058 quibus
891 1002 959 1043 vir
987 1001 1342 1058 relliyiosissimus
1366 999 1659 1045 Constantinus
1681 1015 1855 1060 pmuae

281 1077 414 1132 fidem
442 1079 627 1121 veritatis
659 1086 718 1121 est
745 1079 931 1136 adeptus.
984 1077 1215 1134 Tripartita
1245 1079 1373 1122 etiam
1402 1078 1604 1136 hystoria,
1635 1091 1745 1135 eum,
1776 1088 1857 1123 an·

291 1156 463 1210 tequam
490 1168 690 1211 umquam
710 1155 803 1213 ipse
821 1155 1052 1213 imperator
1071 1156 1285 1200 civitatem
1310 1156 1545 1213 intraverit,
1576 1155 1857 1201 christianum

291 1231 434 1288 fuisse,
465 1235 657 1276 testatur.

410 1309 524 1362 Quae
553 1310 714 1366 loquor,
747 1310 961 1354 attendite.
1006 1310 1136 1366 Esau,
1166 1324 1252 1355 11011
1281 1311 1395 1355 (101111
1422 1324 1589 1367 vacanS,
1619 1310 1850 1357 elementa*

291 1388 440 1431 matris
478 1391 521 1432 et
557 1388 732 1432 consilia
765 1388 985 1446 ignorans,
1023 1389 1234 1434 silvestria
1269 1392 1439 1446 petens,
1480 1389 1505 1433 a
1539 1401 1635 1434 ceco
1665 1392 1853 1446 vocatus,-

292 1479 424 1522 usque
453 1478 565 1508 nunc
594 1469 709 1509 caret
730 1467 971 1523 promissis3
1002 1467 1125 1511 Iacob
1152 1480 1266 1522 vero,
1296 1466 1423 1510 matri
1443 1466 1653 1523 obediens,
1683 1466 1782 1511 colli
1809 1470 1854 1512 et

291 1556 441 1587 manus
471 1540 606 1586 nuda⁴
637 1543 863 1587 domestico
895 1544 1213 1602 disciplinarum
1243 1544 1426 1600 tegmine
1444 1533 1620 1600 Ι16116118,
1652 1558 1715 1601 ea,
1746 1558 1853 1602 quae

292 1633 413 1665 cecus
444 1620 627 1664 silvestri
656 1621 864 1678 promisit,
895 1622 1036 1666 divino
1063 1626 1168 1666 nutu
1189 1622 1409 1679 subripuit.
1450 1621 1750 1679 Imperatorem
1766 1634 1854 1667 non

293 1698 528 1742 silvestrem
574 1701 638 1742 set
682 1698 822 1754 legum
866 1700 1050 1756 peritum
1089 1700 1240 1744 debere
1277 1713 1388 1755 esse,
1427 1702 1606 1744 testatur
1644 1699 1851 1745 Iulianus⁶

292 1776 521 1834 imperator
550 1776 596 1819 in
624 1777 760 1834 primo
791 1778 979 1821 omnium
1007 1778 1148 1833 legum
1178 1777 1303 1833 dicto,
1335 1777 1497 1821 dicens:
1529 1778 1854 1836 Imperator-iam

291 1856 544 1898 maiestatem
573 1870 658 1898 non
688 1855 822 1898 solum
852 1858 981 1899 armis
1013 1858 1250 1900 decoratam
1279 1864 1339 1899 set
1369 1857 1491 1899 etiam
1515 1856 1671 1914 leqibus
1693 1863 1854 1914 oportet

294 1947 378 1976 esse
407 1941 634 1986 armatam,
667 1941 714 1976 ut
741 1941 961 1990 utrumque
990 1942 1170 1992 tempus,
1211 1942 1248 1977 et
1277 1933 1477 1976 bellorum
1508 1942 1546 1977 et
1569 1936 1712 1991 pacis,
1743 1942 1852 1979 recte

287 2012 426 2068 possit
451 2006 715 2067 qubermari⁵.
777 2009 894 2054 Idem
924 2011 1071 2067 etiam,
1109 2011 1220 2054 unde
1249 2011 1444 2068 princeps
1474 2010 1686 2055 Romanus
1715 2011 1850 2069 impe-

293 2101 389 2132 rare
421 2089 463 2131 et
490 2087 603 2142 leges
634 2087 811 2131 condere
840 2087 1005 2144 habeat,
1036 2088 1160 2145 paulo
1191 2091 1288 2145 post
1317 2087 1521 2142 ostendit;
1561 2091 1625 2132 set
1654 2091 1710 2145 et,
1740 2088 1852 2145 quod

293 2164 477 2223 principi
504 2164 684 2221 placuit,
715 2164 818 2220 legis
849 2165 1001 2210 habeat
1030 2166 1216 2222 vigorem
1247 2169 1289 2210 et
1319 2179 1466 2223 quare,
1499 2165 1724 2222 subinfert,
1756 2178 1853 2212 cum
1905 2152 1908 2155 Δ

293 2242 474 2301 populus
506 2242 545 2286 ei
575 2245 617 2286 et
644 2243 691 2285 in
720 2256 815 2286 eum
846 2256 967 2287 omne
997 2257 1121 2287 suum
1150 2244 1374 2300 imperium
1403 2246 1446 2287 et
1474 2246 1728 2300 potestatem
1753 2256 1851 2288 con-

295 2321 432 2365 cessit.
554 2319 626 2363 Set
656 2333 751 2363 cum
780 2320 1004 2378 imperium
1035 2325 1078 2366 et
1106 2321 1241 2365 omnis
1271 2321 1335 2365 rei
1363 2320 1555 2379 publicae
1585 2320 1766 2377 dignitas
1795 2321 1854 2366 sit

295 2398 599 2453 Romanorum,
638 2400 680 2441 et
716 2397 816 2440 dum
854 2398 1083 2455 imperator
1120 2399 1177 2443 sit
1210 2398 1514 2454 Romanorum,
1553 2411 1638 2442 non
1674 2397 1853 2443 Romani

295 2475 582 2534 imperatoris,
621 2474 731 2531 quod
767 2479 965 2531 sequatur
998 2476 1356 2520 considerantibus
1388 2509 1545 2520 ......
1549 2475 1565 2499 ‘¹
1623 2474 1737 2527 Quae
1766 2475 1852 2532 lex,

298 2567 403 2611 quae
433 2553 541 2597 ratio
571 2555 763 2596 senatum
792 2552 1076 2610 populumque
1105 2539 1317 2611 prohibet,
1356 2566 1498 2597 creare
1526 2552 1851 2610 imperatorem?

391 2664 417 2686 a.
429 2654 559 2696 audeant
572 2666 599 2684 c.
638 2653 668 2684 b.
684 2665 724 2683 an
739 2652 960 2684 delenimenta?
1005 2663 1031 2685 c.
1049 2655 1093 2685 εἰς
1104 2666 1161 2694 pro
1175 2654 1368 2684 lastinianus.
1420 2653 1450 2684 d.
1463 2654 1549 2693 patet
1561 2654 1711 2685 excidisse
1723 2654 1850 2686 videm.

393 2714 427 2750 1.
451 2713 475 2749 i.
493 2723 524 2750 e.
551 2721 659 2758 quem
684 2710 812 2747 dieunt
837 2710 916 2755 (der
931 2712 1182 2758 sogenannte).
1278 2712 1312 2748 2.
1336 2710 1613 2758 Eugenius1113
1638 2721 1747 2757 quem
1769 2713 1850 2748 toto

298 2771 375 2809 fere
398 2782 494 2808 anno
519 2771 611 2807 1152
635 2769 782 2816 Signiae
806 2769 997 2816 Albaeque
1021 2770 1146 2814 fuisse,
1170 2770 1303 2816 dieque
1327 2771 1349 2806 9
1371 2769 1584 2807 Decembris
1607 2769 1755 2807 demum
1778 2770 1850 2807 Ro-

299 2842 395 2868 mam
419 2841 605 2868 reversum
629 2840 725 2875 esse,
750 2829 883 2866 docent
907 2839 1001 2875 quae
1025 2830 1125 2866 edidi
1149 2830 1309 2876 Regesta
1331 2832 1432 2874 pont.
1449 2829 1552 2865 Rom.
1575 2839 1614 2874 p.
1631 2829 1847 2866 645-648.

298 2891 334 2928 3.
366 2888 762 2927 Pseudo-Isidorianis.
793 2888 838 2926 V.
856 2888 1067 2926 Decretales
1096 2888 1273 2925 Ps.-Isid.
1298 2888 1356 2925 ed.
1380 2887 1579 2925 Hinschius
1608 2899 1646 2935 p.
1662 2888 1744 2926 247.
1763 2887 1844 2926 248.

299 2949 334 2986 4.
366 2949 422 2987 Cf.
447 2949 578 2987 Genes.
596 2949 653 2995 27,
671 2949 727 2985 16.
821 2947 857 2984 5.
882 2947 1043 2985 Institut.
1059 2949 1225 2985 Prooem.
