1924 3262
325 181 382 225 82
811 193 1008 224 wmALm
1036 191 1283 224 1118101111,-
1311 189 1341 222 s.
1362 191 1391 222 9.

326 286 373 334 8.
419 288 646 333 Lotharius
673 291 900 346 imperator
918 289 1187 346 Raynacdmn
1217 290 1404 332 abbatem
1425 289 1684 332 Casinatem
1709 289 1756 332 in
1774 287 1884 332 diem

415 366 475 410 29
503 367 616 409 Iunii
645 366 873 423 Melplziam
902 371 1052 408 vocat*-

204 462 294 497 1137
439 454 698 509 Loth(arius)
730 453 810 496 Dei
840 453 978 508 gratia
1004 453 1290 498 Romanorum
1319 455 1550 512 imperator
1578 456 1780 510 augustus
1803 452 1890 498 111)-

220 511 283 541 ¹⁰⁰⁴
321 529 432 576 bati¹
462 531 701 575 Casinensis
733 531 979 575 monasterii
1008 531 1189 587 gratiam
1219 545 1339 575 suam
1363 535 1406 575 et
1435 531 1590 576 bonam
1608 531 1888 576 voluntatem:

441 609 615 666 Semper
645 609 774 652 moris
805 608 940 652 nostri
970 609 1064 665 fuit,
1096 622 1166 653 eos
1196 613 1468 654 manutenere
1499 613 1543 653 et
1569 609 1780 667 amplecti,
1800 607 1886 666 Ψ

320 686 375 730 ad
404 700 481 730 nos
513 690 702 744 spectare
734 686 900 743 debent,
931 700 1010 731 nee
1040 701 1110 731 eos
1138 701 1338 744 umquam
1361 687 1565 743 deserere,
1597 687 1670 744 qui
1686 672 1889 731 fiduciam

317 764 363 807 in
392 764 512 808 nobis
543 764 773 821 posuerint.
821 763 942 808 Unde
966 765 1113 822 procul
1133 765 1258 810 dubio
1281 766 1402 821 scias,
1435 765 1547 822 quod
1567 763 1766 809 ecelesiae
1783 755 1887 808 tuae

316 842 396 898 ius,
428 855 642 899 quousque
661 842 906 898 vixerimus,
937 843 1161 900 tuebimur,
1183 857 1261 887 neo
1282 843 1442 887 alienae
1462 842 1664 901 potestati
1681 845 1887 900 umquam

315 920 622 977 permittemus,
655 920 767 976 quod
795 920 931 964 nostri
957 921 1062 964 iuris
1085 924 1148 965 est
1169 925 1211 965 et
1231 921 1342 978 quod
1363 921 1416 965 ad
1435 919 1884 978 imperialemspeetat

316 997 576 1053 dignitatem.
625 997 732 1050 Quia
762 1011 861 1042 vero
892 998 938 1042 in
967 999 1075 1043 festo
1107 999 1392 1057 apostolorum
1421 999 1538 1043 Petri
1567 1002 1610 1043 et
1634 994 1779 1042 Pauli'
1809 1009 1882 1042 eud

313 1075 423 1119 riam
459 1089 537 1133 pro
569 1076 791 1120 statuendo
823 1076 928 1120 duee
959 1077 1072 1134 apud
1102 1077 1331 1135 Melphiam
1361 1076 1625 1121 0011(1111111118
1654 1081 1881 1132 omnesque

313 1156 451 1197 terrae
481 1153 659 1197 barones
691 1167 739 1198 eo
771 1155 1130 1212 oonvoeavimus⁵‚
1161 1156 1410 1199 mandamus
1441 1154 1533 1211 tibi,
1559 1157 1621 1210 ut,
1653 1152 1886 1211 assumptis·

312 1234 453 1275 tecum
484 1231 822 1289 sapientioribus,
855 1232 1001 1276 eodem
1033 1233 1224 1277 omnibus
1254 1232 1502 1291 postpositis
1529 1231 1690 1288 venias,
1720 1230 1888 1276 omnia-²

314 1323 394 1366 que
431 1309 737 1366 imperatorum
773 1310 997 1367 privilegia
1033 1314 1173 1354 tecum
1210 1311 1395 1367 deferas,
1440 1311 1506 1354 ius
1545 1309 1745 1354 ecelesiae
1782 1312 1881 1354 tuae

313 1390 570 1431 ostensurus.
691 1387 862 1432 Fratres
901 1391 1018 1444 tuos,
1060 1389 1169 1432 siout
1197 1389 1370 1445 rogasti,
1401 1388 1575 1432 honeste
1606 1387 1884 1447 suscepimus,-

313 1465 422 1508 siout
451 1465 593 1509 decuit
621 1468 765 1510 tantae
797 1465 995 1510 ecclesiae
1025 1480 1240 1524 personas,
1272 1466 1459 1511 volentes
1488 1463 1700 1510 benefieiis
1721 1464 1879 1510 nostris

311 1542 391 1586 hoe
422 1542 535 1600 apud
565 1556 635 1586 eos
667 1543 869 1600 optinere,
901 1547 950 1588 ut
977 1548 1080 1602 aput
1107 1544 1326 1589 eeclesiam
1346 1543 1617 1594 Casinensem
1636 1542 1879 1588 memoriale

312 1624 504 1664 nostrum
544 1634 710 1678 semper
745 1625 972 1665 remaneat.
1097 1622 1142 1666 Si
1182 1622 1236 1665 ad
1273 1622 1428 1665 festum
1463 1621 1701 1679 praefatum
1734 1621 1883 1667 venire

311 1698 462 1756 possis,
494 1697 588 1752 fiat3
631 1699 698 1742 8111
729 1702 891 1755 autem,
925 1703 1080 1756 quanto
1112 1699 1235 1742 eitius
1266 1699 1403 1756 possis
1434 1699 1592 1742 venias.
1713 1698 1880 1749 Salutat

312 1779 354 1820 te
392 1776 544 1820 dilecta
580 1780 726 1820 nostra
760 1776 981 1834 Ryehyza,
1030 1777 1221 1820 omnibus
1264 1776 1400 1820 modis
1439 1776 1641 1821 honorem
1679 1765 1882 1821 eeclesiae*

311 1857 409 1898 tuae
440 1853 697 1911 amplectens
729 1867 906 1911 cumque
936 1858 1024 1899 toto
1048 1855 1145 1898 nisu
1164 1868 1410 1911 promovere
1431 1855 1615 1912 cupiens.
1705 1853 1877 1901 Fratres

311 1932 393 1987 tui,
434 1932 543 1976 siout
580 1932 790 1990 sapientes
828 1932 931 1988 viri,
978 1945 1074 1976 eum
1112 1946 1266 1988 magna
1303 1932 1554 1977 discretione
1590 1932 1712 1978 nobis
1747 1931 1878 1983 locuti

311 2013 421 2053 sunt.
468 2009 585 2065 Vale,
619 2013 661 2054 et
691 2010 861 2054 eosdem
890 2014 1031 2054 tecum
1061 2010 1202 2054 ducas.

316 2205 361 2251 9.
408 2207 635 2250 Lotharius
664 2209 891 2265 imperator
913 2209 1198 2251 Casinmmbus
1219 2208 1269 2250 de
1293 2207 1523 2265 privile-offis
1552 2222 1694 2251 eorum
1722 2207 1875 2270 confir-

405 2286 569 2328 mandis
599 2286 771 2328 scribit⁰.

196 2387 287 2422 1137
430 2372 655 2417 Lotharius
691 2373 773 2417 Dei
809 2373 947 2429 gratia
976 2363 1260 2416 Romanorum
1295 2372 1526 2430 imperator
1562 2376 1764 2428 augumtus
1801 2372 1873 2418 de-

211 2436 276 2466 lun·
312 2448 440 2496 eano⁸
473 2452 747 2508 omnibusque
768 2450 1008 2495 Casinensis
1039 2450 1284 2495 monasterii
1312 2450 1513 2494 fratribus
1542 2450 1724 2506 gratiam
1753 2463 1873 2496 suam

313 2533 355 2574 et
386 2530 539 2574 bonam
568 2529 840 2574 voluntatem.

429 2607 641 2664 Nolentes,
673 2610 877 2664 quantum
897 2605 1011 2650 Deus
1030 2604 1286 2664 permiserit,
1309 2604 1354 2649 in
1374 2604 1512 2662 aliquo
1533 2605 1735 2651 terminos
1755 2609 1872 2665 ante-

408 2717 435 2739 a.
459 2709 566 2740 Edidit
586 2710 721 2750 Angelus
743 2707 781 2739 de
801 2708 886 2739 Nuce
906 2708 960 2738 1.l.
979 2718 1011 2747 p.
1023 2707 1073 2738 25.
1142 2706 1172 2741 h»
1194 2705 1423 2737 convocabimus
1443 2706 1492 2737 ed.
1560 2715 1586 2737 ο.
1609 2707 1718 2738 Edidit
1736 2706 1872 2749 Angelus

402 2774 454 2792 ιιι-ι
475 2763 496 2793 1.
508 2763 530 2793 l.

313 2762 351 2793 ὼ
371 2763 440 2855 Nl.
467 2819 658 2867 Raynaldo
684 2818 956 2863 (Hetruriensi).
993 2817 1050 2855 Cf.
1067 2817 1166 2855 Petri
1190 2817 1283 2854 diae.
1303 2815 1437 2853 ebron.
1455 2815 1575 2852 Oasin.
1601 2817 1643 2853 L.
1659 2817 1724 2855 IV.
1749 2826 1783 2854 ο.
1801 2817 1871 2854 1oe

311 2877 336 2913 l.
354 2877 376 2914 1.
403 2889 439 2923 p.
456 2878 537 2914 819.
634 2880 667 2915 2.
693 2878 786 2915 Iuni.
804 2879 862 2914 29.
958 2878 993 2914 3.
1017 2876 1155 2914 Ottoni.
1188 2876 1234 2914 V.
1251 2875 1350 2913 Petri
1373 2875 1467 2912 diac.
1484 2875 1618 2913 Chron.
1637 2875 1719 2914 0118.
1743 2876 1784 2914 L.
1801 2875 1856 2914 1v
1858 2895 1868 2914 a

312 2946 344 2973 ο.
364 2937 432 2973 108
455 2936 481 2972 1.
498 2937 522 2972 l.
