1924 3288
535 191 734 223 wmALm
762 189 1011 222 emerem
1041 188 1111 220 3⁷7.
1133 188 1204 219 378.
1563 176 1649 220 507

92 289 220 331 tunae
239 289 373 343 erant,
394 285 547 330 additis
568 286 741 343 insuper
761 284 945 343 propriis
962 283 1275 329 ammonitionis
1294 286 1464 328 nostrae
1483 283 1650 328 litteris.
1678 285 1769 322 1152

92 363 204 418 Quas
235 368 385 421 quarta
414 364 520 408 feria
548 363 757 422 paschalis
783 363 1039 407 ebdomadae
1052 360 1062 379 ¹
1091 362 1292 419 recipere,
1324 361 1361 406 si
1380 375 1458 420 per
1477 361 1652 406 nuncios
1685 335 1758 378 Apr.

92 441 328 498 neglectum
357 455 442 486 non
472 445 548 497 est,
580 442 736 498 absque
766 441 1025 485 dubitatione
1055 439 1205 497 potuit.

209 518 306 564 Non
334 520 463 576 igitur
493 520 680 577 oportuit
699 519 966 576 prudentiam
986 522 1103 562 tuam
1124 531 1247 562 aures
1267 517 1471 575 principis
1492 517 1655 575 inquie-

92 600 198 654 tare,
229 600 431 655 tanquam
461 611 566 655 opus
586 598 720 654 ipsius
742 599 784 641 et
802 597 1049 640 mandatum
1074 596 1225 640 fuisset
1246 596 1272 640 a
1290 595 1411 640 nobis
1433 595 1653 650 omissum3

93 688 190 720 cum
221 675 248 720 a
275 676 491 720 iuventute
521 678 667 719 nostra
703 675 780 719 sub
818 675 953 719 tribus
990 674 1147 717 inclitis
1187 670 1401 730 augustis'
1431 673 1657 731 principali

92 753 269 798 iussioni
298 753 522 810 vigilanter
551 757 844 811 optemperare
874 752 1156 797 didicerimus,
1277 751 1352 796 Set
1382 751 1434 796 ab
1464 752 1657 808 ingressu

94 830 357 888 quorundam
386 831 431 874 in
461 831 622 887 regiam
652 831 833 886 curiam,
873 830 944 886 qui
974 843 1052 873 nec
1083 830 1260 874 scientia
1288 843 1366 874 nec
1397 830 1658 887 experientia

92 921 235 953 rerum
263 909 528 954 maiestatem
559 912 601 953 et
630 909 798 967 imperii
829 908 1077 964 dignitatem
1106 911 1403 966 perceperant,
1439 911 1586 952 nostra
1616 911 1658 952 et

94 987 356 1044 quorundam
394 987 573 1031 aliorum
611 987 852 1045 principum
892 1000 1021 1044 opera
1049 985 1117 1030 vel
1152 999 1326 1043 prorsus
1358 986 1539 1030 cessavit
1567 985 1657 1030 vel⁸

93 1063 305 1122 superflua
332 1065 426 1109 visa
461 1068 536 1110 est.
598 1065 743 1122 Neque
781 1065 860 1108 hoc
898 1064 1097 1120 dicimuS,
1137 1064 1267 1121 quod,
1307 1064 1459 1121 quietis
1488 1067 1658 1108 nostrae

92 1142 376 1200 impatientes,
408 1143 577 1199 evagari
607 1146 650 1188 et
670 1143 808 1187 aliena
828 1156 974 1187 curare
995 1142 1336 1199 concupiscamus
1359 1145 1414 1199 et,
1444 1142 1659 1187 iudicandi

94 1220 147 1265 ab
177 1221 386 1277 omnibus,
416 1221 527 1266 ferre
557 1221 609 1265 de
639 1221 799 1265 cunctis
831 1220 1083 1265 sententiam
1114 1220 1412 1264 desideremus.

214 1298 410 1343 Ceterum
439 1313 565 1357 super
598 1299 677 1343 hoc
713 1299 944 1357 plurimum
980 1298 1230 1354 gaudemus,
1271 1298 1382 1355 quod
1419 1298 1471 1342 de
1508 1298 1659 1356 copia

94 1377 371 1421 verborum
399 1377 446 1420 in
474 1363 687 1434 responsis
714 1377 842 1432 regiis
862 1377 1137 1434 procurandis
1159 1376 1362 1432 gloriatus
1383 1390 1448 1431 es;
1481 1390 1659 1433 quorum

94 1454 383 1499 habundantia
413 1468 498 1498 non
529 1455 554 1499 a
583 1455 703 1499 nobis
735 1454 884 1512 solum,
917 1458 982 1500 set
1005 1455 1030 1499 a
1049 1454 1193 1499 multis
1213 1455 1333 1510 regni
1362 1453 1556 1499 fidelibus
1586 1454 1659 1498 diu

95 1533 280 1590 satisque
310 1532 547 1577 desiderata
577 1535 652 1577 est⁴

215 1609 382 1655 Gratias
414 1613 554 1655 autem
582 1611 802 1655 referimus
841 1610 1119 1668 omnipotenti
1148 1609 1238 1654 Deo
1271 1610 1322 1655 de
1353 1611 1556 1668 sospitate
1586 1611 1659 1655 do-

96 1689 202 1733 mini
230 1689 365 1733 nostri
395 1689 519 1744 regis.
583 1687 657 1732 Set
685 1702 776 1744 nos,
809 1702 835 1733 a
863 1691 938 1732 tua
966 1688 1176 1732 industria
1205 1689 1256 1732 de
1287 1692 1400 1732 statu
1429 1689 1563 1746 ipsius
1593 1703 1661 1734 re-

98 1767 331 1824 quirentes,
377 1780 462 1810 non
499 1766 553 1811 ad
590 1766 921 1810 incolumitatem
961 1766 1168 1823 corporis,
1216 1779 1322 1822 quae
1359 1770 1501 1810 tamen
1539 1768 1660 1811 nobis

97 1858 222 1889 curae
252 1847 329 1900 est,
362 1847 426 1888 set
456 1844 510 1887 ad
537 1843 771 1901 primordia
790 1844 890 1887 novi
909 1844 1144 1899 regnatoris
1173 1845 1361 1888 animum
1379 1845 1658 1889 intendimus:

98 1926 240 1967 utrum
271 1922 464 1978 diligeret
496 1922 707 1965 iusticiam
737 1921 810 1978 qui
846 1922 1004 1965 iudicat
1032 1925 1210 1978 terram,
1248 1925 1392 1966 utrum
1430 1923 1477 1966 in
1514 1923 1660 1968 eodem

98 2001 316 2059 proposito
347 2000 513 2044 fervens
545 2003 655 2044 esset
685 2013 740 2042 an
767 1998 920 2055 lentus,
953 1998 1101 2044 efficax
1132 2014 1187 2044 an
1216 2014 1386 2045 vacuus.

217 2078 469 2123 Remisimus
501 2081 641 2122 autem
678 2080 768 2121 tam
806 2077 860 2121 ad
896 2078 1037 2135 ipsum
1067 2078 1284 2122 dominum
1313 2082 1505 2122 nostrum
1535 2092 1661 2135 quam

102 2156 156 2201 ad
192 2159 310 2200 tuam
348 2156 652 2213 experientiam
689 2158 929 2212 presentem
965 2169 1143 2213 puerum
1189 2159 1402 2213 nostrum,
1448 2160 1496 2200 ut
1539 2156 1661 2201 nobis

101 2234 257 2291 absque
286 2233 568 2277 retardatione
597 2234 838 2289 remandes,
877 2237 1019 2277 utrum
1050 2234 1243 2279 dominus
1281 2238 1423 2279 noster
1452 2249 1529 2292 per
1559 2234 1660 2279 Cor-

99 2312 238 2357 beiam
267 2311 494 2356 transitum
523 2311 580 2355 sit
607 2311 838 2355 habiturus.

105 2465 221 2513 378.
247 2466 459 2511 Wibaldus
496 2481 523 2509 a
560 2466 741 2509 Iordano
790 2468 922 2524 leqato
962 2468 1184 2524 apostolico
1219 2468 1343 2525 petit,
1389 2475 1437 2510 ut
1474 2468 1513 2510 T
1509 2468 1661 2510 iebaldi

242 2545 475 2602 praepositi
505 2543 729 2587 Xantensis
758 2560 925 2587 causam
955 2545 1142 2588 Arnoldo
1174 2545 1226 2588 ΙΙ
1248 2545 1556 2603 archiepiscopo
1584 2545 1660 2587 Co-

252 2623 424 2666 loniensi
454 2622 764 2666 discernendam
786 2623 1010 2679 permittat.
1446 2620 1517 2675 (M.
1541 2622 1660 2675 355.)

222 2711 463 2755 Reverendo
493 2711 606 2769 patri
636 2724 711 2754 suo
742 2713 784 2754 et
814 2709 981 2753 domino
1011 2709 1222 2765 Ior(dano)
1255 2714 1423 2754 sanctae
1449 2709 1661 2755 Romanae
1687 2722 1779 2759 1152

108 2789 331 2834 aecclesiae
351 2788 579 2834 venerabili
599 2788 831 2846 presbitero
848 2787 1050 2832 cardinali
1059 2784 1088 2844 ⁸,
1110 2787 1363 2845 apostolicae
1379 2787 1490 2832 sedis
1510 2787 1660 2845 legato,

200 2893 228 2914 8,.
257 2892 314 2915 nec
334 2895 360 2915 ο.

203 2943 237 2979 1.
253 2941 342 2989 Apr.
357 2942 391 2979 2.
463 2943 497 2979 2.
514 2941 687 2979 Heinrico
699 2940 745 2987 V,
761 2940 944 2987 Lothario‚
962 2940 1129 2978 Conrado
1145 2940 1212 2977 111.
1282 2941 1317 2978 3.
1334 2940 1391 2978 tit.
1409 2939 1445 2978 S.
1458 2940 1658 2980 susannae.
