1924 3288
584 177 784 209 wmALm
813 177 1036 209 musrom
1067 176 1138 207 334.
1559 163 1648 207 465

78 285 204 330 «paam
236 271 262 317 ά
289 271 427 328 longis
458 275 572 316 retro
603 273 864 331 temporibus
895 272 1070 328 diligere
1101 274 1142 316 et
1171 270 1366 315 laudibus
1391 283 1540 314 ornare
1562 274 1648 314 stu-
1673 272 1765 309 1151

77 349 260 407 (luimus,
289 350 393 394 haec
421 349 541 394 fiunt.
589 350 663 395 Set
690 352 842 409 positis
874 351 993 395 nobis
1025 350 1070 394 in
1100 352 1246 394 nostra
1266 349 1399 394 veteri
1428 362 1648 392 nemorum
1673 331 1698 353 θ’
1715 322 1769 352 Μ’

77 425 326 473 solitudine¹
362 429 499 472 rarius
530 428 633 473 haec
663 429 913 485 gaudiorum
942 432 1042 473 vota
1072 428 1126 471 ad
1154 427 1355 471 noticiam
1384 427 1647 485 perveniunt.

76 505 239 551 Eadem
269 506 351 562 die,
383 520 466 564 qua
494 507 626 550 frater
656 507 840 551 Hillinus
873 507 927 550 ad
956 520 1034 550 nos
1067 506 1092 550 a
1111 506 1230 550 vobis
1254 505 1421 550 rediens
1441 506 1648 563 pervenit,

76 587 283 629 venenmt
311 584 366 628 ad
394 598 471 628 nos
501 584 644 642 plures
676 585 727 629 de
753 585 961 641 religiosis
984 584 1204 628 abbatibus
1224 582 1468 628 Leodiensis
1490 583 1651 642 episco-

77 665 203 721 patus
232 676 366 721 prope
394 663 696 707 monasterium
725 666 937 719 nostrum,
979 664 1146 705 orantes
1178 661 1363 717 enixius,
1395 665 1462 718 ut,
1495 661 1652 706 omissa

77 740 248 785 interim
276 741 446 797 iniuria,
479 755 606 798 quam
635 745 728 785 tum
759 755 785 784 a
815 741 967 784 domno
996 739 1222 783 Leodiensi
1253 737 1474 798 episcopo²
1502 743 1593 783 tum
1627 740 1652 783 a

78 819 231 864 comite
254 815 542 863 Namucense⁸
573 822 615 862 et
646 819 841 877 operibus
872 822 915 862 et
934 818 1075 862 verbis
1107 831 1280 873 gravem
1310 818 1552 874 frequenter
1583 831 1651 861 ac-

79 897 282 956 cepimus,
313 897 364 941 de
395 910 498 955 pace
528 897 639 940 inter
669 897 783 954 ipsos
815 896 1105 955 componenda
1134 899 1426 939 tractaremus.
1470 895 1527 939 Et
1553 896 1652 952 quia

80 975 258 1020 domnus
288 975 508 1034 episcopus
538 975 586 1018 in
615 975 752 1019 vicino
785 978 896 1031 erat,
932 974 1179 1032 pollicentes
1211 976 1300 1017 tam
1329 974 1517 1018 honestis
1547 974 1651 1017 viris

80 1067 252 1111 operam
269 1057 472 1110 nostram,
503 1067 581 1111 pro
603 1052 749 1097 eodem
770 1053 897 1097 verbo
919 1052 1079 1110 pariter
1100 1052 1344 1109 episcopum
1366 1053 1649 1096 convenimus.

78 1130 224 1189 Itaque
259 1145 312 1176 ex
341 1132 476 1190 ipsius
507 1131 768 1188 beneplacito
801 1131 890 1175 dies
920 1145 1053 1187 usque
1082 1131 1128 1173 in
1158 1130 1400 1187 proximum
1431 1130 1653 1174 sabbatum

78 1209 242 1267 prefixa
271 1212 348 1266 est,
380 1209 545 1267 quando
575 1209 763 1265 religiosi
795 1212 838 1253 et
867 1209 1079 1267 sapientes
1099 1209 1182 1252 viri
1214 1209 1266 1253 de
1295 1212 1384 1252 toto
1407 1209 1653 1266 episcopatu

80 1288 332 1332 conveniant
369 1291 412 1331 et
448 1288 502 1331 ad
540 1300 689 1344 pacem
718 1291 878 1343 terrae,
919 1288 955 1331 si
985 1288 1047 1331 ita
1077 1301 1266 1331 summae
1298 1287 1510 1330 divinitati
1541 1299 1653 1329 com-

79 1365 258 1423 placuit,
298 1379 421 1409 omne
459 1365 668 1415 studium·
706 1368 748 1409 et
787 1365 1049 1420 diligentiam
1087 1365 1324 1409 adhibeant.
1388 1365 1496 1417 Quia
1526 1364 1655 1420 igitur

80 1443 206 1488 rebus
235 1443 415 1501 publicis
447 1444 498 1487 ad
531 1457 704 1501 presens
733 1443 930 1501 impliciti
961 1457 1119 1499 sumus,
1153 1443 1204 1487 de
1227 1446 1372 1487 nostro
1395 1443 1448 1486 ad
1468 1446 1655 1486 vestram

81 1522 339 1579 presentiam
378 1522 580 1578 adventu,
620 1522 731 1566 sicut
763 1521 1019 1577 mandastis,
1059 1524 1221 1565 certum
1251 1521 1370 1565 vobis
1401 1522 1446 1564 in
1477 1520 1655 1564 instanti

81 1613 332 1657 responsum
368 1600 544 1644 reddere
581 1613 667 1643 non
701 1613 938 1656 possumus.
1064 1599 1200 1657 Super
1230 1599 1309 1643 hoc
1341 1602 1503 1654 autem,
1545 1599 1656 1655 quod

82 1677 203 1722 nobis
222 1681 365 1722 vestra
395 1678 596 1722 celsitudo
627 1676 844 1721 notificare
875 1677 1048 1732 dignata
1078 1680 1155 1733 est,
1189 1678 1300 1733 quod
1330 1677 1559 1721 universali
1589 1690 1654 1720 ec-

84 1755 236 1799 clesiae
274 1759 438 1799 vestrae
484 1755 657 1798 consilio
702 1757 784 1799 iter
822 1759 1011 1799 vestrum
1050 1755 1103 1798 ad
1141 1755 1341 1798 domnum
1380 1769 1537 1812 papam
1578 1754 1656 1797 hoc

83 1836 274 1890 tempore
311 1833 555 1888 distulistis,
595 1833 727 1877 nichil
765 1837 912 1877 contra
949 1834 1030 1876 niti
1059 1833 1127 1877 vel
1158 1833 1328 1876 obviare
1358 1833 1655 1890 presumimus,

85 1924 182 1955 cum
210 1924 354 1955 rerum
385 1914 556 1954 eventus
589 1924 734 1954 eorum
764 1911 984 1955 commoda
1012 1911 1226 1968 respiciat,
1259 1911 1332 1967 qui
1362 1914 1460 1954 sunt
1491 1913 1657 1954 senten-

84 1990 170 2033 tiae
201 1992 404 2032 auctores.
453 1988 765 2045 Verumtamen,
799 1989 898 2046 quia
927 1990 1215 2045 unusquisque
1244 1989 1289 2032 in
1322 2003 1397 2032 suo
1429 2002 1555 2031 sensu
1586 1987 1658 2031 ab-

85 2064 254 2123 undat‘,
285 2067 420 2122 nobis,
453 2067 526 2123 qui
554 2067 796 2123 frequenter
819 2067 1090 2111 horribilibus
1111 2066 1310 2124 periculis
1331 2067 1477 2110 iactati
1499 2079 1656 2120 sumus,

87 2148 129 2189 et
159 2146 355 2202 precipue
387 2145 583 2201 periculis
614 2145 659 2188 in
678 2145 796 2189 falsis
817 2145 1032 2201 fratribus,
1065 2159 1161 2188 cum
1182 2145 1233 2188 de
1256 2158 1420 2188 summa
1440 2143 1658 2199 dignitatis

87 2223 338 2267 obtinendae
370 2223 520 2278 agitur,
551 2222 682 2266 nichil
712 2223 814 2267 satis
845 2223 1039 2267 festinari
1068 2237 1193 2280 posse
1223 2223 1408 2277 videtur3
1446 2222 1658 2278 quoniam,

87 2313 183 2345 cum
222 2300 276 2344 ad
314 2300 445 2344 ardua
481 2300 688 2356 tenditur,
727 2314 812 2344 non
852 2301 988 2344 solum
1025 2315 1242 2356 regressus
1281 2304 1345 2344 set
1383 2300 1511 2344 etiam
1541 2313 1659 2342 mora

87 2392 173 2422 non
201 2378 414 2423 immerito
443 2378 707 2421 formidatur.
756 2377 961 2423 Paternae
993 2379 1200 2435 siquidem
1231 2378 1399 2433 regulae
1431 2382 1473 2422 et
1493 2378 1661 2421 decreta

89 2457 365 2500 sanctissimis
397 2455 578 2499 diffinita
607 2455 795 2499 conciliis
814 2460 960 2500 vetant
990 2456 1133 2500 sedem
1152 2456 1523 2513 metropolitanam
1549 2455 1662 2498 ultra

88 2535 219 2578 trium
249 2534 457 2578 mensium
489 2534 674 2591 spatium
693 2534 909 2577 viduatam
940 2547 1132 2589 manere;
1167 2534 1278 2590 quod
1305 2537 1488 2578 vestram
1522 2533 1660 2576 erudi-

89 2613 246 2657 tionem
285 2613 450 2670 plenius
485 2624 782 2667 recognoscere
811 2625 897 2655 non
926 2612 1183 2666 ignoramus.
1307 2611 1505 2655 Preterea
1533 2611 1662 2666 legati

90 2688 302 2734 Romanae
341 2687 562 2734 ecclesiae⁵
601 2689 655 2733 ad
699 2688 774 2733 has
812 2692 956 2746 partes
993 2690 1264 2746 perveniunt,
1311 2702 1481 2733 causam
1519 2688 1662 2732 Traie-

189 2789 216 2810 α.
247 2780 378 2810 stadium
401 2792 426 2810 c.

188 2838 221 2873 l.
239 2837 277 2872 in
291 2838 513 2874 monasterio
526 2835 749 2873 Stabulensi.
805 2837 839 2871 2.
858 2835 1045 2872 Heinrico.
1094 2837 1129 2872 3.
1147 2836 1334 2872 Heinrico.
1383 2836 1419 2872 4.
1437 2837 1540 2873 Rom.
1558 2836 1613 2881 14,
1627 2837 1661 2871 5.

93 2896 128 2932 5.
159 2895 382 2933 Octavianus
405 2908 461 2943 pr.
484 2896 583 2933 card.
607 2896 663 2931 tit.
692 2895 729 2931 S.
754 2895 937 2932 Caeciliae
969 2899 1007 2932 et
1037 2895 1216 2932 Iordanus
1247 2906 1303 2942 pr.
1327 2896 1425 2932 card.
1450 2896 1510 2932 tit.
1534 2895 1572 2932 S.
1597 2895 1663 2931 Su-

93 2966 242 2992 sannae.
278 2954 334 2993 Cf.
352 2956 516 2993 Annales
540 2955 754 2992 Palidenses
779 2955 892 3000 (Mon.
910 2955 1031 2992 Germ.
1052 2954 1117 2992 SS.
1133 2954 1234 3000 XVI,
1256 2955 1331 2998 86).

155 3020 258 3054 Jmfi.
281 3023 472 3052 Bibliotheca
492 3023 514 3051 1.
1307 3021 1354 3056 30
