1924 3288
612 229 811 260 wmALm
840 228 1062 261 nmsronA
1090 228 1160 260 103.
1593 217 1677 260 179

105 321 419 369 mortificamini
447 327 538 367 tota
568 324 635 369 die
667 325 718 369 de
750 325 946 382 opinione
976 325 1106 368 immo
1138 323 1190 368 de
1211 324 1519 368 concertatione
1540 324 1674 367 homi·
1703 327 1796 363 1148

105 415 220 458 1111111,
252 402 326 459 qui
355 402 626 459 contendunt,
658 417 734 447 nos
764 403 878 447 ultra
899 403 1122 447 Corbeiam
1151 416 1236 446 non
1266 402 1488 446 redituros
1542 402 1600 446 Et
1623 416 1676 446 ne

105 491 199 524 vos'
217 480 264 524 111
298 483 442 524 1311136
473 480 657 525 levitatis
690 482 871 525 dictione
902 482 1067 539 ineptos
1099 484 1410 538 reputaremus,
1450 481 1678 538 scripserat
1706 499 1711 502 ·

105 558 226 604 nobis
256 562 485 603 conventus
516 562 656 603 vester
683 563 829 603 contra
849 560 1101 615 gravitatem
1121 560 1231 603 tanti
1255 563 1411 615 coetus,
1443 562 1591 603 contra
1612 573 1676 602 se-

104 637 328 681 veritatem
359 651 492 693 suam,
525 651 630 694 quae
662 637 806 681 debuit
833 651 924 681 esse
946 637 1204 702 castigatior,
1235 638 1339 682 haec
1359 637 1488 682 verba
1509 637 1674 681 dicens:

108 714 260 758 Omnes
291 732 400 774 pene
440 718 483 759 in
520 718 688 774 reqione
724 724 858 759 vestra
889 717 1162 774 prophetant,
1201 734 1272 760 vos
1309 718 1419 760 ultra
1450 733 1534 759 non
1563 718 1676 759 redi-

105 800 243 836 turum
254 789 276 836 ¹.
328 792 362 836 Ο
393 793 582 836 homines
613 793 862 850 prudentes,
895 794 920 838 ό
951 794 1142 838 homines
1182 794 1333 850 fortes,
1367 794 1460 850 qui,
1494 793 1675 837 anilibus

104 869 256 914 intenti
293 871 469 928 fabulis,
510 876 552 916 et
591 886 683 916 sese
719 872 970 930 perturbant
1001 876 1043 916 et
1072 886 1149 916 nos
1182 872 1303 915 seriis
1334 871 1459 916 rebus
1490 872 1675 915 intentos

104 947 282 1004 fatigare
312 963 397 993 non
429 950 636 995 desinunt.
684 950 970 1007 Mulierculae,
1004 965 1110 1008 quae
1142 964 1285 994 muros
1318 951 1417 994 atrii
1446 950 1579 994 vestri
1603 950 1675 994 ob-

105 1026 303 1071 sederunt
334 1031 376 1071 et
406 1042 512 1085 quae
543 1029 823 1073 substantiam
855 1029 1002 1073 domus
1034 1032 1204 1072 nostrae
1235 1043 1384 1072 vorare
1406 1028 1556 1084 solent,
1588 1042 1676 1072 me-

103 1104 267 1148 tiuntur
297 1105 440 1161 digitis
472 1107 572 1163 suis,
605 1110 647 1151 et
676 1110 775 1164 post
805 1107 1096 1152 detestabilem
1128 1111 1253 1164 atque
1274 1107 1498 1150 ridiculam
1519 1110 1676 1150 sortem

104 1185 388 1228 sternutantes
398 1182 426 1241 ²,
459 1185 603 1229 dicunt
622 1186 820 1229 iurando:
854 1188 939 1230 Per
967 1203 1106 1230 omnes
1127 1187 1371 1230 christianas
1403 1188 1575 1240 animas,
1609 1203 1675 1229 ve-

103 1278 196 1305 rum
229 1271 305 1318 est,
337 1279 420 1306 non
451 1272 683 1313 revertetur.
727 1263 941 1322 Propheta
972 1264 1095 1308 dicit:
1137 1265 1212 1318 Ve,
1246 1266 1318 1322 qui
1341 1265 1597 1322 prophetant
1627 1266 1677 1306 de

105 1341 296 1384 cordibus
331 1343 416 1384 suis
422 1359 439 1398 ,·
479 1359 662 1400 eyressus
701 1351 759 1386 est
795 1345 964 1401 spiritus
1003 1347 1030 1386 ά
1059 1343 1179 1401 facie
1205 1342 1373 1400 furoris
1403 1343 1599 1396 Domini,
1641 1350 1678 1385 et

96 1418 240 1476 faetus
278 1427 336 1462 est
371 1422 540 1477 spiritus
579 1423 760 1464 ‘mendax
796 1424 841 1464 in
880 1438 950 1464 ore
988 1423 1171 1464 omnium
1200 1420 1516 1478 prophetarum.
1563 1418 1678 1462 Heae

105 1499 204 1539 sunt
232 1498 464 1554 angustiae,
495 1498 599 1542 haec
619 1502 718 1542 sunt
737 1498 860 1555 bella,
892 1498 996 1542 haec
1015 1498 1223 1554 incendia,
1255 1497 1358 1541 heae
1381 1498 1542 1554 caedes,
1573 1497 1677 1542 heae

104 1574 292 1631 rapinae,
325 1589 431 1632 quae
453 1575 750 1621 Corbeiensem
776 1576 1200 1621 circumvallaverunt
1221 1575 1479 1620 aecclesiam.
1520 1576 1678 1620 Verum

106 1651 208 1697 haec
245 1656 288 1696 61
325 1657 490 1698 6361613
527 1655 639 1698 mala
674 1655 817 1699 divina
845 1655 1051 1712 protectio
1085 1655 1136 1699 ab
1168 1654 1263 1712 ipsa
1292 1654 1440 1711 procul
1471 1658 1675 1698 amoveat.

107 1730 182 1775 Set
218 1731 344 1775 dicite
381 1731 501 1776 nobis
541 1733 592 1777 de
627 1733 845 1791 prophetis
876 1734 1052 1790 vestris,
1092 1733 1164 1790 qui
1194 1733 1391 1777 viderunt
1420 1732 1539 1776 vobis
1570 1732 1678 1777 falsa

107 1812 149 1853 et
179 1809 322 1866 stulta,
355 1813 397 1853 et
426 1824 500 1854 vos
531 1825 617 1855 non
648 1812 887 1856 attendistis
918 1826 1018 1856 vero
1049 1811 1283 1869 prophetae
1300 1811 1485 1855 dicenti:
1520 1813 1678 1855 Beatus

106 1890 182 1941 vir,
215 1890 330 1932 cuius
362 1897 419 1932 est
448 1905 594 1932 nomen
626 1891 803 1933 Domini
831 1907 924 1948 spes
956 1893 1053 1945 eius,
1094 1898 1132 1933 et
1160 1906 1245 1933 non
1274 1892 1456 1948 respexit
1484 1892 1530 1932 in
1559 1891 1677 1933 vani-

107 1974 206 2010 tates
244 1974 282 2009 et
310 1968 495 2010 insanias
517 1963 691 2026 falsas³.
738 1967 824 2023 Ea,
864 1982 971 2024 quae
1006 1968 1282 2026 prophetant,
1324 1971 1397 2011 aut
1426 1974 1550 2011 vera‘*
1579 1981 1678 2025 pro-

106 2043 283 2101 phetant
313 2048 387 2088 aut
415 2044 523 2088 falsa
552 2045 847 2089 vaticinantur.
896 2045 942 2089 Si
972 2060 1073 2090 vera
1101 2041 1370 2103 prophetant,
1404 2059 1478 2089 cur
1507 2059 1584 2089 nos
1613 2049 1677 2089 to-

107 2122 220 2166 ciens
253 2125 294 2166 et
321 2126 410 2166 tam
431 2123 618 2167 studiose
638 2124 859 2180 revocatis,
893 2137 988 2167 cum
1009 2127 1185 2180 constet,
1218 2124 1330 2180 quod
1349 2137 1451 2167 vera
1470 2123 1676 2181 predictio

106 2200 197 2244 falli
227 2201 295 2244 vel
325 2201 513 2245 converti
543 2215 628 2245 non
657 2201 819 2258 possit?
867 2201 913 2245 Si
942 2216 1041 2245 vero
1074 2203 1126 2246 de
1158 2202 1312 2259 spiritu
1336 2202 1547 2246 mendacii
1571 2201 1678 2245 13183

107 2277 355 2335 loquuntur,
396 2292 470 2323 cur
509 2293 582 2323 vos
614 2280 729 2336 ipsos
761 2280 1032 2324 commovetis
1065 2284 1107 2324 et
1136 2279 1250 2323 tam¹¹
1281 2294 1391 2324 vana
1423 2283 1464 2324 et
1494 2283 1582 2323 tam
1612 2280 1677 2322 111-

109 2360 208 2414 epta
242 2358 483 2401 narratione
515 2357 777 2401 sollicitatis?
823 2357 1099 2402 Revertemur
1130 2361 1242 2402 certe
1274 2359 1329 2401 ad
1360 2372 1455 2413 vos,
1494 2358 1531 2401 si
1561 2357 1676 2401 Deus

107 2435 350 2492 permiserit
379 2439 422 2479 et
450 2449 527 2479 nos
559 2436 800 2479 vixerimus.
847 2435 936 2479 Nec
968 2436 1080 2480 6111111
1109 2436 1220 2480 inter
1249 2450 1324 2480 vos
1356 2437 1418 2479 ita
1442 2436 1678 2479 conversati

109 2527 274 2569 sumus,
309 2517 361 2557 ut
397 2514 540 2558 videre
578 2527 652 2557 vos
692 2514 1004 2570 erubescamus,
1043 2528 1179 2571 neque
1215 2527 1290 2558 vos
1327 2513 1433 2557 tales
1471 2527 1571 2568 erga
1600 2527 1676 2556 nos

110 2590 379 2647 exhibuistis,
417 2606 520 2648 quos
552 2606 722 2636 cernere
752 2592 1039 2635 formidemus.
1085 2592 1312 2636 Veniemus
1344 2595 1456 2635 certe
1487 2595 1677 2648 tempore

110 2672 152 2714 et
181 2669 249 2713 die
279 2669 439 2727 prefixo
470 2671 516 2713 in
545 2670 697 2714 litteris
728 2670 885 2713 nostris
895 2667 922 2725 ⁴,
955 2684 1059 2726 quas
1089 2683 1166 2727 per
1196 2669 1468 2714 Ludowicum
1499 2682 1677 2726 puerum

108 2750 301 2791 nostrum
345 2748 463 2792 vobis
510 2748 761 2804 direximus,
808 2748 908 2791 licet
947 2747 1209 2791 Stabulensis
1256 2747 1457 2791 aecclesia
1501 2750 1677 2805 propter

109 2829 244 2870 certas
277 2829 318 2869 et
347 2826 622 2883 inpendentes
654 2840 702 2870 36
732 2826 989 2884 periculosas
1020 2826 1205 2870 rationes
1236 2829 1426 2869 nostram
1446 2838 1543 2881 egre
1566 2825 1677 2869 ferat

207 2936 233 2957 8,.
261 2936 334 2958 vero
355 2927 422 2958 cod.
507 2928 537 2958 b.
566 2929 629 2959 tam
650 2929 694 2959 bis
717 2929 825 2969 legitur
847 2929 877 2957 in
899 2928 968 2957 cod.

206 2991 239 3026 1.
265 3001 322 3036 ep.
341 2991 386 3027 98
411 3002 521 3037 supra
544 3002 579 3037 p.
600 2992 681 3027 173.
778 2992 810 3027 2.
839 2990 895 3028 Cf.
917 2991 1057 3027 Grimm
1082 2990 1270 3027 Deutsche
1295 2991 1522 3038 Mythologie
1548 2992 1619 3037 (ed.
1637 2992 1675 3037 3)

109 3049 158 3086 11.
182 3060 219 3096 p.
238 3051 343 3086 1070.
433 3052 467 3087 3.
493 3051 553 3087 Ρ8.
571 3051 628 3097 39,
645 3051 680 3087 5.
771 3051 807 3087 4.
832 3051 855 3086 i.
874 3061 905 3088 e.
932 3050 992 3087 die
1020 3051 1065 3087 14
1091 3050 1261 3098 Augusti.
1295 3051 1341 3088 V.
1366 3062 1423 3098 ep.
1445 3053 1511 3088 101
1537 3064 1575 3098 p.
1593 3054 1675 3089 176.

1315 3110 1393 3148 12*
