1924 3288
561 219 760 251 wmALm
788 218 1008 250 EPISTOLA
1040 217 1110 248 167.
1531 202 1617 246 285

54 317 159 363 serti
184 317 231 362 in
260 315 348 360 suis
378 314 697 363 diffinitionibus
729 316 979 370 statuerunt,
1011 313 1123 370 quod
1153 307 1297 356 aliter¹
1324 323 1474 355 censor
1502 309 1619 366 loqui
1644 311 1736 349 1149

54 394 191 451 debet,
221 393 344 439 aliter
373 393 528 438 rethor.
575 392 749 436 Rethori
779 405 1022 436 concessum
1052 394 1130 447 est,
1162 389 1381 434 sententiis
1402 388 1466 432 uti
1485 387 1618 444 falsis,

55 472 297 529 audacibuS,
329 471 529 527 subdolis,
560 471 772 528 captiosis,
805 471 842 514 si
871 470 962 514 veri
992 469 1151 514 similes
1181 468 1305 512 modo
1336 468 1422 511 sint
1454 471 1495 510 et
1522 479 1620 524 pos-

53 551 163 595 sint·
192 550 247 596 ad
275 549 526 595 movendosb
548 549 709 593 animos
740 548 957 592 hominum
988 547 1267 605 qualicunque
1298 548 1393 590 astu
1419 545 1618 602 irrepere.

54 628 253 674 Preterea
280 631 404 687 turpe
435 641 526 671 esse
554 630 708 684 putant
735 626 908 682 retheri,
941 626 978 669 si
1008 625 1109 682 quid
1139 626 1185 669 in
1211 624 1325 668 mala
1347 637 1473 668 causa
1492 622 1621 667 desti-

53 710 193 752 tutum
236 710 360 764 atque
405 706 784 763 inpropugnatum⁰
822 704 1033 761 relinquat
1046 701 1067 747 ¹.
1203 703 1299 747 Non
1340 698 1462 758 ergo²
1502 701 1622 744 decet

53 789 246 830 sanctum
275 785 434 839 virum,
464 782 547 827 fide
578 787 620 827 et
650 783 856 839 gravitate
886 772 1121 840 preditum,
1153 781 1267 839 apud
1297 780 1622 824 christianorum

55 876 177 908 aures
206 862 292 907 tale
323 861 425 919 quid
455 861 606 918 dicere,
638 861 750 918 quod
778 874 926 904 verum
956 874 1041 903 non
1067 874 1157 904 esse
1179 859 1261 904 sibi
1282 862 1407 916 atque
1429 857 1621 902 omnibus

55 938 284 986 videatur².
331 939 411 992 Qui
440 940 487 983 in
516 952 644 984 eausa
674 939 875 982 canonica
905 938 1061 982 diserte
1094 938 1194 994 agit,
1227 952 1326 981 suae
1356 937 1502 995 pocius
1534 936 1622 992 glo-

55 1019 146 1064 riae
175 1032 303 1077 quam
330 1018 465 1076 ipsius
495 1018 560 1062 rei
590 1017 800 1061 deservire
830 1019 1016 1074 putatur.
1063 1016 1353 1074 Ariopagitae,
1386 1015 1622 1071 castigatis-

55 1098 155 1142 simi
183 1096 359 1142 Greciae
389 1099 431 1140 et
459 1095 723 1140 Athenarum
753 1095 925 1151 iudices,
957 1109 1092 1152 neque
1122 1095 1324 1152 proemiis
1343 1107 1421 1138 nee
1444 1093 1621 1151 epilogis

57 1189 311 1233 quemquam
354 1175 418 1219 uti
453 1173 774 1232 permittebant,
822 1176 886 1218 set
923 1173 1108 1231 simplici
1145 1176 1187 1217 et
1226 1173 1400 1216 minime
1438 1172 1623 1216 colorata

56 1254 318 1308 narratione3
365 1253 426 1297 sic
465 1252 607 1296 omnia
641 1266 749 1310 pene
787 1251 1016 1296 rethorices
1061 1254 1262 1309 precepta
1301 1250 1620 1308 quassabantur.

55 1331 136 1376 Est
163 1335 307 1376 tamen
336 1330 548 1375 interdum
575 1331 622 1374 in
653 1329 854 1374 aecclesia
884 1330 1065 1387 quedam
1093 1344 1237 1374 rerum
1267 1329 1543 1387 oportunitas,
1577 1328 1622 1372 in

57 1422 141 1466 qua
160 1409 325 1453 dicendi
346 1408 570 1453 artificium
590 1408 1022 1466 inreprehensibiliter
1044 1411 1274 1464 exercetur,
1308 1411 1350 1452 et
1368 1408 1553 1451 maxime
1578 1407 1623 1450 in

55 1487 302 1545 predicandi
347 1486 495 1532 officio.
558 1487 607 1531 In
650 1487 768 1531 cuius
813 1487 974 1543 gratiae
1014 1487 1276 1544 principatu,
1320 1500 1413 1530 meo
1453 1486 1623 1543 quidem

55 1565 231 1622 iudicio,
270 1566 443 1623 ponitur
480 1566 546 1610 vir
575 1569 817 1610 nostrorum
846 1568 1085 1623 temporum
1114 1564 1237 1609 valde
1267 1564 1445 1608 illustris
1474 1564 1624 1618 B(ern-

55 1643 228 1699 hardus)
261 1643 581 1688 Clarevallensis
613 1643 755 1688 abbas.
803 1643 1025 1688 Oratorem
1054 1647 1150 1687 eum
1169 1657 1254 1687 non
1274 1643 1485 1687 immerito
1507 1643 1624 1687 dixe-

55 1722 152 1778 rim,
183 1722 256 1779 qui
287 1722 313 1766 a
340 1718 601 1766 rethoribus⁸
633 1721 859 1765 diffinitur:
895 1722 971 1766 Vir
991 1723 1122 1766 bonus
1144 1724 1313 1766 dicendi
1336 1725 1509 1780 peritus.
1559 1721 1624 1765 Si-

57 1800 228 1857 quidem
250 1800 316 1844 vir
335 1800 408 1844 ille
429 1800 577 1856 bonus,
599 1799 724 1856 longo
749 1800 908 1844 heremi
929 1800 1122 1857 squalore
1143 1793 1189 1844 et⁴
1203 1800 1372 1844 ieiuniis
1395 1813 1443 1844 ac
1462 1799 1624 1857 pallore

56 1878 268 1922 confectus
299 1881 342 1922 et
370 1878 416 1921 in
447 1877 658 1935 quandam
689 1878 922 1936 spiritualis
952 1879 1113 1922 formae
1143 1878 1393 1922 tenuitatem
1415 1878 1624 1933 redactus,

56 1957 174 2014 prius
205 1956 432 2014 persuadet
459 1956 574 2000 visus
607 1970 732 2013 quam
763 1957 942 2001 auditus.
991 1957 1164 2015 Optima
1193 1957 1232 2000 ei
1264 1956 1289 2000 a
1308 1956 1398 2000 Deo
1427 1969 1624 2000 concessa

58 2038 123 2080 est
141 2034 330 2090 natm-ad,
362 2033 541 2078 eruditio
567 2048 744 2091 summa,
765 2035 974 2079 industria
992 2034 1348 2092 incomparabilis,
1371 2034 1624 2078 exercicium

56 2113 224 2170 ingens,
259 2112 550 2171 pronunciatio
583 2116 748 2170 aperta,
785 2117 926 2168 gestus
957 2114 1144 2171 corporis
1176 2113 1230 2157 ad
1260 2126 1428 2156 omnem
1459 2112 1624 2156 dicendi

57 2191 230 2235 modum
262 2190 611 2235 accommodatus.
658 2190 754 2234 Non
783 2191 913 2247 igitur
943 2192 1118 2247 mirum,
1151 2191 1188 2235 si
1217 2191 1380 2248 potenti
1410 2194 1624 2234 tantarum

57 2283 200 2314 rerum
221 2270 379 2314 virtute
401 2269 557 2314 excitat
578 2268 847 2326 dormientes,
880 2270 1022 2325 immo,
1054 2273 1102 2313 ut
1121 2269 1217 2326 plus
1239 2269 1388 2325 dicam,
1421 2272 1622 2325 mortuos,

58 2351 100 2392 et
119 2347 301 2392 Domino
333 2350 583 2405 cooperante
614 2350 656 2390 et
686 2361 922 2391 sermonem
952 2346 1224 2391 confirmante
1256 2347 1406 2391 alterat
1434 2347 1623 2390 homines

58 2429 101 2470 et
136 2425 190 2470 ad
218 2426 364 2482 iugum
394 2425 475 2469 Dei
505 2424 636 2469 trahit
666 2425 876 2482 captivos,
918 2425 991 2482 qui
1019 2425 1187 2469 fuerant
1216 2425 1262 2468 in
1293 2425 1484 2469 curribus
1515 2424 1623 2468 Pha-

56 2504 211 2548 raonis.
274 2503 396 2548 Hune
440 2506 488 2547 tu
530 2516 627 2547 vere
665 2502 844 2547 dixisses
885 2503 1170 2560 eloquentem,
1211 2503 1283 2560 qui
1321 2517 1406 2546 non
1446 2503 1625 2546 destruit

153 2580 299 2627 11390331
317 2600 343 2618 c.
425 2586 455 2617 b.
477 2586 644 2617 medendos
667 2599 691 2617 c.
778 2595 804 2617 c.
825 2587 1023 2626 inpugnatum
1045 2599 1071 2617 c.
1153 2587 1183 2617 d.
1206 2598 1293 2626 super
1314 2588 1421 2617 natura
1449 2589 1550 2617 iterum
1569 2598 1624 2626 po-

57 2643 145 2673 situm
166 2647 211 2672 est
232 2642 270 2672 01.

153 2700 184 2735 1.
211 2710 258 2735 ex
274 2698 385 2736 Gellii
407 2697 489 2735 libr.
508 2698 537 2733 Ι.
555 2698 588 2743 6,
605 2697 629 2733 4
654 2697 849 2742 desumpta
874 2700 961 2734 sunt
984 2697 1107 2734 omnia
1129 2697 1238 2734 haec:
1264 2697 1397 2744 „aliter
1423 2708 1554 2735 censor
1578 2719 1621 2725 -

58 2757 369 2805 inpropugnatum
386 2759 569 2805 relinquat
578 2758 606 2794 “.
700 2758 734 2793 2.
760 2757 868 2803 „Non
885 2767 973 2803 ergo
991 2778 1034 2783 —
1052 2757 1248 2793 videatur“
1264 2757 1414 2803 scripsit
1430 2757 1623 2795 Wibaldus

58 2818 238 2855 imitando
255 2818 366 2855 Gellii
390 2819 434 2864 (I.
452 2819 485 2864 6,
504 2819 540 2863 5)
558 2818 679 2854 10011111
696 2815 813 2852 hune:
839 2816 938 2863 „Sed
963 2817 1060 2853 enim
1077 2817 1274 2862 Metellum,
1300 2817 1429 2863 inquit,
1454 2821 1623 2854 sanctum

57 2877 195 2924 virum,
225 2878 288 2914 illa
311 2878 493 2924 gravitate
525 2880 563 2914 01
587 2876 659 2913 fide
691 2877 914 2922 praeditum,
941 2897 985 2903 —
1011 2877 1112 2922 apud
1143 2877 1320 2923 populum
1344 2878 1549 2915 Romanum
1573 2878 1624 2916 lo-

59 2940 251 2984 quentem,
282 2937 375 2974 nihil
406 2938 531 2974 decuit
562 2937 663 2974 aliud
694 2937 834 2981 dicere,
872 2947 982 2982 quam
1013 2937 1113 2982 quod
1137 2947 1264 2973 verum
1296 2948 1378 2974 esse
1411 2938 1482 2975 sibi
1512 2941 1623 2985 atque

60 2996 230 3034 omnibus
253 2997 484 3035 videbatur“.
580 2998 615 3034 3.
641 3008 665 3034 a
688 2998 734 3034 M.
755 2997 895 3035 Catone
919 3007 980 3043 ap.
996 2997 1210 3041 Quintilian.
1234 2997 1318 3034 XII.
1345 2998 1378 3045 1,
1404 2998 1437 3035 1.
