1924 3288
143 300 233 336 1147

109 358 135 379 c.
147 349 219 380 Dec.
232 350 269 379 21

298 188 383 235 228
742 201 940 234 wrsALm
969 200 1218 236 semrom
1247 201 1412 234 146.147

295 300 443 341 ventus
487 300 631 342 noster
677 311 729 342 ex
773 298 966 342 instituto
1013 298 1066 342 ad
1109 298 1363 355 colloquium
1401 298 1624 343 convenire
1665 295 1854 346 dabam

294 375 413 419 Hanc
450 389 548 431 ergo
585 375 956 433 inpossibilitatem
993 389 1088 420 cum
1124 376 1364 434 prepositus
1401 378 1544 421 noster
1577 375 1718 433 legato
1734 388 1857 435 ,μ-

294 456 478 509 nuasset,
510 452 715 510 colloquio
746 467 878 510 usque
908 454 954 497 in
983 454 1215 498 crastinum
1237 453 1382 510 dilato,
1414 454 1857 515 mantne

294 530 522 587 illuxisset,
560 531 664 575 item
702 531 833 575 accito
872 531 1086 590 preposito
1124 532 1259 576 denuo
1297 532 1507 589 precepit,
1543 534 1593 576 ut
1625 530 1857 589 capiussum

293 607 431 664 fieret,
472 609 516 651 in
558 622 639 665 quo
678 622 774 653 cum
811 609 1013 654 fratribus
1050 610 1226 654 verbum
1254 610 1423 653 faceret.
1476 610 1578 653 Non
1617 618 1676 654 est
1718 609 1858 667 inquit

293 686 532 743 prepositus
580 689 717 730 nostri
755 689 936 742 ordinis,
985 697 1071 732 tam
1107 674 1331 732 matutina¹
1354 688 1459 730 liora
1493 688 1743 745 capitulum:
1757 702 1856 732 eone

292 767 443 808 venire.
493 763 566 808 Set
601 777 696 808 cum
725 763 796 808 ille
826 765 1020 810 recedere
1048 765 1269 810 festinaret
1298 777 1376 808 nec
1405 765 1553 808 horam
1581 763 1759 822 capituli
1782 778 1858 815 ox—

291 845 461 898 pectare
491 845 654 899 posset,
690 842 862 886 tandem
891 843 936 886 in
966 847 1174 888 conventu
1205 846 1301 886 ante
1339 842 1488 887 horam
1524 843 1701 887 terciam
1735 829 1858 888 1ιῶἐο

294 933 346 963 ex
381 920 679 964 consuetudine
709 920 880 964 lectioni
909 921 1155 965 vacantibus
1193 921 1397 964 adductus
1437 923 1501 964 est
1537 920 1652 964 idem
1690 923 1857 978 aposto-

291 997 397 1041 licae
435 997 546 1042 sedis
572 995 770 1053 'legatum
813 1001 856 1042 et
894 999 1042 1043 sedens
1072 999 1183 1042 inter
1212 1012 1311 1054 nos,
1350 999 1463 1042 inter
1493 997 1578 1041 alia
1607 1011 1714 1055 quae
1744 1010 1856 1043 oom-

224 1062 230 1067 ’
291 1076 454 1119 monuit
492 1076 715 1132 diligenter
751 1076 990 1133 inquisivit,
1029 1090 1103 1120 cur
1141 1076 1368 1133 dissipatus
1401 1079 1512 1120 esset
1538 1075 1760 1120 thesaurus
1786 1088 1858 1120 00-

178 2223 268 2258 1148

292 1153 444 1197 clesiae
482 1157 664 1198 nostrae.
719 1153 797 1197 Cui
836 1167 912 1211 per
947 1154 1132 1211 priorem
1171 1158 1214 1198 et
1251 1154 1511 1211 prepositum
1549 1157 1740 1198 nostrum
1778 1153 1857 1198 hoc

293 1231 439 1275 ordine
475 1231 790 1288 respondimus:
838 1233 1022 1290 Propter
1060 1247 1315 1275 communem
1350 1235 1629 1276 necessitatem
1666 1232 1858 1276 eccleciae

294 1311 508 1366 quandam
531 1319 700 1367 partem
730 1310 1018 1353 thesaurorum
1047 1312 1094 1352 in
1125 1311 1323 1354 aeeclesia
1353 1326 1404 1354 ex
1430 1312 1640 1354 communi
1657 1324 1856 1354 consensu
1893 1371 1897 1376 ,

294 1388 471 1444 capituli
498 1389 634 1430 nostri
663 1388 846 1441 tulimus,
881 1397 919 1431 et
948 1389 1153 1445 quaedam
1176 1391 1460 1445 possessiones
1481 1389 1672 1432 eeclesiae
1690 1396 1857 1432 nomae

292 1465 414 1507 valde
449 1465 569 1508 utiles
601 1480 651 1508 ex
683 1467 739 1508 eis
770 1467 1118 1523 conquisivimu85
1154 1465 1319 1522 reliqua
1350 1468 1491 1509 omnia
1521 1469 1684 1524 inteqra
1712 1468 1760 1509 in
1786 1481 1854 1509 cc-

293 1543 419 1585 clesia
459 1551 700 1586 conservata
737 1552 845 1586 suut.
893 1544 963 1586 Ea
998 1558 1116 1596 vero,
1157 1558 1265 1600 quae
1294 1559 1405 1586 nuuc
1427 1553 1607 1601 propter
1634 1546 1856 1588 iustam

292 1622 570 1663 necessitatem
601 1623 848 1678 accepimus,
885 1636 1087 1678 reparare
1117 1629 1155 1663 et
1182 1623 1393 1664 restituere
1423 1624 1668 1678 quantocius
1691 1623 1854 1680 potem·-

292 1712 384 1741 mus
412 1699 505 1741 Deo
533 1707 739 1742 aunuente
761 1701 1075 1756 proposuimus.
1123 1697 1200 1741 His
1229 1698 1383 1742 auditis
1405 1699 1613 1756 acquievit
1631 1712 1710 1744 neo
1729 1711 1856 1756 super

292 1774 371 1818 hoc
400 1775 526 1819 verbo
558 1776 780 1832 quicquam
811 1776 990 1833 amplius
1021 1776 1307 1832 interrogavit.
1355 1776 1513 1821 Valete.

300 1969 413 2015 147.
442 1971 644 2015 Iohannes
680 1973 866 2014 notarius
895 1973 948 2015 R.
967 1974 1156 2030 principi
1193 1980 1231 2015 et
1259 1973 1444 2016 Rioardo
1484 1973 1621 2016 comiti
1648 1973 1856 2035 siqnificat

443 2050 494 2091 de
523 2049 721 2107 Weifom's
759 2065 851 2092 cum
880 2050 1062 2107 Royerio
1099 2065 1193 2108 reye
1225 2050 1394 2093 Siciliae
1413 2050 1591 2108 foedere
1624 2050 1754 2109 deque
1783 2065 1853 2094 ou-

441 2127 531 2169 riae
563 2127 778 2169 Romanae
809 2128 997 2170 consiliis.
1639 2125 1711 2181 (Μ.
1735 2126 1853 2181 239.)

412 2213 656 2258 Karissimis
681 2215 861 2259 dominis
883 2216 969 2259 suis
989 2215 1037 2258 R.
1056 2215 1239 2273 principi
1260 2218 1301 2259 01
1321 2215 1464 2259 comiti
1483 2215 1685 2260 Ricardo·
1705 2215 1852 2278 Iohan-

293 2304 366 2335 nes
398 2292 600 2347 notariuS,
634 2305 777 2335 eorum
807 2291 1087 2348 fidelissimus,
1120 2292 1299 2336 salutem
1329 2296 1371 2337 et
1401 2293 1615 2337 servitutis
1641 2293 1850 2352 obsequia.

411 2368 492 2412 Per
529 2369 670 2412 omnia
706 2369 824 2413 vobis
865 2369 999 2414 fidelis
1031 2370 1235 2426 existens,
1277 2384 1383 2427 quae
1413 2371 1498 2414 scio
1538 2370 1655 2415 vobis
1685 2369 1852 2416 notifico

295 2449 336 2490 et
366 2446 410 2489 in
442 2446 591 2503 quibus
621 2460 792 2504 possum
824 2448 1042 2491 servitium
1071 2448 1213 2492 reddo.
1263 2447 1412 2492 Sciatis
1443 2447 1604 2505 itaque,
1642 2447 1850 2506 GueHum,

294 2523 436 2567 domni
475 2524 585 2580 regis
616 2523 827 2568 Counradi
864 2525 1141 2582 proditorem,
1180 2539 1275 2570 cum
1306 2524 1444 2569 Siculo
1483 2526 1731 2571 concordem
1761 2539 1852 2572 esse

293 2615 571 2659 magnamque
602 2602 823 2660 pecuniam
860 2603 911 2646 ab
951 2617 998 2647 eo
1044 2603 1266 2661 accepisse.
1311 2602 1369 2646 Et
1404 2602 1513 2646 clam
1543 2604 1671 2648 ductu
1709 2603 1850 2648 Cencii

293 2678 526 2736 Fraiapane
567 2683 609 2723 et
647 2678 863 2735 Gataguefi
903 2679 1077 2724 Romam
1117 2680 1285 2724 transiit
1296 2677 1317 2724 ¹.
1365 2679 1566 2725 Homines
1604 2685 1747 2726 tamen
1785 2681 1851 2726 sui

294 2769 388 2799 cum
420 2760 597 2813 quatuor
629 2756 870 2801 Sarracenis
902 2761 944 2802 et
972 2758 1148 2802 totidem
1179 2757 1400 2802 dextrariis
1431 2757 1560 2802 Rome
1592 2759 1617 2803 a
1647 2758 1850 2804 senatori-

293 2833 371 2877 bus
410 2835 522 2891 capti
554 2838 595 2878 et
626 2835 789 2879 dimissi
819 2835 946 2879 fuere.
999 2835 1079 2887 Qui
1108 2835 1270 2893 litteras
1302 2848 1354 2879 ex
1385 2839 1503 2892 parte
1536 2836 1667 2881 Siculi
1695 2836 1849 2882 Frede-

390 2937 416 2957 a.
446 2927 501 2958 RiE
521 2941 547 2958 c.

390 2987 419 3019 1.
453 2988 610 3022 exeunte
633 2996 729 3023 anno
757 2986 859 3023 1148.
890 2986 934 3023 V.
959 2986 1092 3023 librum
1115 2986 1162 3023 de
1186 2985 1353 3024 Conrado
1378 2986 1431 3023 111
1454 2997 1541 3035 rege
1565 2999 1686 3026 meum
1710 3000 1748 3035 p.
1766 2989 1846 3026 166.
