1890 3216
400 724 833 782 TRANSLATIO
881 725 1121 781 SANCTI
1159 725 1314 782 VlTl.

78 955 236 1015 Allato
275 987 383 1015 anno
420 972 510 1016 836
547 973 678 1015 sancti
707 973 788 1015 Viti
825 988 1016 1030 corpore,
1057 988 1149 1016 cum
1185 974 1389 1016 novellum
1430 974 1643 1018 saxoniae

76 1051 314 1095 coenobiwm
335 1050 574 1094 Corbeiense
605 1058 643 1093 et
662 1049 790 1108 fama
818 1058 1014 1094 cresceret
1034 1058 1072 1093 et
1091 1052 1248 1109 opibus)
1281 1068 1400 1095 suum
1422 1068 1505 1096 esse
1527 1053 1647 1096 duxit

75 1129 229 1172 sodalis
259 1129 438 1171 eiusdem
468 1125 651 1186 colleyii¹
679 1128 838 1187 referre
868 1129 945 1172 hoc
975 1129 1123 1184 libello,
1160 1145 1240 1188 quo
1269 1138 1393 1187 pacto
1425 1131 1470 1173 in
1499 1133 1646 1175 mediis

79 1205 316 1250 ‚saxonibus
347 1206 622 1250 Christianam
650 1208 784 1267 fide-m
821 1224 956 1265 nuper
995 1208 1198 1265 amplexis
1232 1209 1406 1252 Corbeia
1445 1218 1546 1252 esset
1581 1211 1645 1253 in-

76 1280 236 1328 stituta²
269 1291 307 1327 et
334 1285 408 1327 illa
437 1292 580 1328 sancta
611 1301 704 1328 ossa
736 1302 786 1329 ex
810 1285 951 1329 Gallia
982 1287 1027 1329 in
1056 1287 1193 1329 sede-m
1224 1303 1374 1330 novam
1406 1288 1607 1330 translata
1617 1282 1645 1330 ³.

80 1363 204 1406 Cuius
233 1363 398 1421 quidem
433 1364 590 1406 itineris
626 1365 760 1406 socius
779 1364 872 1422 fuit
899 1365 935 1407 is
943 1398 955 1418 ,
997 1366 1069 1423 qui
1089 1364 1297 1423 formavit
1325 1361 1646 1420 narrationem⁴‚

78 1456 265 1499 quaeque
303 1442 507 1484 miracula
547 1443 590 1484 in
630 1443 698 1485 via
725 1441 850 1499 facta
882 1450 954 1485 aut
983 1444 1147 1486 vidisset
1176 1445 1266 1500 ipse
1297 1451 1371 1486 aut
1400 1459 1451 1486 ex
1482 1445 1648 1487 arbitris

79 1520 355 1576 comperisset,
395 1534 445 1561 ea
474 1535 516 1561 se
546 1520 685 1562 retulit
712 1521 875 1577 scriptis
905 1522 1184 1575 mandavisse,
1223 1537 1400 1580 ususque
1423 1529 1648 1579 praeterea

80 1604 137 1640 est
164 1597 363 1640 Passione
386 1595 429 1639 S.
457 1597 548 1651 Vici,
581 1597 797 1640 Paschasii
816 1599 1020 1642 Radberli
1045 1599 1138 1642 Vita
1159 1599 1408 1653 Adalhardi,
1443 1600 1650 1643 Ludovici

80 1675 149 1717 Pii
168 1676 430 1732 imperatoris
451 1676 752 1732 diplomatibus.
799 1677 948 1734 Neque
970 1677 1202 1720 audiendus
1224 1685 1280 1720 est
1299 1674 1647 1736 Papebrochius⁵,

80 1754 169 1811 qui,
208 1754 342 1795 nescio
375 1769 457 1811 qua
481 1762 682 1812 percepta
713 1756 912 1797 sermonis
942 1756 1194 1809 diversitate,
1229 1771 1256 1798 a
1288 1756 1446 1799 duobus
1475 1757 1648 1813 scripto-

80 1832 192 1874 ribus
222 1830 298 1873 hoc
329 1832 568 1888 opusculum
599 1840 731 1875 censet
751 1832 917 1890 factum
949 1849 1045 1887 esse,
1080 1841 1117 1876 et
1136 1835 1309 1876 maioris
1330 1835 1496 1892 quidem
1518 1842 1650 1877 aetate

75 1910 346 1966 posteriorem
376 1910 502 1952 libelli
523 1917 691 1967 partem
723 1926 806 1953 esse
837 1911 887 1953 de
917 1911 1010 1967 ipsa
1044 1910 1088 1954 S.
1115 1912 1197 1954 Viti
1227 1912 1493 1955 translatione
1524 1928 1650 1969 ayeu-

82 1994 160 2030 tem
168 2020 180 2041 ,
220 1988 392 2030 minoris
424 1989 611 2045 priorem
644 1989 882 2046 primordia
922 1989 1106 2031 coenobii
1144 1990 1413 2047 complexam.
1475 1990 1535 2033 Et
1572 1991 1650 2032 ista

178 2092 211 2127 1.
236 2091 380 2128 Etenim
401 2095 486 2138 post
501 2093 571 2128 836
597 2092 680 2128 Iuli.
700 2094 718 2128 1
746 2093 902 2138 scriptor
919 2092 1128 2129 Corbeiam:
1155 2098 1347 2139 „nostrum
1364 2094 1651 2131 monasterium“

82 2151 256 2197 appellat.
283 2151 336 2189 Cf.
356 2163 391 2188 n.
406 2153 441 2188 4.
522 2153 556 2188 2.
581 2152 665 2189 Vid.
687 2151 783 2188 infra
798 2164 835 2198 p.
849 2153 889 2188 4:
916 2153 1106 2199 „Qualiter
1122 2153 1282 2199 denique
1297 2154 1461 2190 Saxones
1477 2154 1524 2190 ad
1540 2153 1651 2191 fidem

82 2214 192 2257 atque
217 2212 263 2248 ad
288 2212 513 2258 agnitionem
536 2212 704 2248 veritatis
730 2212 896 2248 converti
921 2213 1120 2258 potuerint,
1148 2213 1310 2250 breviter
1333 2214 1371 2249 in
1397 2215 1567 2260 sequenti
1590 2225 1652 2250 an-

83 2274 229 2307 nectere
261 2271 347 2307 huie
379 2272 555 2317 opusculo
587 2271 740 2308 curavi“
774 2293 817 2298 —
851 2283 886 2317 p.
912 2273 951 2308 6:
984 2273 1162 2318 „dignum
1194 2274 1385 2319 duximus,
1417 2277 1459 2310 ut
1489 2274 1536 2310 de
1572 2274 1652 2310 eius

83 2331 294 2368 monasterii
326 2332 600 2368 constructione
633 2352 676 2358 —
710 2331 849 2377 aliquid
885 2331 1046 2368 breviter
1077 2332 1282 2370 dioamus“.
1379 2336 1413 2370 3.
1445 2334 1530 2371 Vid.
1556 2345 1594 2379 p.
1611 2335 1651 2369 6:

83 2390 156 2436 „ad
180 2390 262 2436 hoe,
288 2391 444 2437 qualiter
468 2402 600 2437 eorpus
625 2392 743 2427 sancti
769 2391 940 2438 martyris
964 2392 1132 2436 partibus
1158 2392 1337 2430 Saxoniae
1361 2394 1579 2430 translatum
1604 2394 1653 2429 sit

83 2450 143 2487 vel
167 2450 325 2496 qualiter
348 2451 504 2488 virtutes
529 2462 594 2496 per
618 2462 701 2488 eum
727 2451 906 2487 Dominus
933 2451 970 2486 in
996 2451 1076 2496 ipso
1102 2452 1233 2489 itinere
1259 2454 1453 2490 ostendere
1479 2453 1653 2499 dignatus

84 2513 151 2555 est,
176 2510 290 2547 verba
312 2511 537 2547 vertamus“.
632 2511 667 2547 4.
692 2510 777 2547 Vid.
803 2510 851 2546 ad
875 2511 945 2546 836
971 2511 1071 2547 1un.:
1104 2513 1317 2558 „Hactenus
1342 2523 1436 2559 quae
1461 2516 1654 2548 narrantur

85 2573 123 2606 et
146 2570 218 2606 alia
242 2581 351 2616 quam
376 2572 549 2617 plurima,
582 2582 677 2617 quae
702 2570 819 2606 oculis
843 2571 1098 2615 perspeximus
1124 2575 1162 2607 et
1185 2572 1349 2617 probatis
1374 2572 1532 2608 testibus
1557 2571 1654 2607 affir-

85 2630 270 2666 mantibus
294 2631 553 2676 requisivimus
570 2631 670 2667 —in
694 2631 755 2666 via
780 2634 885 2676 gest-a
909 2631 1041 2678 sunt“3
1068 2652 1112 2657 --
1138 2631 1185 2667 ad
1207 2632 1276 2667 836
1295 2632 1389 2668 Iuni.
1410 2633 1471 2667 13:
1497 2632 1562 2678 „in
1579 2642 1653 2668 mo-

85 2690 285 2726 nasterium
311 2710 355 2716 —
381 2690 616 2727 multitudine
640 2691 768 2736 populi
793 2690 986 2726 nobiscum
1012 2691 1210 2727 eomitante
1230 2691 1509 2738 pervenimus“;
1537 2711 1580 2717 —
1606 2691 1653 2727 ad

86 2749 154 2785 837
179 2749 271 2785 Iuni.
292 2750 355 2785 15:
388 2761 523 2796 „quam
555 2751 650 2787 inter
677 2750 949 2786 multitudinem
981 2751 1109 2795 populi
1142 2751 1194 2786 ita
1226 2762 1351 2787 sanam
1375 2750 1580 2797 vidimus“;
1607 2771 1651 2776 —

86 2808 133 2844 ad
157 2809 226 2845 837
252 2809 345 2846 Iuni.
363 2811 425 2845 22:
458 2810 543 2855 „die
567 2810 606 2846 in
631 2821 704 2856 quo
730 2814 880 2846 octavas
904 2810 1076 2857 martyris
1101 2810 1414 2856 celebravimus“;
1441 2834 1485 2839 —
1511 2810 1558 2846 ad
1583 2810 1652 2846 837

86 2867 179 2904 Iuni.
193 2870 258 2904 23:
276 2869 393 2915 „Nam
411 2880 494 2905 eum
512 2880 557 2905 ex
575 2880 674 2906 more
692 2870 738 2906 ad
756 2870 963 2916 vigiliarum
980 2869 1206 2906 surreximus
1223 2868 1386 2906 officium
1395 2869 1425 2907 “.
1502 2870 1535 2906 5.
1558 2870 1654 2906 Acta

89 2926 151 2964 SS.
178 2928 271 2964 Iuni.
297 2929 338 2964 T.
359 2929 405 2964 II.
432 2930 534 2974 1017,
561 2930 664 2975 1018,
690 2930 782 2966 1033
807 2941 844 2965 n.
861 2940 893 2965 z.

158 2992 263 3028 Jnrz'.
285 2996 475 3025 Bibliotheca
496 2996 519 3024 1.
1325 2995 1343 3030 1
