1924 3288
157 304 174 338 1
180 303 247 341 148

149 351 212 386 Oct
236 355 254 387 8

279 194 365 238 202
787 208 984 239 wmALm
1011 207 1230 240 nms'rons
1260 207 1330 238 126.

275 304 382 361 yelio
414 304 513 347 dicit
541 305 655 347 heato
676 304 822 346 Petro:
854 303 1162 362 »Quodcunque
1191 304 1382 361 liqaveris
1409 318 1534 361 super
1554 309 1724 357 ‘tem-am,
1755 302 1835 345 erit

277 381 448 440 liqatum
478 389 515 424 et
544 383 587 424 in
618 382 760 439 coelis-,-
802 389 841 425 et
876 383 1144 441 quodcunque
1179 382 1348 426 solveris
1384 396 1508 438 super
1538 387 1712 435 terram,
1754 379 1832 423 cn‘t

276 459 450 502 solutum
482 466 519 502 et
547 460 592 501 in
623 460 767 502 coelis«
782 456 803 502 ¹.
857 459 1024 517 »Super
1054 466 1229 502 terram·
1262 459 1406 516 inquit,
1435 473 1520 501 non
1549 459 1647 502 »sub
1677 464 1831 512 tenu«,

277 538 471 596 quoniam
507 537 682 579 viventes
718 544 756 580 et
793 553 877 580 non
912 537 1064 579 mortui
1097 537 1242 580 debent
1278 535 1623 579 exconmunicari
1656 533 1723 578 vel
1757 535 1830 578 ab·

275 615 387 657 solvi.
436 613 497 657 Et
526 613 722 657 Salemon
752 615 834 658 ait:
866 614 944 658 »Si
972 614 1160 657 ceciderit
1188 614 1344 671 liqnum
1374 613 1432 656 ad
1461 619 1644 656 austrum
1674 611 1834 655 autad

277 692 520 750 aquilonem,
551 693 594 734 in
615 707 855 751 quocunque
872 693 960 735 loco
983 692 1182 744 ceciderit,
1204 692 1262 734 ibi
1283 686 1413 734 erit-².
1458 690 1582 744 Quod
1598 687 1836 733 Hiezeclu’ael

269 769 476 826 propheta
505 769 642 812 multis
670 771 802 813 verbis
825 785 875 813 ac
892 770 1097 812 sententiis
1116 769 1322 826 explanat,
1354 776 1400 811 ut
1417 770 1462 812 in
1480 768 1610 826 ipsius
1627 767 1832 811 volwmim

275 847 496 899 invenietis,
520 848 654 907 finem
681 849 785 890 vitae
804 849 849 890 in
869 848 1020 890 cunctis
1049 862 1231 889 asserens
1253 847 1392 904 potius
1410 845 1678 888 iudicandum
1707 859 1833 904 quam

275 925 436 966 vivendi
466 925 690 983 principia.
751 926 880 969 Beati
907 925 1060 968 Leonis
1090 939 1235 982 papae
1273 930 1311 966 et
1345 925 1478 967 sancti
1508 922 1666 967 Gelas&
1687 935 1833 980 papae

273 1002 471 1045 sententia
502 1010 581 1045 est:
613 1019 630 1038 »
643 1003 799 1056 Quibus
827 1005 927 1046 vivis
946 1018 1030 1044 non
1050 1002 1406 1055 communica-mus,
1437 1015 1513 1043 nec
1531 1001 1702 1043 mortuis
1717 1014 1831 1044 com-

273 1080 484 1122 municare
506 1095 726 1138 possumus
735 1097 764 1122 α.
815 1080 999 1123 Proinde
1027 1086 1191 1122 nostrae
1213 1080 1416 1136 parvitati
1445 1093 1691 1136 consequens
1717 1077 1831 1121 vide-

273 1164 351 1211 twr,
383 1164 439 1211 ut,
472 1173 573 1216 quos
602 1159 713 1200 vivos
743 1173 770 1200 a
800 1159 1081 1200 conmunione
1102 1156 1324 1199 christiana
1343 1171 1428 1198 non
1447 1155 1726 1210 alienamus,
1756 1169 1832 1198 neo

272 1242 453 1278 mortuos
492 1236 892 1278 eoecom‘municemus.
953 1235 1112 1278 Multae
1146 1234 1295 1292 paleae
1328 1241 1422 1276 seint
1449 1235 1494 1275 in
1525 1248 1646 1287 area,
1687 1233 1832 1291 quibus

273 1314 445 1356 necdum
475 1315 642 1356 accessit
668 1313 948 1356 ventilabrum.
990 1311 1146 1355 Verum
1174 1311 1220 1354 111
1249 1310 1315 1353 his
1347 1313 1390 1353 et
1417 1309 1656 1353 huiusmodi
1681 1308 1831 1353 exhor·-

272 1390 500 1435 tationibus
529 1393 616 1434 tres
645 1389 709 1433 illi
738 1403 855 1433 more
879 1389 1037 1446 aspidis
1061 1389 1212 1432 surdae
1241 1391 1284 1432 et
1311 1387 1545 1432 obturantis
1567 1401 1689 1432 aures
1709 1383 1832 1431 suas⁸

272 1482 357 1512 non
389 1468 612 1512 audiebant
638 1481 782 1511 vocem
812 1463 1102 1522 incantantis⁴,
1134 1469 1198 1509 set
1229 1465 1404 1509 orabant
1434 1465 1612 1522 enixius,
1642 1479 1697 1510 ne
1725 1465 1831 1523 ipsis

272 1546 515 1590 violentiam
543 1546 813 1601 inferremus,
851 1548 1098 1600 asserentes,
1130 1544 1345 1587 dominum
1373 1542 1493 1586 illum
1521 1556 1607 1586 non
1637 1556 1729 1587 esse
1759 1542 1832 1588 ab·

272 1625 412 1668 batem
449 1623 750 1667 nominandum
786 1635 863 1667 nec
897 1623 942 1666 in
981 1622 1178 1666 abbatum
1212 1632 1385 1665 numero
1429 1621 1710 1678 reputandum
1751 1634 1831 1679 pro

275 1716 336 1758 eo,
369 1702 480 1758 quod
509 1701 725 1745 dominum
755 1714 878 1743 suum
908 1699 1148 1757 deposuerit
1177 1699 1282 1743 etin
1302 1698 1400 1743 sede
1417 1712 1494 1742 sua
1513 1698 1670 1742 sederit
1685 1701 1832 1744 contra

272 1793 464 1824 canones.
563 1778 735 1823 Etenim
763 1778 977 1821 karissimi
996 1778 1161 1833 fratres,
1193 1777 1304 1834 quod
1323 1777 1447 1821 inviti
1464 1776 1688 1833 loquimur,
1718 1775 1832 1833 apud

273 1858 439 1902 eosdem
468 1857 620 1901 fratres
651 1881 707 1887 —
740 1857 849 1899 sicut
876 1855 921 1898 in
949 1855 1161 1913 plerisque
1181 1855 1376 1899 claustris
1396 1867 1502 1911 quae
1520 1854 1662 1910 regiae
1681 1853 1831 1898 ditioni

273 1939 316 1980 et
345 1935 599 1979 ordinationi
629 1934 816 1978 subiecta
845 1937 943 1978 sunt
963 1958 1019 1964 —
1040 1933 1180 1977 nullus
1211 1933 1264 1977 de
1292 1932 1438 1988 regula
1461 1945 1613 1988 sermo,
1641 1930 1759 1976 nulla
1777 1931 1830 1977 de

272 2014 570 2058 consuetudine
599 2011 840 2056 Cassinensi
868 2011 936 2054 vel
966 2010 1230 2054 Cluniacensi
1267 2024 1342 2054 seu
1381 2009 1648 2066 antiquorum
1683 2022 1829 2054 mona-

273 2092 494 2136 steriorum
523 2091 700 2146 mentio,
740 2092 804 2133 set
833 2102 1034 2144 canones,
1070 2088 1256 2144 decreta,
1288 2087 1609 2145 appellationeS,
1640 2086 1829 2143 concilia,

273 2171 386 2226 iura,
416 2169 550 2224 leges,
581 2167 998 2225 condempnationes,
1028 2166 1226 2222 taliones,
1259 2168 1516 2221 argumenta,
1545 2164 1828 2222 probationes,

273 2247 564 2291 infamationes
603 2245 769 2289 assidue
804 2244 1051 2301 loquuntur,
1092 2243 1262 2288 cottidie
1297 2255 1427 2287 novos
1464 2242 1658 2298 abbates,
1697 2255 1828 2287 novos

273 2325 434 2383 priores
466 2323 620 2367 habere
650 2323 899 2366 desiderant.
954 2322 1103 2366 Nullus
1133 2321 1386 2379 prepositus,
1417 2318 1555 2363 nullus
1587 2319 1827 2364 cellerarius

273 2403 439 2461 placere
468 2404 618 2459 potest.
659 2399 800 2456 Panis,
833 2401 1022 2455 cervisia,
1054 2399 1317 2457 pulmentum
1347 2410 1512 2454 semper
1534 2397 1580 2440 in
1600 2397 1724 2455 culpa
1749 2399 1826 2442 est.

273 2480 572 2534 villicationeS,
588 2476 790 2522 beneficia
805 2478 1045 2535 principum
1063 2481 1105 2521 et
1123 2475 1460 2520 ministerialium
1481 2475 1688 2519 ordinant.
1713 2474 1828 2520 Haec

273 2558 412 2616 prima
447 2558 494 2600 in
527 2554 710 2614 capitulo
748 2555 913 2599 dicendi
946 2555 1093 2610 inicia,
1130 2555 1175 2598 in
1204 2554 1270 2598 his
1300 2553 1411 2597 diem
1441 2555 1702 2596 consumunt.
1761 2552 1828 2597 De

274 2635 481 2690 moribus,
517 2634 569 2678 de
598 2633 813 2689 religione,
845 2633 896 2676 de
925 2632 1131 2690 patientia
1161 2634 1203 2675 et
1230 2629 1478 2685 humilitate,
1511 2630 1562 2673 de
1592 2630 1828 2674 obedientia

275 2716 318 2757 et
346 2713 521 2756 caritate
549 2711 711 2755 nullum
732 2724 918 2768 unquam
936 2710 1130 2764 verbum3
1162 2709 1213 2753 de
1232 2708 1385 2752 vestitu
1405 2707 1632 2763 moderato,
1662 2708 1715 2751 de
1733 2710 1827 2752 ton-

276 2804 376 2834 sura
414 2794 456 2834 et
491 2790 656 2834 incessu
691 2802 863 2847 prorsus
895 2788 1080 2831 extincta
1108 2786 1310 2830 memoria
1339 2788 1414 2829 est.
1475 2784 1532 2829 Et
1560 2798 1656 2829 cum
1685 2785 1827 2829 omnia

276 2868 344 2911 die
373 2880 422 2911 ac
449 2871 570 2911 nocte
599 2869 859 2924 pervertant,
895 2869 1109 2922 tamquam
1138 2876 1330 2908 censores
1359 2866 1401 2906 et
1429 2862 1618 2907 homines
1647 2863 1826 2919 castiga-

371 2956 404 2990 1.
428 2953 630 3000 manle,
650 2953 707 2989 19.
802 2954 835 2990 2.
862 2952 982 2989 Eccle.
1002 2952 1057 2998 11,
1074 2953 1108 2988 3.
1204 2952 1239 2989 3.
1263 2951 1322 2989 Pe
1341 2950 1398 2997 57,
1415 2950 1450 2987 5.
1544 2951 1578 2989 4.
1604 2950 1791 2998 Ps.5⁷‚e.
