1924 3288
269 179 356 224 208
714 193 912 224 wmALm
941 193 1189 225 11118101,Δο
1218 193 1289 224 181.
1313 193 1383 224 182.

151 290 244 327 1148
268 287 428 332 tatione
463 287 537 331 diu
565 288 725 345 perfrui
754 300 930 331 merear.
979 287 1136 332 Verum
1166 292 1322 346 quanto
1352 289 1516 333 fervore
1542 291 1732 334 vestram
1751 300 1832 334 -ro-

269 365 434 422 quiram
470 366 747 423 presentiam,
794 365 1022 410 adventum
1059 366 1311 423 desiderem,
1355 380 1441 411 non
1477 366 1605 412 credo⁴
1639 368 1832 412 vestram

267 443 462 498 ignorare
493 444 724 500 scientiam,
757 445 914 502 quippe
945 445 1062 488 cuius
1094 449 1136 488 et
1166 448 1377 489 sustentor
1406 444 1562 490 auxilio
1582 448 1625 490 et
1643 444 1827 490 delector

267 522 453 565 consilio.
573 522 638 566 De
677 536 725 566 eo
762 525 924 578 autem,
962 522 1074 579 quod
1103 522 1208 566 mihi
1238 523 1501 579 iniunxistis,
1538 526 1594 567 ut*
1615 521 1827 571 Godinnm

267 598 319 642 de
347 598 518 643 Barsiez
550 599 796 644 villicationi
826 600 872 644 in
901 599 1107 656 Lemgum
1136 601 1419 658 imponerem,
1458 603 1704 658 preceptum
1732 600 1825 658 qui-

267 676 363 720 dem
392 680 581 721 vestrum
609 678 778 722 rusticis
811 679 1070 734 annuntiavi,
1102 682 1167 723 set
1196 679 1370 722 minime
1400 678 1588 724 obtinere
1613 678 1749 737 potui,
1777 681 1839 723 ut.
1918 695 1924 702 ·

267 755 445 799 eundem
461 754 704 810 G(odinum)
725 756 972 813 reciperent,
994 770 1126 814 usque
1147 757 1200 800 ad
1225 760 1389 801 vestrae
1409 756 1829 814 presentiaediscm„

266 833 438 876 sionem.
486 832 593 877 Cum
630 848 728 878 vero
765 834 986 890 instarem,
1025 838 1072 878 ut
1109 835 1238 878 iussio
1276 838 1416 879 vestra
1444 834 1722 893 impleretur„
1736 834 1829 892 μὴ

266 914 460 954 vocatum
489 911 703 966 adierunt3
735 915 778 956 et
807 913 869 956 810
899 912 1061 968 omnia,
1092 926 1177 956 non
1206 916 1349 957 tamen
1380 913 1471 957 sine
1501 926 1652 969 magno
1683 925 1826 967 10111111

265 992 505 1032 nostrarum
540 989 743 1047 dampno,
783 989 914 1034 dilata
944 993 1042 1034 sunt
1073 993 1115 1034 et
1145 991 1402 1034 contentiose
1430 990 1580 1035 relicta
1608 1003 1741 1048 usque
1771 989 1826 1035 ad

264 1070 449 1111 vestram
484 1068 774 1125 presentiam..
876 1068 1083 1126 Quicquid
1120 1071 1262 1112 tamen
1300 1068 1367 1113 vel
1404 1069 1560 1126 scripto
1598 1067 1668 1113 vel
1694 1067 1826 1123 ,verbo

264 1145 369 1189 mihi
405 1146 726 1201 mandaveritis,
765 1159 840 1201 ego
876 1146 1107 1204 adimplere
1138 1160 1215 1204 pro
1245 1160 1370 1204 posse
1401 1149 1595 1191 etsnosse
1624 1159 1719 1191 meo
1746 1159 1824 1204 pae-

264 1226 380 1267 ratus
413 1237 518 1267 sum.
564 1223 629 1267 De
659 1226 796 1268 cetero
828 1223 879 1268 de
902 1225 1117 1282 pasnagiis
1130 1221 1153 1280 ¹,
1184 1238 1262 1282 pro
1285 1224 1435 1281 quibus
1456 1223 1562 1269 mihi
1580 1224 1824 1282 scripsistis,

263 1305 311 1345 ut
340 1302 552 1357 exigerem
581 1304 624 1345 et
651 1305 971 1359 comportarem,
1001 1315 1137 1359 pauca
1158 1298 1327 1358 quidem
1348 1305 1458 1357 sunt,
1490 1305 1554 1346 set
1573 1302 1722 1348 eadem
1739 1315 1827 1347 11011

264 1378 400 1422 8011110
431 1379 579 1422 devote
610 1383 653 1423 et
682 1379 858 1423 sollicite
889 1381 1059 1436 exigam
1089 1383 1153 1424 set
1183 1380 1312 1423 etiam
1340 1379 1520 1423 fideliter
1549 1379 1822 1437 congregabo.

263 1455 567 1500 Paternitatem
603 1460 787 1501 vestram
824 1458 944 1501 nobis
977 1462 1019 1502 et
1049 1457 1274 1502 aecclesiae
1303 1460 1472 1501 nostrae
1502 1457 1653 1504 utilem
1677 1457 1823 1504 multis

264 1534 384 1578 annis
414 1534 530 1578 Deus
560 1534 813 1580 incolumem
843 1549 1091 1580 conservare
1122 1535 1328 1591 dignetur.
1376 1534 1526 1579 Amen.

270 1675 383 1722 132.
411 1678 464 1721 Η.
488 1678 711 1722 monachus
732 1679 986 1723 stabulensis
1014 1679 1201 1723 Wibaldo
1233 1681 1284 1722 de
1312 1694 1389 1722 sua
1421 1694 1520 1736 erqa
1551 1695 1642 1722 eum
1665 1680 1823 1736 pietate

412 1764 450 1799 et
480 1758 709 1800 obedientia
738 1758 966 1814 respondet.
1606 1754 1679 1810 (Μ.
1705 1755 1820 1810 111.)

146 1850 238 1886 1148
379 1845 732 1889 Reverentissimo
769 1845 882 1902 patri
921 1859 996 1889 suo
1036 1850 1078 1890 et
1116 1846 1284 1890 domino
1322 1844 1550 1900 W(ibaldo)
1592 1844 1822 1890 venerabili

265 1922 523 1967 Stabulensis
556 1923 780 1967 aecclesiae
811 1923 954 1967 abbati
984 1924 1159 1979 exiguus
1179 1923 1247 1979 H.,
1281 1923 1479 1980 quicquid
1508 1926 1626 1966 tanto
1655 1935 1704 1967 ac
1732 1926 1822 1966 tam

262 2001 414 2045 dilecto
445 2002 558 2058 patri
587 2001 758 2044 humilis
789 2001 912 2045 debet
941 2001 1169 2045 monachus
1201 2004 1244 2045 et
1274 2001 1447 2045 devotus
1477 2000 1601 2044 filius.

379 2078 534 2134 Lectis,
567 2079 854 2123 amantissime
882 2082 1016 2136 pater,
1049 2079 1283 2123 sanctitatis
1304 2082 1469 2123 vestrae
1487 2075 1696 2135 monitis¹‚
1728 2078 1820 2136 qui-

262 2156 339 2200 bus
370 2170 509 2200 meam
538 2157 801 2214 impericiam
821 2157 1042 2212 instruere,
1073 2157 1278 2201 desidiam
1296 2156 1560 2212 redarguere,
1591 2156 1821 2206 stulticiam

261 2234 566 2292 reprehendere
597 2235 790 2290 dignatus
823 2235 938 2290 estis,
969 2234 1101 2278 multo
1132 2233 1317 2291 repletus
1347 2247 1442 2277 sum
1465 2234 1630 2290 gaudit),
1663 2234 1820 2294 quippe

263 2312 334 2368 qui
364 2311 471 2355 nihil
500 2325 568 2355 me
600 2326 690 2356 esse
721 2313 867 2368 fateor,
898 2313 981 2356 nisi
1013 2313 1212 2369 quamdiu
1244 2326 1269 2355 a
1287 2315 1429 2356 vestra
1448 2311 1736 2367 magnitudine
1754 2311 1819 2356 di÷

261 2389 350 2445 ligi,
380 2390 526 2445 foveri,
559 2390 786 2434 sustentari
815 2403 990 2434 mereor.
1043 2389 1150 2441 Quia
1179 2390 1310 2446 igitur
1338 2402 1490 2446 parvas
1521 2389 1651 2433 immo
1679 2388 1818 2433 nullas

263 2467 485 2524 aliquando
517 2467 668 2511 vestris
699 2467 843 2511 multis
874 2467 1084 2511 beneficiis
1111 2480 1429 2524 recompensare
1449 2470 1595 2524 potero
1615 2467 1743 2523 vices,
1771 2466 1818 2511 in

261 2544 339 2589 hoc
374 2545 525 2589 saltem
554 2558 705 2589 meam.
723 2545 834 2589 circa
863 2549 1049 2589 vestram
1078 2545 1367 2589 celsitudinem
1396 2545 1671 2601 experiemini
1700 2544 1817 2589 beni-

262 2621 508 2678 volentiam,
541 2623 651 2680 quod
681 2623 812 2679 vobis,
850 2623 1050 2679 quamdiu
1079 2636 1290 2680 superero,
1323 2622 1425 2665 artis
1455 2635 1573 2665 meae
1603 2622 1815 2679 obsequio,

263 2701 342 2744 etsi
387 2701 526 2744 minus
571 2700 782 2756 celeriter,
826 2700 974 2744 devote
1011 2704 1153 2744 tamen
1190 2703 1232 2744 et
1268 2699 1585 2754 infatigabiliter
1620 2684 1814 2745 serviam.

262 2777 391 2821 Aliud
422 2778 534 2821 enim
565 2778 611 2822 in
639 2792 821 2836 persona
849 2792 944 2822 mea
973 2778 1134 2833 nescio,
1170 2776 1281 2834 quod
1309 2779 1472 2820 vestrae
1501 2777 1666 2834 placeat
1695 2777 1815 2822 celsi-

262 2855 410 2898 tudini.
459 2855 523 2899 De
560 2859 697 2899 cetero
736 2856 855 2899 iuxta
893 2855 1188 2899 admonitionis
1226 2857 1389 2898 vestrae
1420 2854 1699 2910 diligentiam,
1739 2854 1815 2898 otii

359 2944 390 2977 1.
417 2943 554 2980 tributo
578 2943 728 2990 saginae
751 2953 944 2989 porcorum
969 2942 1152 2989 imposito.
1247 2942 1280 2978 2.
1313 2952 1348 2978 v.
1374 2952 1432 2988 ep.
1451 2942 1518 2978 127
1544 2952 1654 2988 supra
1677 2953 1712 2988 p.
1731 2941 1813 3005 205.
