1924 3288
519 207 718 238 erALm
746 205 995 237 EPISTOLAE
1025 204 1095 234 237.
1119 203 1190 234 238.
1552 190 1636 234 357

193 303 388 349 Ceterum
418 306 516 360 post
545 301 797 346 celebratam
817 301 906 345 Deo
940 303 1109 344 auctore
1132 299 1306 354 curiam,
1339 311 1465 354 quam
1485 297 1640 342 Kalen·
1664 300 1758 337 1150

75 384 149 428 das
179 379 301 440 May¹
331 396 427 426 cum
452 380 713 439 principibus
737 379 939 435 Saxonie,
978 378 1170 434 Polonie,
1202 377 1393 432 Boemie,
1424 375 1640 420 Leuticiae
1667 351 1755 382 Febr.

73 462 119 506 in
148 461 319 506 civitate
345 459 591 514 Merseburg
619 458 773 502 habere
804 457 1079 512 decrevimus,
1109 456 1284 499 nuncios
1315 457 1495 510 nostros,
1526 455 1640 498 viros

74 539 218 596 utique
237 538 492 596 principales
514 541 556 581 et
577 536 779 592 egregios,
812 535 865 579 ad
894 538 1011 579 tuam
1031 534 1290 591 presentiam
1311 546 1406 577 cum
1437 536 1509 576 tuo
1540 546 1641 590 pru-

75 618 191 663 denti
229 620 272 661 et
308 616 481 660 honesto
512 615 671 670 legato,
708 614 904 658 videlicet
932 612 1112 656 Michael
1141 611 1360 667 Bardalia,
1397 611 1640 666 dirigemus,

76 696 147 753 qui
176 698 294 739 tuam
323 692 678 749 magnificentiam
717 693 768 736 de
798 691 954 735 nostris
993 690 1287 748 sponsionibus
1320 702 1368 733 ac
1398 689 1641 746 promissio-

74 774 197 818 nibus
228 773 384 817 diutius
416 771 606 815 dubitare
637 784 723 814 non
754 770 906 813 sinent.

195 851 360 895 Salutat
395 852 579 894 vestram
609 848 944 905 magnitudinem
975 846 1151 890 dilectus
1190 845 1302 889 filius
1339 848 1482 889 noster
1512 844 1641 888 Hein-

74 931 208 986 ricus,
247 929 386 973 iunior
422 928 706 972 Romanorum
743 941 839 982 rex,
881 929 923 970 et
961 925 1232 969 karissimam
1269 923 1401 967 filiam
1438 926 1641 979 nostram,

75 1022 194 1052 suam
224 1007 369 1064 utique
399 1009 683 1051 materteram.
734 1004 812 1048 Cui
843 1007 1044 1061 quantam
1072 1003 1251 1058 gloriam
1271 1001 1386 1046 Deus
1417 1002 1464 1044 in
1492 1001 1642 1059 primis

74 1085 225 1129 militie
256 1088 298 1129 et
328 1085 475 1129 ductus
508 1085 573 1128 sui
605 1083 804 1141 auspiciis
836 1082 1078 1137 contulerit,
1116 1080 1226 1124 lator
1256 1080 1516 1137 presentium
1545 1080 1643 1123 viva

74 1178 176 1208 voce
206 1163 447 1208 declarabit.

78 1288 195 1337 238.
223 1290 431 1334 Wibaldus
451 1289 684 1332 Arnoldum
707 1289 996 1346 praepositum
1019 1286 1311 1337 Coloniensem,
1343 1286 1452 1342 reyis
1483 1285 1641 1327 cancel-

222 1363 386 1417 larium,
423 1362 622 1415 hortatur,
655 1368 701 1403 ut
730 1361 870 1403 curiae
902 1358 1102 1402 Fuldensi
1133 1358 1242 1400 assit.
1304 1357 1372 1400 De
1403 1357 1489 1399 alia
1514 1372 1642 1414 prae-

217 1435 408 1493 positura
432 1433 654 1476 Thiebaldo
687 1432 947 1475 concedenda
978 1431 1036 1474 ad
1056 1445 1221 1487 papam
1249 1437 1366 1472 cauce
1385 1430 1644 1472 scribendum

216 1513 350 1564 putat.
412 1506 539 1563 Regis
569 1505 799 1548 litterarum
832 1503 1061 1561 exemplum
1092 1503 1223 1544 mittit.
1428 1499 1499 1554 (M.
1526 1499 1642 1555 191.)

194 1588 428 1634 Karissimo
460 1587 627 1632 domino
660 1591 702 1632 et
726 1587 860 1631 amico
883 1600 957 1630 suo
978 1584 1202 1639 A(rnoldo)
1224 1584 1455 1628 venerabili
1476 1587 1645 1628 sanctae
1670 1593 1763 1629 1150

77 1667 335 1714 Coloniensis
367 1666 591 1711 aecclesiae
621 1666 772 1709 maiori
799 1665 1028 1723 preposito,
1059 1663 1200 1719 regiae
1221 1663 1361 1706 curiae
1382 1662 1644 1719 cancellario,

76 1748 206 1790 frater
235 1745 488 1800 W(ibaldus)
520 1744 601 1788 Dei
639 1744 776 1799 gratia
812 1743 857 1786 id
897 1742 1007 1799 quod
1045 1745 1109 1786 est
1143 1742 1188 1784 in
1220 1740 1395 1784 ecclesia
1426 1740 1645 1797 catholica,

77 1839 122 1869 se
151 1825 292 1882 ipsum
323 1826 365 1867 et
394 1836 471 1866 sua
500 1822 708 1866 universa.

196 1901 402 1946 Dominus
438 1904 581 1944 noster
618 1913 694 1943 rex
724 1912 810 1942 non
841 1898 1004 1942 dubitat
1034 1911 1112 1941 nec
1142 1911 1215 1941 vos
1247 1897 1439 1941 dubitare
1470 1896 1646 1953 debetis,

78 1981 180 2039 quin
218 1980 271 2024 ad
301 1979 481 2034 curiam,
521 1991 627 2034 quae
657 1976 788 2020 Fulde
818 1976 864 2019 in
894 1975 1105 2020 dominica
1135 1977 1286 2019 Iadica
1316 1991 1380 2018 me
1410 1971 1551 2018 Deus²
1581 1974 1645 2018 fu—

77 2063 174 2104 tura
203 2061 280 2114 est,
313 2058 512 2111 veniatis3
546 2070 599 2100 ne
618 2055 726 2099 forte
748 2055 962 2098 absentiae
982 2056 1148 2098 vestrae
1168 2054 1415 2111 imputetur,
1449 2053 1646 2109 quicquid

77 2151 154 2195 per
184 2134 475 2181 difficultatem
495 2134 563 2178 vel
592 2147 668 2191 per
698 2133 999 2188 negligentiam
1028 2133 1073 2175 in
1104 2132 1297 2188 gerendis
1322 2132 1446 2175 rebus
1466 2131 1646 2189 publicis

79 2215 306 2259 omittetur.
410 2214 474 2258 De
505 2226 632 2256 causa
661 2211 893 2255 communis
925 2211 1050 2255 amici
1079 2211 1215 2254 nostri
1246 2210 1498 2264 T(hiebaldi)
1530 2209 1645 2253 Xan-

79 2294 209 2338 tensis
247 2293 472 2351 prepositi,
511 2291 557 2334 in
598 2304 680 2346 qua
717 2293 759 2333 et
796 2302 872 2346 pro
913 2303 996 2346 qua
1026 2303 1100 2332 vos
1141 2287 1334 2332 effectum
1372 2289 1569 2332 habuisse
1605 2292 1647 2332 et

81 2372 200 2430 quasi
229 2371 415 2429 palmam
447 2369 675 2414 obtinuisse
705 2381 789 2410 non
819 2366 1085 2411 mediocriter
1109 2367 1361 2422 gaudemus,
1393 2380 1478 2409 non
1506 2367 1645 2410 minus

81 2464 233 2508 operae
263 2450 474 2504 dedimus,
506 2451 554 2491 ut
584 2445 746 2490 stabilis
777 2448 1037 2502 perseveret,
1070 2459 1196 2501 quam
1227 2445 1263 2488 si
1295 2445 1346 2488 de
1375 2447 1521 2488 nostra
1551 2458 1646 2501 per-

82 2542 185 2572 sona
215 2531 420 2584 ageretur.
464 2526 570 2578 Quia
593 2525 706 2569 enim
726 2537 950 2581 personam
970 2526 1155 2567 vestram
1176 2526 1218 2566 et
1238 2523 1439 2566 honorem
1460 2526 1643 2566 vestrum

82 2608 126 2650 in
156 2607 332 2650 veritate
363 2605 590 2660 diligimus,
623 2603 777 2658 omnia,
810 2616 890 2658 que
920 2601 1038 2645 vobis
1070 2601 1186 2644 cordi
1216 2604 1326 2655 sunt,
1360 2600 1413 2643 ad
1443 2614 1519 2643 nos
1550 2614 1646 2657 per-

82 2685 216 2729 tinere
245 2697 509 2741 nequaquam
540 2682 791 2726 dubitamus.
839 2679 913 2723 Set
944 2679 995 2723 de
1026 2678 1208 2736 capitulo
1227 2679 1466 2722 litterarum
1486 2681 1646 2721 vestra-

83 2777 177 2806 rum
186 2759 215 2818 ³,
245 2763 290 2806 in
315 2776 395 2819 quo
420 2750 669 2819 scripsistis,
702 2759 826 2815 quod,
858 2759 894 2802 si
916 2758 1088 2802 alterius
1120 2756 1266 2801 electio
1300 2755 1524 2800 aecclesiae
1546 2770 1646 2800 eun—

85 2841 180 2884 dem
211 2841 390 2884 amicum
418 2842 608 2883 nostrum
629 2837 841 2881 vocaverit
860 2837 905 2880 in
924 2835 1198 2894 prepositum,
1230 2835 1469 2879 interventu
1488 2834 1647 2878 domini

84 2918 218 2962 nostri
255 2918 366 2973 regis
398 2932 422 2961 a
453 2918 603 2961 domno
635 2930 747 2973 papa
777 2914 984 2972 promotio
1016 2913 1114 2957 talis
1147 2913 1185 2957 ei
1215 2927 1297 2956 non
1328 2916 1523 2969 negetur,
1562 2926 1646 2962 non

182 2995 212 3030 1.
242 2994 333 3030 1150
357 2994 440 3029 Mai.
459 2994 492 3029 1.
589 2993 623 3028 2.
648 2991 738 3038 Apr.
757 2993 790 3029 2.
889 2991 924 3028 3.
948 3001 1006 3037 ep.
1024 2990 1092 3026 227
1119 3000 1230 3035 supra
1253 2999 1290 3035 p.
1308 2989 1390 3031 346,
