1924 3288
572 230 772 263 wmALm
799 228 1021 262 EPISTOLA
1051 227 1121 258 138.
1551 211 1635 254 221

185 328 344 383 Quibus
366 327 536 385 auditis,
566 328 720 372 fratres
741 326 948 382 rogabant
966 327 1123 380 tamen,
1149 321 1261 380 quod
1282 320 1490 375 abbatem,
1513 331 1639 376 quem
1661 319 1776 401 §2385

66 422 164 454 cum
191 408 298 467 ipsis
328 406 548 465 paululum
578 406 897 463 reliqueramus,
930 403 1164 448 detinentes
1196 415 1222 445 a
1251 399 1488 456 cognitione
1514 397 1638 454 hujus
1731 392 1738 400 '

66 486 185 532 verbi
209 486 550 542 subduceremus,
589 485 734 540 donec,
766 482 955 541 capitolii
986 481 1108 526 edem
1138 479 1415 524 communiter
1444 476 1638 533 ingressi,

66 579 194 624 super
231 565 367 623 ipsius
402 578 584 622 persona
615 562 808 619 eligenda
837 564 1085 606 cunctorum
1116 571 1334 603 assensum
1362 556 1638 614 requirerent.

66 643 325 689 Introierunt
360 642 445 700 illi,
484 656 561 686 nos
591 641 872 685 remansimus
912 642 974 695 et,
1008 641 1224 696 assumpto
1257 636 1406 681 abbate
1437 647 1639 689 seorsum,

68 722 170 780 quid
188 721 419 766 Fuldenses
448 721 602 765 fratres
622 718 843 763 nobiscum
864 718 1062 774 egissent,
1095 717 1134 761 ei
1155 714 1510 760 annuntiavimus.
1551 712 1640 756 Du-

67 801 275 846 bitantem
305 803 348 845 et
377 801 623 857 querentem
647 811 775 856 super
793 796 873 841 hoc
894 796 1118 840 consilium
1137 798 1330 838 nostrum
1352 793 1406 837 ad
1427 806 1498 837 cor
1518 805 1642 836 suum

69 882 112 924 et
139 878 441 924 conscientiam
469 877 724 922 remisimus
765 875 824 919 Et
854 888 950 919 cum
981 888 1026 918 se
1058 874 1294 918 consentire
1313 871 1553 916 nullatenus
1575 884 1642 914 as-

68 961 240 1015 sereret,
270 957 555 1014 suggessimus
587 956 639 1012 ei,
670 958 719 998 ut
750 954 859 998 sicut
880 967 957 997 nos
986 953 1048 996 ita
1077 955 1119 996 et
1146 953 1238 1010 ipse
1260 951 1312 996 ab
1334 952 1393 995 eis
1415 950 1642 1006 recederet,

68 1050 123 1081 ne
143 1050 262 1094 opus,
292 1035 405 1093 quod
423 1034 488 1079 illi
507 1034 630 1079 nobis
653 1032 896 1078 absentibus
917 1035 959 1076 et
979 1022 1319 1075 dissuadentibus
1339 1030 1564 1086 faciebant,
1590 1028 1644 1072 ad

68 1117 261 1159 nostrum
290 1127 541 1159 consensum
571 1115 762 1170 spectare
792 1111 1019 1156 videretur.
1067 1109 1142 1154 Ille
1170 1109 1287 1165 abiit,
1318 1122 1396 1152 nos
1416 1109 1462 1152 in
1482 1121 1642 1163 mensa,

69 1193 268 1238 refecturi
297 1206 476 1250 corpora
505 1194 665 1247 nostra,
697 1189 976 1234 consedimus.
1029 1188 1131 1232 Post
1161 1201 1335 1232 coenam
1366 1186 1643 1231 salutavimus

70 1271 279 1328 abbatem,
312 1270 588 1315 salutavimus
611 1272 653 1314 et
671 1269 825 1313 fratres
845 1267 1092 1323 Fuldenses,
1117 1265 1402 1323 significantes
1424 1265 1499 1321 eis,
1533 1264 1645 1322 quod

69 1350 180 1394 facto
211 1363 337 1394 mane
366 1348 568 1393 vellemus
601 1347 828 1392 discedere.
880 1346 1168 1390 Precabantur
1197 1345 1364 1401 fratres,
1395 1347 1444 1387 ut
1472 1356 1645 1387 manere

70 1427 293 1484 vellemus,
332 1427 532 1485 quoniam
563 1426 734 1484 quidem
771 1426 856 1483 ipsi
888 1425 1083 1469 abbatem
1114 1424 1361 1480 elegissent,
1401 1426 1465 1467 set
1497 1422 1644 1467 dilatio

71 1521 98 1551 a
125 1506 245 1551 laicis
275 1520 409 1563 usque
437 1506 484 1549 in
515 1505 746 1549 crastinum
777 1507 888 1548 esset
913 1503 1178 1561 interposita,
1210 1506 1258 1546 ut
1279 1516 1424 1546 eorum
1451 1500 1646 1545 electioni

71 1585 368 1629 consentirent.
407 1583 494 1628 Nos
514 1597 614 1627 vero
635 1582 838 1640 peticioni
859 1595 1005 1626 eorum
1025 1595 1292 1639 nequaquam
1313 1580 1645 1638 adquiescentes,

71 1677 235 1708 summo
268 1662 451 1707 diluculo
482 1661 745 1706 recessimus.
1670 1661 1747 1692 Nov·
1763 1661 1782 1692 6

190 1741 305 1786 Haec
336 1744 447 1797 sunt,
477 1740 703 1784 karissime
733 1742 868 1797 pater,
901 1753 981 1796 que
1011 1738 1171 1782 Fuldae
1200 1740 1418 1796 presentes
1450 1737 1646 1792 cognovi-

72 1833 179 1864 mus.
227 1819 316 1872 Que
338 1833 438 1863 vero
469 1821 568 1877 post
597 1818 760 1862 exitum
790 1821 983 1861 nostrum
1011 1819 1105 1861 acta
1131 1817 1229 1873 sint,
1263 1830 1315 1861 ex
1340 1816 1508 1871 litteris,
1542 1829 1645 1872 quas

74 1898 247 1955 quidam
283 1897 414 1941 frater
444 1896 666 1941 Fuldensis
704 1896 846 1952 nobis,
884 1909 970 1940 non
1006 1895 1052 1938 in
1089 1895 1336 1939 membrana
1371 1895 1551 1952 scriptas
1583 1896 1648 1938 set

73 1976 118 2020 in
140 1975 295 2020 tabella
307 1973 331 2032 ¹,
362 1976 613 2032 transmisit,
645 1987 895 2031 cognoscere
914 1974 1130 2031 poteritis3
1164 1987 1267 2031 quas
1290 1973 1344 2017 ad
1363 1976 1529 2017 vestrae
1550 1986 1646 2016 san-

74 2054 233 2099 ctitatis
263 2053 392 2112 pedes
430 2054 708 2111 transcriptas
740 2053 971 2097 direximus
981 2049 1008 2095 ².
1058 2051 1187 2096 Enim
1206 2065 1306 2096 vero
1339 2051 1452 2109 apud
1478 2064 1552 2095 vos
1582 2053 1647 2094 est

74 2147 250 2189 manna,
291 2132 404 2191 apud
432 2146 507 2177 vos
538 2133 682 2189 virga,
722 2132 835 2190 apud
865 2145 940 2175 vos
971 2144 1179 2174 canonum
1210 2129 1491 2188 dispensatio,
1534 2128 1647 2187 apud

74 2225 148 2256 vos
180 2211 444 2255 decretorum
474 2210 780 2268 interpretatio,
814 2208 927 2267 apud
949 2221 1024 2252 vos
1054 2207 1224 2264 regulae
1254 2207 1501 2264 moderatio,
1534 2206 1648 2265 apud

76 2303 149 2334 vos
179 2290 339 2346 vinum,
371 2289 484 2347 apud
513 2303 587 2332 vos
620 2288 772 2343 oleum,
802 2287 921 2331 novit
951 2286 1126 2330 dextera
1155 2289 1298 2331 vestra

366 2367 544 2412 Parcere
575 2366 775 2411 subiectis
807 2368 849 2409 et
880 2364 1090 2409 debellare
1121 2363 1323 2421 superbos
1332 2360 1360 2407 ³.

77 2444 239 2489 Cuncta
277 2445 521 2490 discretioni
551 2448 716 2489 vestrae
747 2457 824 2501 per
855 2443 1045 2486 ordinem
1075 2443 1272 2486 intimare
1304 2441 1562 2496 studuimus,
1600 2443 1648 2484 ut

77 2536 186 2580 pura
215 2526 256 2567 et
286 2524 510 2582 perspicax
542 2524 684 2567 anima
714 2524 878 2577 vestra,
915 2521 983 2565 cui
1013 2521 1210 2564 discretio
1241 2519 1469 2577 spirituum
1502 2531 1527 2561 a
1556 2517 1646 2561 Deo

78 2601 230 2645 collata
260 2605 336 2658 est,
367 2602 491 2659 plura
513 2601 689 2657 legendo
710 2599 920 2655 intelligat
951 2613 1076 2656 quam
1104 2612 1180 2642 nos
1203 2597 1381 2642 videndo
1410 2599 1452 2640 et
1472 2595 1644 2652 agendo.

80 2678 245 2735 Sicubi,
286 2683 475 2724 armante
509 2680 680 2738 pietatis
713 2678 826 2733 zelo,
868 2677 1036 2721 decreta
1064 2679 1206 2720 vestra
1236 2678 1278 2719 et
1307 2674 1513 2718 iussiones
1543 2673 1647 2718 insi-

79 2757 244 2815 pienter
274 2757 535 2802 defendimus
569 2761 610 2802 et
641 2757 761 2814 quasi
791 2755 955 2800 coelum
985 2755 1192 2798 sustinere
1215 2753 1401 2797 humeris
1421 2752 1647 2810 temptavi-

81 2849 195 2892 mus,
233 2836 313 2879 etsi
344 2835 536 2880 effectus⁸
566 2835 735 2879 laudem
765 2847 851 2878 non
880 2836 1079 2888 meretur,
1111 2832 1276 2876 devotio
1306 2834 1449 2876 tamen
1480 2831 1647 2875 veniam

81 2926 107 2957 a
136 2917 276 2958 vestra
305 2913 528 2958 elementia
555 2912 812 2972 impetrabit.

177 3000 205 3022 a.
232 2991 356 3022 effectus
378 3004 404 3023 c.

178 3044 211 3079 1.
236 3046 371 3081 cerata.
437 3045 472 3080 2.
500 3043 544 3081 V.
561 3054 642 3080 eam
660 3053 754 3090 quae
772 3041 939 3087 sequitur
955 3039 1161 3086 epistolam.
1231 3039 1267 3077 3.
1291 3039 1395 3087 Virg.
1409 3039 1505 3077 Aen.
1517 3040 1551 3086 6,
1563 3039 1646 3077 853.
