1924 3288
528 184 726 216 wmALm
755 182 1003 215 nmeronAn
1032 180 1103 211 244.
1126 178 1196 211 245.
1554 164 1640 208 367

81 281 373 338 cessitsemuS,
410 280 629 338 premissis
668 278 876 336 equitibus
915 275 1261 335 expeditissimis,
1301 273 1374 331 qui
1403 273 1493 317 eius
1523 274 1641 328 tergo
1680 274 1774 311 1150

80 359 346 407 imminentes
375 358 520 414 fugam
548 358 682 416 ipsius
713 357 990 411 retardarent,
1020 368 1098 399 nos
1129 353 1289 398 duabus
1311 351 1514 396 consertis
1535 351 1643 395 acie·
1665 324 1753 355 mn
1767 324 1785 354 8

80 437 159 484 bus
188 436 367 483 eundem
395 436 762 495 persequebamur.
824 434 930 479 Cum
959 434 1102 490 itaque
1132 431 1310 488 agminis
1341 433 1530 475 extrema
1558 429 1644 473 iam

81 515 336 570 cederemus,
366 514 518 559 faciem
547 517 791 558 convertere
816 515 984 557 coactus
1005 514 1089 565 est3
1122 513 1198 566 set,
1219 522 1319 554 vero
1339 508 1429 553 Deo
1461 507 1512 552 de
1543 506 1643 551 celis

80 595 295 651 pugnante
323 592 558 650 pronubis,
589 595 753 636 tantam
775 591 916 649 adepti
941 590 1098 634 fuimus
1118 588 1352 643 victoriam,
1382 589 1444 642 ut,
1464 585 1549 630 nisi
1567 598 1644 642 per

80 674 306 716 nocturnas
329 669 524 715 tenebras
545 669 810 714 delituissent
818 676 845 724 ⁸,
876 667 1016 712 nullus
1037 667 1206 711 omnino
1229 665 1405 710 evadere
1423 663 1642 722 potuisset.

82 748 207 807 Capti
243 751 342 793 sunt
379 748 540 806 equites
578 748 775 803 trecenti,
813 750 856 791 et
894 759 1095 803 equorum
1131 758 1216 788 non
1251 756 1408 801 parvus
1446 755 1646 787 numerus

83 827 292 873 extinctus
337 830 420 883 est,
467 826 625 884 partim
671 825 828 870 lanceis
874 823 1089 868 confossus
1129 822 1286 880 partim
1322 821 1474 877 gladiis
1512 834 1643 864 cesus.

82 904 208 951 Pater
236 919 356 950 meus
385 904 623 961 generalem
642 917 755 948 nunc
775 902 1084 961 expeditionem
1104 914 1231 958 super
1251 900 1430 944 eundem
1449 891 1646 956 Welpho-
1669 905 1741 943 Apr-

83 997 182 1029 nem
209 983 365 1028 indixit
395 986 438 1028 et
457 996 552 1028 eum
572 983 742 1040 penitus
771 980 1050 1026 exterminare
1079 978 1334 1035 aggreditur,
1365 981 1414 1021 ut
1437 978 1489 1021 de
1509 980 1646 1022 cetero

85 1061 139 1106 ad
168 1075 433 1106 communem
461 1061 630 1119 imperii
659 1060 789 1105 vestri
819 1060 983 1104 hostem
1002 1057 1337 1116 persequendum
1362 1060 1404 1100 et
1423 1055 1647 1101 delendum

84 1139 329 1198 expeditusb
361 1143 404 1184 et
431 1139 539 1185 liber
569 1139 736 1185 existat.

87 1282 205 1330 245.
233 1284 453 1329 Heinricus
479 1284 767 1328 Romanorum
796 1298 872 1325 rex
899 1280 1085 1324 Eirenae
1108 1279 1363 1323 Graecorum
1392 1279 1649 1336 imperatrici

234 1363 284 1406 de
313 1361 555 1420 ῙῑΤεῖρῘωηε·ν
565 1363 654 1405 acie
683 1367 876 1419 superato
908 1360 1057 1402 scribit.
1431 1353 1503 1410 (M.
1531 1354 1645 1409 190.)

203 1451 436 1496 Karissime
465 1450 593 1495 matri
623 1463 672 1495 ac
701 1452 953 1494 materterae
983 1461 1085 1491 suae
1108 1445 1323 1501 E(irenae)
1353 1458 1430 1503 per
1461 1445 1649 1489 divinam
1674 1447 1767 1482 1150

85 1529 397 1590 providentiam
414 1527 700 1586 placidissime
721 1526 951 1572 Grecorum
970 1524 1230 1583 imperatrici
1244 1523 1517 1579 H(einricus),
1536 1522 1648 1566 filius
1682 1497 1755 1535 ΑΨ

86 1608 258 1665 gloriosi
287 1621 336 1653 ac
357 1607 615 1652 serenissimi
635 1605 850 1661 C(onradi)
871 1604 1155 1648 Romanorum
1179 1602 1446 1659 imperatoris
1469 1601 1648 1656 augusti,

87 1691 130 1732 et
159 1687 252 1745 ipse
281 1686 362 1730 Dei
391 1685 530 1741 gratia
550 1684 835 1729 Romanorum
865 1696 955 1738 rex,
986 1681 1127 1726 filialis
1159 1680 1392 1725 dilectionis
1423 1678 1649 1723 indissolu-

87 1764 215 1810 bilem
244 1764 438 1820 gratiam.
908 1750 912 1754 ”

207 1841 379 1886 Certum
409 1843 474 1885 est
504 1843 546 1884 et
574 1839 715 1884 nullus
745 1838 1016 1897 prudentium
1039 1836 1260 1892 dubitavit,
1293 1835 1404 1892 quod
1423 1834 1511 1891 illa,
1543 1847 1649 1891 quae

89 1933 115 1964 a
142 1923 296 1964 natura
314 1922 452 1963 ortum
474 1921 516 1963 et
535 1931 778 1975 processum
797 1916 966 1972 habent,
996 1914 1172 1973 perenni
1191 1913 1436 1958 fortitudine
1464 1911 1651 1956 firmiora

89 2001 188 2042 sunt
218 2011 344 2055 quam
375 2011 436 2053 ea,
469 2010 550 2053 que
578 1995 760 2040 humano
791 1997 1021 2053 conparata
1051 1996 1095 2038 et
1123 2005 1311 2036 connexa
1341 1994 1440 2035 sunt
1459 1989 1647 2034 artificio.

89 2075 196 2128 Quia
225 2075 354 2132 igitur
385 2074 613 2119 secundum
643 2072 1019 2129 consanguinitatis
1050 2074 1093 2115 et
1118 2069 1447 2128 propinquitatis
1470 2082 1495 2112 a
1514 2071 1651 2112 matre

89 2167 184 2200 mea
213 2153 372 2198 carnali
401 2153 579 2210 gradum
607 2151 856 2196 naturaliter
885 2150 1058 2206 tenetis,
1097 2148 1215 2192 nulla
1243 2162 1320 2192 nos
1352 2147 1577 2191 dissociare
1609 2149 1651 2190 et

90 2231 272 2276 alienare
302 2234 443 2289 potest
471 2230 723 2286 necessitas,
760 2229 862 2286 quin
890 2229 936 2272 in
965 2231 1217 2286 perpetuum
1246 2240 1447 2270 mansura
1475 2225 1650 2270 caritate

89 2309 312 2366 iungamur
343 2313 385 2354 et
414 2308 708 2354 benivolentia.
770 2307 994 2363 Quocirca,
1034 2306 1133 2363 quia
1163 2305 1214 2349 de
1248 2305 1354 2349 meis
1383 2303 1649 2362 provectibus

90 2401 165 2432 vos
194 2387 425 2446 plurimum
464 2387 653 2431 exultare
691 2388 733 2429 et
763 2385 936 2441 gloriari
966 2384 1074 2440 scio,
1116 2397 1270 2440 equum
1301 2396 1392 2427 esse
1423 2381 1649 2426 arbitratus

91 2479 198 2521 sum,
228 2468 393 2510 vestrae
423 2464 662 2509 celsitudini
691 2461 919 2518 notificare,
953 2476 1032 2519 que
1063 2462 1175 2506 circa
1204 2475 1295 2517 nos,
1328 2460 1408 2504 Dei
1435 2463 1650 2517 prestante

91 2542 325 2599 clementia,
356 2557 559 2601 prospera
589 2544 804 2598 geruntur.
853 2540 1069 2597 Siquidem
1107 2543 1254 2583 octava
1288 2539 1355 2582 die
1384 2538 1541 2581 mensis
1571 2537 1650 2581 Fe·
1674 2550 1760 2581 Febr.
1773 2551 1791 2581 8

91 2620 253 2666 bruarii
282 2621 486 2679 superbus
516 2620 587 2663 ille
619 2623 661 2663 et
690 2618 874 2677 perfidus
894 2617 1085 2675 Welph0,
1116 2621 1180 2661 tot
1203 2615 1499 2660 beneficiorum
1517 2614 1650 2673 patris

92 2698 176 2743 mei
205 2699 439 2754 immemor,
475 2697 684 2742 hostiliter
714 2696 871 2740 invasit
899 2699 1057 2739 terram
1086 2698 1294 2750 nostram,
1333 2697 1453 2750 patre
1482 2707 1575 2737 meo
1607 2693 1651 2736 in

93 2776 217 2821 rebus
246 2776 427 2835 publicis
456 2775 580 2832 longe
612 2778 781 2831 agente,
819 2788 887 2818 me
926 2776 1066 2828 autem
1104 2786 1200 2817 cum
1236 2774 1358 2830 parte
1396 2771 1577 2815 miliciae
1607 2771 1651 2814 in

95 2855 275 2912 quodam
314 2857 451 2898 castro
486 2857 629 2898 nostro
661 2853 818 2896 relicto.
882 2851 1096 2906 Castrum,
1137 2850 1190 2893 ad
1221 2849 1331 2906 quod
1360 2848 1432 2893 ille
1463 2849 1651 2905 accessit,

190 2959 217 2980 a.
245 2949 430 2981 enituissent
450 2961 475 2980 c.
560 2949 590 2979 b.
617 2947 776 2988 expeditus
798 2947 919 2978 addidi.
949 2948 997 2983 Cf.
1019 2957 1063 2986 ep.
1080 2945 1140 2977 245
1158 2957 1190 2985 p.
1205 2945 1275 2976 368.

484 2979 525 2995 kh
