<?xml version="1.0" encoding="UTF-8"?>
<!DOCTYPE html PUBLIC "-//W3C//DTD XHTML 1.0 Transitional//EN"
    "http://www.w3.org/TR/xhtml1/DTD/xhtml1-transitional.dtd">
<html xmlns="http://www.w3.org/1999/xhtml" xml:lang="en" lang="en">
 <head>
  <title>
</title>
<meta http-equiv="Content-Type" content="text/html;charset=utf-8" />
  <meta name='ocr-system' content='tesseract 3.04.00' />
  <meta name='ocr-capabilities' content='ocr_page ocr_carea ocr_par ocr_line ocrx_word'/>
</head>
<body>
  <div class='ocr_page' id='page_1' title='image "bibliothecarerum01wattuoft_0145.png"; bbox 0 0 1924 3288; ppageno 0'>
   <div class='ocr_carea' id='block_1_1' title="bbox 530 187 1622 235">
    <p class='ocr_par' dir='ltr' id='par_1_1' title="bbox 530 187 1622 235">
     <span class='ocr_line' id='line_1_1' title="bbox 530 187 1622 235; baseline -0.003 0"><span class='ocrx_word' id='word_1_1' title='bbox 530 203 729 235; x_wconf 74' lang='lat' dir='ltr'>wmALm</span> <span class='ocrx_word' id='word_1_2' title='bbox 757 202 1005 235; x_wconf 66' lang='lat' dir='ltr'>nms&#39;romn</span> <span class='ocrx_word' id='word_1_3' title='bbox 1034 201 1084 234; x_wconf 81' lang='lat'>49.</span> <span class='ocrx_word' id='word_1_4' title='bbox 1106 201 1155 233; x_wconf 83' lang='lat'>50.</span> <span class='ocrx_word' id='word_1_5' title='bbox 1540 187 1622 233; x_wconf 81' lang='lat'>127</span> 
     </span>
    </p>
   </div>
   <div class='ocr_carea' id='block_1_2' title="bbox 62 295 1624 733">
    <p class='ocr_par' dir='ltr' id='par_1_2' title="bbox 62 295 1624 733">
     <span class='ocr_line' id='line_1_2' title="bbox 62 295 1624 356; baseline -0.003 -14"><span class='ocrx_word' id='word_1_6' title='bbox 62 297 224 356; x_wconf 82' lang='lat' dir='ltr'><strong>posuit,</strong></span> <span class='ocrx_word' id='word_1_7' title='bbox 262 300 305 343; x_wconf 88' lang='lat' dir='ltr'>et</span> <span class='ocrx_word' id='word_1_8' title='bbox 339 296 448 342; x_wconf 89' lang='lat' dir='ltr'>filios</span> <span class='ocrx_word' id='word_1_9' title='bbox 479 297 581 354; x_wconf 90' lang='lat' dir='ltr'>Dei,</span> <span class='ocrx_word' id='word_1_10' title='bbox 621 298 693 355; x_wconf 94' lang='lat' dir='ltr'>qui</span> <span class='ocrx_word' id='word_1_11' title='bbox 723 298 770 342; x_wconf 92' lang='lat' dir='ltr'>in</span> <span class='ocrx_word' id='word_1_12' title='bbox 798 298 1026 355; x_wconf 89' lang='lat' dir='ltr'>longinqua</span> <span class='ocrx_word' id='word_1_13' title='bbox 1054 297 1224 353; x_wconf 81' lang='lat' dir='ltr'>regione</span> <span class='ocrx_word' id='word_1_14' title='bbox 1254 295 1488 340; x_wconf 81' lang='lat' dir='ltr'>discordiae</span> <span class='ocrx_word' id='word_1_15' title='bbox 1521 295 1624 339; x_wconf 91' lang='lat' dir='ltr'>adeo</span> 
     </span>
     <span class='ocr_line' id='line_1_3' title="bbox 62 374 1623 431; baseline -0.003 -10"><span class='ocrx_word' id='word_1_16' title='bbox 62 376 213 422; x_wconf 75' lang='lat' dir='ltr'>remoti</span> <span class='ocrx_word' id='word_1_17' title='bbox 242 378 285 421; x_wconf 85' lang='lat' dir='ltr'>et</span> <span class='ocrx_word' id='word_1_18' title='bbox 313 375 485 420; x_wconf 84' lang='lat' dir='ltr'>alienati</span> <span class='ocrx_word' id='word_1_19' title='bbox 515 379 647 431; x_wconf 90' lang='lat' dir='ltr'>erant,</span> <span class='ocrx_word' id='word_1_20' title='bbox 679 377 724 419; x_wconf 93' lang='lat' dir='ltr'>in</span> <span class='ocrx_word' id='word_1_21' title='bbox 750 390 880 419; x_wconf 91' lang='lat' dir='ltr'>unum</span> <span class='ocrx_word' id='word_1_22' title='bbox 901 376 1075 420; x_wconf 91' lang='lat' dir='ltr'>intimae</span> <span class='ocrx_word' id='word_1_23' title='bbox 1097 374 1330 419; x_wconf 79' lang='lat' dir='ltr'>dilectionis</span> <span class='ocrx_word' id='word_1_24' title='bbox 1352 387 1503 430; x_wconf 88' lang='lat' dir='ltr'>corpus</span> <span class='ocrx_word' id='word_1_25' title='bbox 1525 386 1623 416; x_wconf 90' lang='lat' dir='ltr'>con-</span> 
     </span>
     <span class='ocr_line' id='line_1_4' title="bbox 63 452 1623 511; baseline -0.003 -12"><span class='ocrx_word' id='word_1_26' title='bbox 63 454 262 510; x_wconf 84' lang='lat' dir='ltr'>gregavit.</span> <span class='ocrx_word' id='word_1_27' title='bbox 309 453 388 499; x_wconf 90' lang='lat' dir='ltr'>Cui</span> <span class='ocrx_word' id='word_1_28' title='bbox 417 467 494 511; x_wconf 91' lang='lat' dir='ltr'>pro</span> <span class='ocrx_word' id='word_1_29' title='bbox 525 454 707 498; x_wconf 87' lang='lat' dir='ltr'>utilitate</span> <span class='ocrx_word' id='word_1_30' title='bbox 739 457 782 498; x_wconf 88' lang='lat' dir='ltr'>et</span> <span class='ocrx_word' id='word_1_31' title='bbox 811 454 1107 498; x_wconf 84' lang='lat' dir='ltr'>reformatione</span> <span class='ocrx_word' id='word_1_32' title='bbox 1137 453 1271 497; x_wconf 82' lang='lat' dir='ltr'>nostri</span> <span class='ocrx_word' id='word_1_33' title='bbox 1294 452 1540 496; x_wconf 87' lang='lat' dir='ltr'>monasterii</span> <span class='ocrx_word' id='word_1_34' title='bbox 1557 452 1623 495; x_wconf 92' lang='lat' dir='ltr'>in-</span> 
     </span>
     <span class='ocr_line' id='line_1_5' title="bbox 62 530 1623 589; baseline -0.002 -12"><span class='ocrx_word' id='word_1_35' title='bbox 62 531 224 577; x_wconf 82' lang='lat' dir='ltr'>defesso</span> <span class='ocrx_word' id='word_1_36' title='bbox 263 532 402 576; x_wconf 88' lang='lat' dir='ltr'>studio</span> <span class='ocrx_word' id='word_1_37' title='bbox 432 531 642 576; x_wconf 83' lang='lat' dir='ltr'>laboranti</span> <span class='ocrx_word' id='word_1_38' title='bbox 670 534 813 575; x_wconf 86' lang='lat' dir='ltr'>vestra</span> <span class='ocrx_word' id='word_1_39' title='bbox 842 531 1051 575; x_wconf 89' lang='lat' dir='ltr'>industria</span> <span class='ocrx_word' id='word_1_40' title='bbox 1079 545 1156 589; x_wconf 92' lang='lat' dir='ltr'>pro</span> <span class='ocrx_word' id='word_1_41' title='bbox 1188 534 1355 575; x_wconf 90' lang='lat' dir='ltr'>nostrae</span> <span class='ocrx_word' id='word_1_42' title='bbox 1387 530 1623 574; x_wconf 79' lang='lat' dir='ltr'>dilectionis</span> 
     </span>
     <span class='ocr_line' id='line_1_6' title="bbox 63 608 1624 668; baseline -0.002 -13"><span class='ocrx_word' id='word_1_43' title='bbox 63 612 106 655; x_wconf 88' lang='lat' dir='ltr'>et</span> <span class='ocrx_word' id='word_1_44' title='bbox 132 610 354 668; x_wconf 89' lang='lat' dir='ltr'>peticionis</span> <span class='ocrx_word' id='word_1_45' title='bbox 374 610 531 654; x_wconf 88' lang='lat' dir='ltr'>intuitu</span> <span class='ocrx_word' id='word_1_46' title='bbox 551 609 766 665; x_wconf 82' lang='lat' dir='ltr'>singulari,</span> <span class='ocrx_word' id='word_1_47' title='bbox 798 612 846 653; x_wconf 85' lang='lat' dir='ltr'>ut</span> <span class='ocrx_word' id='word_1_48' title='bbox 865 612 1050 654; x_wconf 88' lang='lat' dir='ltr'>vestram</span> <span class='ocrx_word' id='word_1_49' title='bbox 1070 609 1339 667; x_wconf 87' lang='lat' dir='ltr'>prudentiam</span> <span class='ocrx_word' id='word_1_50' title='bbox 1360 608 1492 665; x_wconf 89' lang='lat' dir='ltr'>decet,</span> <span class='ocrx_word' id='word_1_51' title='bbox 1525 622 1624 653; x_wconf 89' lang='lat' dir='ltr'>con-</span> 
     </span>
     <span class='ocr_line' id='line_1_7' title="bbox 62 687 891 733; baseline -0.002 0"><span class='ocrx_word' id='word_1_52' title='bbox 62 688 242 733; x_wconf 77' lang='lat' dir='ltr'>stantiae</span> <span class='ocrx_word' id='word_1_53' title='bbox 273 691 315 733; x_wconf 88' lang='lat' dir='ltr'>et</span> <span class='ocrx_word' id='word_1_54' title='bbox 343 687 470 733; x_wconf 90' lang='lat' dir='ltr'>officii</span> <span class='ocrx_word' id='word_1_55' title='bbox 500 701 641 732; x_wconf 91' lang='lat' dir='ltr'>amore</span> <span class='ocrx_word' id='word_1_56' title='bbox 673 687 891 731; x_wconf 87' lang='lat' dir='ltr'>assistetis.</span> 
     </span>
    </p>
   </div>
   <div class='ocr_carea' id='block_1_3' title="bbox 700 777 984 784">
    <p class='ocr_par' dir='ltr' id='par_1_3' title="bbox 700 777 984 784">
     <span class='ocr_line' id='line_1_8' title="bbox 700 777 984 784; baseline 0 2504"><span class='ocrx_word' id='word_1_57' title='bbox 700 777 984 784; x_wconf 95' lang='lat' dir='ltr'> </span> 
     </span>
    </p>
   </div>
   <div class='ocr_carea' id='block_1_4' title="bbox 66 842 1624 979">
    <p class='ocr_par' dir='ltr' id='par_1_4' title="bbox 66 842 1624 979">
     <span class='ocr_line' id='line_1_9' title="bbox 66 842 1624 900; baseline -0.003 -11"><span class='ocrx_word' id='word_1_58' title='bbox 66 842 147 890; x_wconf 88' lang='lat'>50.</span> <span class='ocrx_word' id='word_1_59' title='bbox 183 844 440 888; x_wconf 74' lang='lat' dir='ltr'>Corbeienses</span> <span class='ocrx_word' id='word_1_60' title='bbox 457 842 766 886; x_wconf 62' lang='lat' dir='ltr'>stabulensibus</span> <span class='ocrx_word' id='word_1_61' title='bbox 788 843 837 885; x_wconf 87' lang='lat' dir='ltr'>de</span> <span class='ocrx_word' id='word_1_62' title='bbox 855 842 1044 886; x_wconf 77' lang='lat' dir='ltr'>Wibaldo</span> <span class='ocrx_word' id='word_1_63' title='bbox 1067 843 1212 886; x_wconf 80' lang='lat' dir='ltr'>abbate</span> <span class='ocrx_word' id='word_1_64' title='bbox 1232 844 1310 886; x_wconf 77' lang='lat' dir='ltr'>sibi</span> <span class='ocrx_word' id='word_1_65' title='bbox 1325 858 1510 886; x_wconf 80' lang='lat' dir='ltr'>concesso</span> <span class='ocrx_word' id='word_1_66' title='bbox 1525 858 1624 900; x_wconf 74' lang='lat' dir='ltr'>qra-</span> 
     </span>
     <span class='ocr_line' id='line_1_10' title="bbox 179 918 1622 979; baseline -0.002 -14"><span class='ocrx_word' id='word_1_67' title='bbox 179 923 258 965; x_wconf 77' lang='lat' dir='ltr'>tias</span> <span class='ocrx_word' id='word_1_68' title='bbox 278 928 415 979; x_wconf 70' lang='lat' dir='ltr'>ayunt.</span> <span class='ocrx_word' id='word_1_69' title='bbox 446 922 516 965; x_wconf 88' lang='lat' dir='ltr'>De</span> <span class='ocrx_word' id='word_1_70' title='bbox 531 929 674 964; x_wconf 81' lang='lat' dir='ltr'>mutua</span> <span class='ocrx_word' id='word_1_71' title='bbox 680 921 950 979; x_wconf 74' lang='lat' dir='ltr'>fraternitate</span> <span class='ocrx_word' id='word_1_72' title='bbox 965 921 1214 963; x_wconf 77' lang='lat' dir='ltr'>instituenda</span> <span class='ocrx_word' id='word_1_73' title='bbox 1232 921 1400 962; x_wconf 78' lang='lat' dir='ltr'>addunt.</span> <span class='ocrx_word' id='word_1_74' title='bbox 1442 918 1514 973; x_wconf 92' lang='lat' dir='ltr'>(M.</span> <span class='ocrx_word' id='word_1_75' title='bbox 1532 918 1622 973; x_wconf 80' lang='lat'>45.)</span> 
     </span>
    </p>
   </div>
   <div class='ocr_carea' id='block_1_5' title="bbox 60 1009 1626 2860">
    <p class='ocr_par' dir='ltr' id='par_1_5' title="bbox 61 1009 1624 1211">
     <span class='ocr_line' id='line_1_11' title="bbox 179 1009 1624 1068; baseline -0.001 -14"><span class='ocrx_word' id='word_1_76' title='bbox 179 1009 355 1054; x_wconf 91' lang='lat' dir='ltr'>Dilectis</span> <span class='ocrx_word' id='word_1_77' title='bbox 386 1013 428 1054; x_wconf 92' lang='lat' dir='ltr'>et</span> <span class='ocrx_word' id='word_1_78' title='bbox 458 1024 625 1068; x_wconf 83' lang='lat' dir='ltr'>semper</span> <span class='ocrx_word' id='word_1_79' title='bbox 655 1009 877 1065; x_wconf 88' lang='lat' dir='ltr'>diligendis</span> <span class='ocrx_word' id='word_1_80' title='bbox 909 1009 1088 1052; x_wconf 88' lang='lat' dir='ltr'>dominis</span> <span class='ocrx_word' id='word_1_81' title='bbox 1121 1012 1163 1053; x_wconf 92' lang='lat' dir='ltr'>et</span> <span class='ocrx_word' id='word_1_82' title='bbox 1192 1009 1415 1064; x_wconf 84' lang='lat' dir='ltr'>fratribus,</span> <span class='ocrx_word' id='word_1_83' title='bbox 1455 1011 1624 1052; x_wconf 88' lang='lat' dir='ltr'>sanctae</span> 
     </span>
     <span class='ocr_line' id='line_1_12' title="bbox 63 1086 1624 1144; baseline -0.001 -12"><span class='ocrx_word' id='word_1_84' title='bbox 63 1087 322 1133; x_wconf 89' lang='lat' dir='ltr'>Stabulensis</span> <span class='ocrx_word' id='word_1_85' title='bbox 354 1088 551 1132; x_wconf 86' lang='lat' dir='ltr'>ecclesiae</span> <span class='ocrx_word' id='word_1_86' title='bbox 580 1087 691 1144; x_wconf 89' lang='lat' dir='ltr'>filiis,</span> <span class='ocrx_word' id='word_1_87' title='bbox 723 1088 875 1131; x_wconf 84' lang='lat' dir='ltr'>fratres</span> <span class='ocrx_word' id='word_1_88' title='bbox 908 1086 1179 1131; x_wconf 88' lang='lat' dir='ltr'>Corbeienses</span> <span class='ocrx_word' id='word_1_89' title='bbox 1210 1087 1405 1130; x_wconf 89' lang='lat' dir='ltr'>intimam</span> <span class='ocrx_word' id='word_1_90' title='bbox 1437 1086 1624 1130; x_wconf 90' lang='lat' dir='ltr'>dilectio-</span> 
     </span>
     <span class='ocr_line' id='line_1_13' title="bbox 61 1165 1622 1211; baseline -0.001 -1"><span class='ocrx_word' id='word_1_91' title='bbox 61 1179 159 1210; x_wconf 89' lang='lat' dir='ltr'>nem</span> <span class='ocrx_word' id='word_1_92' title='bbox 178 1180 302 1211; x_wconf 85' lang='lat' dir='ltr'>verae</span> <span class='ocrx_word' id='word_1_93' title='bbox 321 1166 599 1210; x_wconf 85' lang='lat' dir='ltr'>fraternitatis</span> <span class='ocrx_word' id='word_1_94' title='bbox 620 1170 662 1210; x_wconf 90' lang='lat' dir='ltr'>et</span> <span class='ocrx_word' id='word_1_95' title='bbox 682 1166 998 1210; x_wconf 86' lang='lat' dir='ltr'>devotissimum</span> <span class='ocrx_word' id='word_1_96' title='bbox 1018 1179 1171 1208; x_wconf 91' lang='lat' dir='ltr'>munus</span> <span class='ocrx_word' id='word_1_97' title='bbox 1194 1165 1386 1209; x_wconf 88' lang='lat' dir='ltr'>assiduae</span> <span class='ocrx_word' id='word_1_98' title='bbox 1409 1165 1622 1208; x_wconf 89' lang='lat' dir='ltr'>orationis.</span> 
     </span>
    </p>

    <p class='ocr_par' dir='ltr' id='par_1_6' title="bbox 60 1243 1626 2860">
     <span class='ocr_line' id='line_1_14' title="bbox 180 1243 1624 1302; baseline -0.001 -14"><span class='ocrx_word' id='word_1_99' title='bbox 180 1244 229 1288; x_wconf 91' lang='lat' dir='ltr'>In</span> <span class='ocrx_word' id='word_1_100' title='bbox 257 1244 336 1288; x_wconf 91' lang='lat' dir='ltr'>hoc</span> <span class='ocrx_word' id='word_1_101' title='bbox 366 1245 655 1301; x_wconf 87' lang='lat' dir='ltr'>cognovimus,</span> <span class='ocrx_word' id='word_1_102' title='bbox 693 1244 914 1288; x_wconf 89' lang='lat' dir='ltr'>reverendi</span> <span class='ocrx_word' id='word_1_103' title='bbox 943 1247 1085 1302; x_wconf 89' lang='lat' dir='ltr'>patres</span> <span class='ocrx_word' id='word_1_104' title='bbox 1118 1246 1160 1287; x_wconf 91' lang='lat' dir='ltr'>et</span> <span class='ocrx_word' id='word_1_105' title='bbox 1190 1243 1370 1299; x_wconf 88' lang='lat' dir='ltr'>domini,</span> <span class='ocrx_word' id='word_1_106' title='bbox 1409 1243 1520 1300; x_wconf 87' lang='lat' dir='ltr'>quod</span> <span class='ocrx_word' id='word_1_107' title='bbox 1548 1243 1624 1287; x_wconf 90' lang='lat' dir='ltr'>ka-</span> 
     </span>
     <span class='ocr_line' id='line_1_15' title="bbox 61 1321 1623 1378; baseline -0.001 -12"><span class='ocrx_word' id='word_1_108' title='bbox 61 1322 164 1366; x_wconf 90' lang='lat' dir='ltr'>ritas</span> <span class='ocrx_word' id='word_1_109' title='bbox 195 1322 275 1366; x_wconf 92' lang='lat' dir='ltr'>Dei</span> <span class='ocrx_word' id='word_1_110' title='bbox 305 1322 478 1367; x_wconf 77' lang='lat' dir='ltr'>diffusa⁶</span> <span class='ocrx_word' id='word_1_111' title='bbox 510 1326 573 1367; x_wconf 90' lang='lat' dir='ltr'>est</span> <span class='ocrx_word' id='word_1_112' title='bbox 602 1323 648 1366; x_wconf 95' lang='lat' dir='ltr'>in</span> <span class='ocrx_word' id='word_1_113' title='bbox 679 1323 873 1366; x_wconf 90' lang='lat' dir='ltr'>cordibus</span> <span class='ocrx_word' id='word_1_114' title='bbox 906 1322 1061 1366; x_wconf 89' lang='lat' dir='ltr'>nostris</span> <span class='ocrx_word' id='word_1_115' title='bbox 1091 1335 1169 1378; x_wconf 90' lang='lat' dir='ltr'>per</span> <span class='ocrx_word' id='word_1_116' title='bbox 1190 1321 1395 1378; x_wconf 86' lang='lat' dir='ltr'>Spiritum</span> <span class='ocrx_word' id='word_1_117' title='bbox 1419 1324 1623 1378; x_wconf 88' lang='lat' dir='ltr'>sanctum,</span> 
     </span>
     <span class='ocr_line' id='line_1_16' title="bbox 63 1398 1625 1458; baseline 0 -15"><span class='ocrx_word' id='word_1_118' title='bbox 63 1400 134 1457; x_wconf 86' lang='lat' dir='ltr'>qui</span> <span class='ocrx_word' id='word_1_119' title='bbox 164 1400 287 1444; x_wconf 90' lang='lat' dir='ltr'>datus</span> <span class='ocrx_word' id='word_1_120' title='bbox 318 1404 382 1445; x_wconf 88' lang='lat' dir='ltr'>est</span> <span class='ocrx_word' id='word_1_121' title='bbox 411 1402 530 1446; x_wconf 91' lang='lat' dir='ltr'>nobis</span> <span class='ocrx_word' id='word_1_122' title='bbox 544 1398 567 1457; x_wconf 89' lang='lat'>¹,</span> <span class='ocrx_word' id='word_1_123' title='bbox 601 1401 700 1458; x_wconf 87' lang='lat' dir='ltr'>quia</span> <span class='ocrx_word' id='word_1_124' title='bbox 729 1401 881 1445; x_wconf 86' lang='lat' dir='ltr'>fratres</span> <span class='ocrx_word' id='word_1_125' title='bbox 916 1404 958 1445; x_wconf 91' lang='lat' dir='ltr'>et</span> <span class='ocrx_word' id='word_1_126' title='bbox 987 1401 1203 1457; x_wconf 82' lang='lat' dir='ltr'>proximos</span> <span class='ocrx_word' id='word_1_127' title='bbox 1234 1403 1411 1456; x_wconf 86' lang='lat' dir='ltr'>vestros,</span> <span class='ocrx_word' id='word_1_128' title='bbox 1442 1414 1520 1443; x_wconf 91' lang='lat' dir='ltr'>nos</span> <span class='ocrx_word' id='word_1_129' title='bbox 1546 1400 1625 1443; x_wconf 89' lang='lat' dir='ltr'>sci-</span> 
     </span>
     <span class='ocr_line' id='line_1_17' title="bbox 61 1477 1625 1536; baseline 0 -15"><span class='ocrx_word' id='word_1_130' title='bbox 61 1477 171 1535; x_wconf 87' lang='lat' dir='ltr'>licet,</span> <span class='ocrx_word' id='word_1_131' title='bbox 202 1479 248 1522; x_wconf 92' lang='lat' dir='ltr'>in</span> <span class='ocrx_word' id='word_1_132' title='bbox 277 1482 443 1523; x_wconf 88' lang='lat' dir='ltr'>tantum</span> <span class='ocrx_word' id='word_1_133' title='bbox 474 1479 696 1536; x_wconf 80' lang='lat' dir='ltr'>dilexistis,</span> <span class='ocrx_word' id='word_1_134' title='bbox 727 1479 772 1522; x_wconf 92' lang='lat' dir='ltr'>in</span> <span class='ocrx_word' id='word_1_135' title='bbox 799 1482 966 1523; x_wconf 89' lang='lat' dir='ltr'>tantum</span> <span class='ocrx_word' id='word_1_136' title='bbox 985 1478 1199 1522; x_wconf 86' lang='lat' dir='ltr'>laboribus</span> <span class='ocrx_word' id='word_1_137' title='bbox 1222 1481 1264 1522; x_wconf 91' lang='lat' dir='ltr'>et</span> <span class='ocrx_word' id='word_1_138' title='bbox 1283 1478 1625 1522; x_wconf 87' lang='lat' dir='ltr'>tribulationibus</span> 
     </span>
     <span class='ocr_line' id='line_1_18' title="bbox 61 1556 1626 1614; baseline 0 -14"><span class='ocrx_word' id='word_1_139' title='bbox 61 1557 216 1600; x_wconf 91' lang='lat' dir='ltr'>nostris</span> <span class='ocrx_word' id='word_1_140' title='bbox 247 1557 456 1614; x_wconf 87' lang='lat' dir='ltr'>compassi</span> <span class='ocrx_word' id='word_1_141' title='bbox 486 1557 608 1614; x_wconf 89' lang='lat' dir='ltr'>estis,</span> <span class='ocrx_word' id='word_1_142' title='bbox 639 1561 707 1614; x_wconf 92' lang='lat' dir='ltr'>ut,</span> <span class='ocrx_word' id='word_1_143' title='bbox 740 1557 852 1614; x_wconf 88' lang='lat' dir='ltr'>quod</span> <span class='ocrx_word' id='word_1_144' title='bbox 884 1557 1021 1601; x_wconf 89' lang='lat' dir='ltr'>carius</span> <span class='ocrx_word' id='word_1_145' title='bbox 1051 1557 1162 1600; x_wconf 92' lang='lat' dir='ltr'>inter</span> <span class='ocrx_word' id='word_1_146' title='bbox 1192 1570 1267 1600; x_wconf 85' lang='lat' dir='ltr'>vos</span> <span class='ocrx_word' id='word_1_147' title='bbox 1299 1559 1341 1600; x_wconf 91' lang='lat' dir='ltr'>et</span> <span class='ocrx_word' id='word_1_148' title='bbox 1370 1556 1520 1600; x_wconf 88' lang='lat' dir='ltr'>melius</span> <span class='ocrx_word' id='word_1_149' title='bbox 1551 1556 1626 1600; x_wconf 92' lang='lat' dir='ltr'>ha-</span> 
     </span>
     <span class='ocr_line' id='line_1_19' title="bbox 61 1634 1625 1693; baseline 0.001 -15"><span class='ocrx_word' id='word_1_150' title='bbox 61 1634 225 1691; x_wconf 88' lang='lat' dir='ltr'>buistis,</span> <span class='ocrx_word' id='word_1_151' title='bbox 256 1635 474 1679; x_wconf 91' lang='lat' dir='ltr'>nobiscum</span> <span class='ocrx_word' id='word_1_152' title='bbox 503 1636 878 1693; x_wconf 77' lang='lat' dir='ltr'>participaveriti83</span> <span class='ocrx_word' id='word_1_153' title='bbox 912 1638 954 1679; x_wconf 92' lang='lat' dir='ltr'>et</span> <span class='ocrx_word' id='word_1_154' title='bbox 985 1649 1094 1691; x_wconf 86' lang='lat' dir='ltr'>eum,</span> <span class='ocrx_word' id='word_1_155' title='bbox 1127 1635 1199 1691; x_wconf 89' lang='lat' dir='ltr'>qui</span> <span class='ocrx_word' id='word_1_156' title='bbox 1225 1638 1401 1678; x_wconf 90' lang='lat' dir='ltr'>noverat</span> <span class='ocrx_word' id='word_1_157' title='bbox 1421 1635 1532 1679; x_wconf 89' lang='lat' dir='ltr'>inter</span> <span class='ocrx_word' id='word_1_158' title='bbox 1551 1649 1625 1679; x_wconf 89' lang='lat' dir='ltr'>vos</span> 
     </span>
     <span class='ocr_line' id='line_1_20' title="bbox 62 1710 1624 1769; baseline -0.001 -12"><span class='ocrx_word' id='word_1_159' title='bbox 62 1727 211 1758; x_wconf 88' lang='lat' dir='ltr'>sanare</span> <span class='ocrx_word' id='word_1_160' title='bbox 251 1714 451 1758; x_wconf 89' lang='lat' dir='ltr'>contritos</span> <span class='ocrx_word' id='word_1_161' title='bbox 483 1714 606 1757; x_wconf 89' lang='lat' dir='ltr'>corde</span> <span class='ocrx_word' id='word_1_162' title='bbox 639 1717 680 1757; x_wconf 89' lang='lat' dir='ltr'>et</span> <span class='ocrx_word' id='word_1_163' title='bbox 711 1713 885 1769; x_wconf 88' lang='lat' dir='ltr'>alligare</span> <span class='ocrx_word' id='word_1_164' title='bbox 917 1713 1190 1757; x_wconf 90' lang='lat' dir='ltr'>contritiones</span> <span class='ocrx_word' id='word_1_165' title='bbox 1222 1727 1368 1757; x_wconf 90' lang='lat' dir='ltr'>eorum</span> <span class='ocrx_word' id='word_1_166' title='bbox 1376 1710 1405 1769; x_wconf 84' lang='lat'>²,</span> <span class='ocrx_word' id='word_1_167' title='bbox 1443 1713 1488 1756; x_wconf 92' lang='lat' dir='ltr'>in</span> <span class='ocrx_word' id='word_1_168' title='bbox 1518 1716 1624 1757; x_wconf 90' lang='lat' dir='ltr'>tem-</span> 
     </span>
     <span class='ocr_line' id='line_1_21' title="bbox 61 1790 1624 1849; baseline -0.001 -14"><span class='ocrx_word' id='word_1_169' title='bbox 61 1805 163 1849; x_wconf 91' lang='lat' dir='ltr'>pore</span> <span class='ocrx_word' id='word_1_170' title='bbox 192 1791 474 1836; x_wconf 87' lang='lat' dir='ltr'>tribulationis</span> <span class='ocrx_word' id='word_1_171' title='bbox 504 1794 686 1847; x_wconf 88' lang='lat' dir='ltr'>nostrae,</span> <span class='ocrx_word' id='word_1_172' title='bbox 717 1795 765 1835; x_wconf 90' lang='lat' dir='ltr'>ut</span> <span class='ocrx_word' id='word_1_173' title='bbox 796 1795 838 1835; x_wconf 90' lang='lat' dir='ltr'>et</span> <span class='ocrx_word' id='word_1_174' title='bbox 857 1791 1013 1835; x_wconf 90' lang='lat' dir='ltr'>nostris</span> <span class='ocrx_word' id='word_1_175' title='bbox 1037 1790 1347 1835; x_wconf 88' lang='lat' dir='ltr'>calamitatibus</span> <span class='ocrx_word' id='word_1_176' title='bbox 1370 1791 1624 1846; x_wconf 85' lang='lat' dir='ltr'>subveniret,</span> 
     </span>
     <span class='ocr_line' id='line_1_22' title="bbox 63 1869 1622 1926; baseline 0 -14"><span class='ocrx_word' id='word_1_177' title='bbox 63 1869 116 1913; x_wconf 91' lang='lat' dir='ltr'>ad</span> <span class='ocrx_word' id='word_1_178' title='bbox 151 1882 249 1925; x_wconf 91' lang='lat' dir='ltr'>nos,</span> <span class='ocrx_word' id='word_1_179' title='bbox 289 1869 420 1913; x_wconf 88' lang='lat' dir='ltr'>multo</span> <span class='ocrx_word' id='word_1_180' title='bbox 459 1869 666 1913; x_wconf 88' lang='lat' dir='ltr'>desiderio</span> <span class='ocrx_word' id='word_1_181' title='bbox 699 1869 924 1913; x_wconf 88' lang='lat' dir='ltr'>adventum</span> <span class='ocrx_word' id='word_1_182' title='bbox 956 1869 1044 1913; x_wconf 90' lang='lat' dir='ltr'>eius</span> <span class='ocrx_word' id='word_1_183' title='bbox 1078 1872 1368 1926; x_wconf 83' lang='lat' dir='ltr'>expectantes,</span> <span class='ocrx_word' id='word_1_184' title='bbox 1408 1869 1622 1913; x_wconf 89' lang='lat' dir='ltr'>miseritis.</span> 
     </span>
     <span class='ocr_line' id='line_1_23' title="bbox 61 1946 1622 2002; baseline -0.001 -11"><span class='ocrx_word' id='word_1_185' title='bbox 61 1946 181 1991; x_wconf 86' lang='lat' dir='ltr'>Unde</span> <span class='ocrx_word' id='word_1_186' title='bbox 218 1948 445 1991; x_wconf 90' lang='lat' dir='ltr'>immensas</span> <span class='ocrx_word' id='word_1_187' title='bbox 484 1947 715 2002; x_wconf 88' lang='lat' dir='ltr'>gratiarum</span> <span class='ocrx_word' id='word_1_188' title='bbox 754 1947 937 1991; x_wconf 89' lang='lat' dir='ltr'>actiones</span> <span class='ocrx_word' id='word_1_189' title='bbox 969 1950 1134 1991; x_wconf 86' lang='lat' dir='ltr'>vestrae</span> <span class='ocrx_word' id='word_1_190' title='bbox 1171 1947 1351 1991; x_wconf 89' lang='lat' dir='ltr'>bonitati</span> <span class='ocrx_word' id='word_1_191' title='bbox 1388 1947 1622 1991; x_wconf 85' lang='lat' dir='ltr'>referimus.</span> 
     </span>
     <span class='ocr_line' id='line_1_24' title="bbox 60 2024 1624 2082; baseline -0.001 -13"><span class='ocrx_word' id='word_1_192' title='bbox 60 2024 118 2069; x_wconf 88' lang='lat' dir='ltr'>Et</span> <span class='ocrx_word' id='word_1_193' title='bbox 156 2025 334 2070; x_wconf 90' lang='lat' dir='ltr'>eundem</span> <span class='ocrx_word' id='word_1_194' title='bbox 368 2025 687 2069; x_wconf 88' lang='lat' dir='ltr'>dilectissimum</span> <span class='ocrx_word' id='word_1_195' title='bbox 716 2028 882 2082; x_wconf 89' lang='lat' dir='ltr'>patrem</span> <span class='ocrx_word' id='word_1_196' title='bbox 914 2028 956 2069; x_wconf 90' lang='lat' dir='ltr'>et</span> <span class='ocrx_word' id='word_1_197' title='bbox 986 2025 1203 2068; x_wconf 91' lang='lat' dir='ltr'>dominum</span> <span class='ocrx_word' id='word_1_198' title='bbox 1233 2028 1425 2068; x_wconf 88' lang='lat' dir='ltr'>nostrum</span> <span class='ocrx_word' id='word_1_199' title='bbox 1456 2028 1624 2069; x_wconf 88' lang='lat' dir='ltr'>strenue</span> 
     </span>
     <span class='ocr_line' id='line_1_25' title="bbox 61 2102 1626 2160; baseline -0.001 -13"><span class='ocrx_word' id='word_1_200' title='bbox 61 2116 137 2160; x_wconf 91' lang='lat' dir='ltr'>pro</span> <span class='ocrx_word' id='word_1_201' title='bbox 178 2103 352 2147; x_wconf 86' lang='lat' dir='ltr'>ecclesia</span> <span class='ocrx_word' id='word_1_202' title='bbox 389 2107 534 2148; x_wconf 88' lang='lat' dir='ltr'>nostra</span> <span class='ocrx_word' id='word_1_203' title='bbox 570 2103 763 2147; x_wconf 88' lang='lat' dir='ltr'>laborare</span> <span class='ocrx_word' id='word_1_204' title='bbox 804 2106 846 2147; x_wconf 92' lang='lat' dir='ltr'>et</span> <span class='ocrx_word' id='word_1_205' title='bbox 882 2102 1037 2147; x_wconf 93' lang='lat' dir='ltr'>multos</span> <span class='ocrx_word' id='word_1_206' title='bbox 1067 2103 1113 2146; x_wconf 92' lang='lat' dir='ltr'>in</span> <span class='ocrx_word' id='word_1_207' title='bbox 1145 2117 1194 2147; x_wconf 87' lang='lat' dir='ltr'>ea</span> <span class='ocrx_word' id='word_1_208' title='bbox 1222 2103 1387 2147; x_wconf 86' lang='lat' dir='ltr'>labores</span> <span class='ocrx_word' id='word_1_209' title='bbox 1417 2103 1626 2147; x_wconf 85' lang='lat' dir='ltr'>industria</span> 
     </span>
     <span class='ocr_line' id='line_1_26' title="bbox 62 2178 1624 2238; baseline 0.001 -15"><span class='ocrx_word' id='word_1_210' title='bbox 62 2193 157 2236; x_wconf 91' lang='lat' dir='ltr'>sua,</span> <span class='ocrx_word' id='word_1_211' title='bbox 196 2180 305 2224; x_wconf 90' lang='lat' dir='ltr'>sicut</span> <span class='ocrx_word' id='word_1_212' title='bbox 336 2181 457 2225; x_wconf 85' lang='lat' dir='ltr'>fortis</span> <span class='ocrx_word' id='word_1_213' title='bbox 490 2184 674 2225; x_wconf 88' lang='lat' dir='ltr'>armatus</span> <span class='ocrx_word' id='word_1_214' title='bbox 705 2180 800 2238; x_wconf 77' lang='lat' dir='ltr'>quib</span> <span class='ocrx_word' id='word_1_215' title='bbox 832 2181 1014 2225; x_wconf 90' lang='lat' dir='ltr'>custodit</span> <span class='ocrx_word' id='word_1_216' title='bbox 1045 2181 1200 2224; x_wconf 87' lang='lat' dir='ltr'>atrium</span> <span class='ocrx_word' id='word_1_217' title='bbox 1231 2195 1353 2224; x_wconf 88' lang='lat' dir='ltr'>suum</span> <span class='ocrx_word' id='word_1_218' title='bbox 1362 2178 1390 2237; x_wconf 81' lang='lat'>³,</span> <span class='ocrx_word' id='word_1_219' title='bbox 1421 2181 1508 2224; x_wconf 91' lang='lat' dir='ltr'>iam</span> <span class='ocrx_word' id='word_1_220' title='bbox 1538 2182 1624 2225; x_wconf 83' lang='lat' dir='ltr'>evi-</span> 
     </span>
     <span class='ocr_line' id='line_1_27' title="bbox 62 2258 1623 2316; baseline 0.001 -14"><span class='ocrx_word' id='word_1_221' title='bbox 62 2258 189 2314; x_wconf 86' lang='lat' dir='ltr'>cisse,</span> <span class='ocrx_word' id='word_1_222' title='bbox 230 2258 371 2316; x_wconf 88' lang='lat' dir='ltr'>plures</span> <span class='ocrx_word' id='word_1_223' title='bbox 403 2259 537 2303; x_wconf 91' lang='lat' dir='ltr'>adhuc</span> <span class='ocrx_word' id='word_1_224' title='bbox 568 2259 604 2302; x_wconf 93' lang='lat' dir='ltr'>si</span> <span class='ocrx_word' id='word_1_225' title='bbox 633 2259 788 2302; x_wconf 83' lang='lat' dir='ltr'>vixerit</span> <span class='ocrx_word' id='word_1_226' title='bbox 819 2259 1071 2315; x_wconf 87' lang='lat' dir='ltr'>evicturum,</span> <span class='ocrx_word' id='word_1_227' title='bbox 1107 2259 1226 2303; x_wconf 85' lang='lat' dir='ltr'>vobis</span> <span class='ocrx_word' id='word_1_228' title='bbox 1257 2259 1434 2303; x_wconf 88' lang='lat' dir='ltr'>iocunde</span> <span class='ocrx_word' id='word_1_229' title='bbox 1465 2262 1507 2303; x_wconf 87' lang='lat' dir='ltr'>et</span> <span class='ocrx_word' id='word_1_230' title='bbox 1535 2274 1623 2303; x_wconf 87' lang='lat' dir='ltr'>me-</span> 
     </span>
     <span class='ocr_line' id='line_1_28' title="bbox 61 2336 1624 2393; baseline 0.001 -13"><span class='ocrx_word' id='word_1_231' title='bbox 61 2336 236 2380; x_wconf 89' lang='lat' dir='ltr'>moriter</span> <span class='ocrx_word' id='word_1_232' title='bbox 272 2350 367 2381; x_wconf 89' lang='lat' dir='ltr'>cum</span> <span class='ocrx_word' id='word_1_233' title='bbox 402 2337 635 2393; x_wconf 88' lang='lat' dir='ltr'>gratiarum</span> <span class='ocrx_word' id='word_1_234' title='bbox 666 2337 828 2380; x_wconf 83' lang='lat' dir='ltr'>actione</span> <span class='ocrx_word' id='word_1_235' title='bbox 860 2351 1102 2381; x_wconf 88' lang='lat' dir='ltr'>enarramus</span> <span class='ocrx_word' id='word_1_236' title='bbox 1135 2340 1195 2392; x_wconf 91' lang='lat' dir='ltr'>et,</span> <span class='ocrx_word' id='word_1_237' title='bbox 1235 2341 1282 2381; x_wconf 90' lang='lat' dir='ltr'>ut</span> <span class='ocrx_word' id='word_1_238' title='bbox 1311 2338 1356 2381; x_wconf 92' lang='lat' dir='ltr'>in</span> <span class='ocrx_word' id='word_1_239' title='bbox 1387 2337 1451 2381; x_wconf 85' lang='lat' dir='ltr'>his</span> <span class='ocrx_word' id='word_1_240' title='bbox 1483 2341 1624 2381; x_wconf 89' lang='lat' dir='ltr'>vestra</span> 
     </span>
     <span class='ocr_line' id='line_1_29' title="bbox 62 2414 1622 2471; baseline 0 -13"><span class='ocrx_word' id='word_1_241' title='bbox 62 2414 302 2459; x_wconf 76' lang='lat' dir='ltr'>fraternitas</span> <span class='ocrx_word' id='word_1_242' title='bbox 322 2415 443 2459; x_wconf 88' lang='lat' dir='ltr'>nobis</span> <span class='ocrx_word' id='word_1_243' title='bbox 464 2414 789 2471; x_wconf 89' lang='lat' dir='ltr'>congratuletur,</span> <span class='ocrx_word' id='word_1_244' title='bbox 811 2414 1088 2458; x_wconf 88' lang='lat' dir='ltr'>obsecramus.</span> <span class='ocrx_word' id='word_1_245' title='bbox 1138 2414 1353 2471; x_wconf 86' lang='lat' dir='ltr'>Siquidem</span> <span class='ocrx_word' id='word_1_246' title='bbox 1374 2419 1622 2459; x_wconf 85' lang='lat' dir='ltr'>conventum</span> 
     </span>
     <span class='ocr_line' id='line_1_30' title="bbox 62 2492 1622 2550; baseline 0 -14"><span class='ocrx_word' id='word_1_247' title='bbox 62 2495 272 2548; x_wconf 87' lang='lat' dir='ltr'>nostrum,</span> <span class='ocrx_word' id='word_1_248' title='bbox 314 2493 386 2550; x_wconf 93' lang='lat' dir='ltr'>qui</span> <span class='ocrx_word' id='word_1_249' title='bbox 423 2493 509 2537; x_wconf 87' lang='lat' dir='ltr'>iam</span> <span class='ocrx_word' id='word_1_250' title='bbox 547 2493 572 2536; x_wconf 79' lang='lat' dir='ltr'>a</span> <span class='ocrx_word' id='word_1_251' title='bbox 608 2492 751 2535; x_wconf 90' lang='lat' dir='ltr'>multis</span> <span class='ocrx_word' id='word_1_252' title='bbox 789 2495 902 2535; x_wconf 89' lang='lat' dir='ltr'>retro</span> <span class='ocrx_word' id='word_1_253' title='bbox 942 2492 1200 2549; x_wconf 91' lang='lat' dir='ltr'>temporibus</span> <span class='ocrx_word' id='word_1_254' title='bbox 1241 2493 1500 2536; x_wconf 88' lang='lat' dir='ltr'>dissensione</span> <span class='ocrx_word' id='word_1_255' title='bbox 1538 2506 1622 2536; x_wconf 92' lang='lat' dir='ltr'>non</span> 
     </span>
     <span class='ocr_line' id='line_1_31' title="bbox 62 2568 1622 2628; baseline 0 -14"><span class='ocrx_word' id='word_1_256' title='bbox 62 2583 194 2628; x_wconf 89' lang='lat' dir='ltr'>parva</span> <span class='ocrx_word' id='word_1_257' title='bbox 229 2570 491 2614; x_wconf 88' lang='lat' dir='ltr'>laboraverat</span> <span class='ocrx_word' id='word_1_258' title='bbox 522 2574 645 2627; x_wconf 88' lang='lat' dir='ltr'>atque</span> <span class='ocrx_word' id='word_1_259' title='bbox 675 2571 720 2613; x_wconf 91' lang='lat' dir='ltr'>in</span> <span class='ocrx_word' id='word_1_260' title='bbox 750 2568 894 2612; x_wconf 90' lang='lat' dir='ltr'>multis</span> <span class='ocrx_word' id='word_1_261' title='bbox 925 2568 1027 2613; x_wconf 90' lang='lat' dir='ltr'>locis</span> <span class='ocrx_word' id='word_1_262' title='bbox 1060 2569 1205 2613; x_wconf 88' lang='lat' dir='ltr'>eadem</span> <span class='ocrx_word' id='word_1_263' title='bbox 1236 2574 1384 2626; x_wconf 87' lang='lat' dir='ltr'>agente</span> <span class='ocrx_word' id='word_1_264' title='bbox 1415 2571 1622 2614; x_wconf 89' lang='lat' dir='ltr'>discordia</span> 
     </span>
     <span class='ocr_line' id='line_1_32' title="bbox 63 2647 1623 2706; baseline 0 -14"><span class='ocrx_word' id='word_1_265' title='bbox 63 2647 277 2706; x_wconf 90' lang='lat' dir='ltr'>dispersus</span> <span class='ocrx_word' id='word_1_266' title='bbox 317 2651 427 2704; x_wconf 87' lang='lat' dir='ltr'>erat,</span> <span class='ocrx_word' id='word_1_267' title='bbox 466 2649 511 2692; x_wconf 93' lang='lat' dir='ltr'>in</span> <span class='ocrx_word' id='word_1_268' title='bbox 548 2649 779 2692; x_wconf 84' lang='lat' dir='ltr'>fraternam</span> <span class='ocrx_word' id='word_1_269' title='bbox 816 2660 965 2704; x_wconf 90' lang='lat' dir='ltr'>pacem</span> <span class='ocrx_word' id='word_1_270' title='bbox 1004 2651 1127 2704; x_wconf 89' lang='lat' dir='ltr'>atque</span> <span class='ocrx_word' id='word_1_271' title='bbox 1165 2648 1207 2691; x_wconf 95' lang='lat' dir='ltr'>in</span> <span class='ocrx_word' id='word_1_272' title='bbox 1247 2647 1476 2691; x_wconf 87' lang='lat' dir='ltr'>claustrum</span> <span class='ocrx_word' id='word_1_273' title='bbox 1514 2648 1623 2692; x_wconf 86' lang='lat' dir='ltr'>sicut</span> 
     </span>
     <span class='ocr_line' id='line_1_33' title="bbox 62 2725 1620 2784; baseline -0.001 -14"><span class='ocrx_word' id='word_1_274' title='bbox 62 2725 158 2783; x_wconf 84' lang='lat' dir='ltr'>pius</span> <span class='ocrx_word' id='word_1_275' title='bbox 193 2729 339 2784; x_wconf 90' lang='lat' dir='ltr'>pastor</span> <span class='ocrx_word' id='word_1_276' title='bbox 374 2726 605 2781; x_wconf 84' lang='lat' dir='ltr'>revocavit,</span> <span class='ocrx_word' id='word_1_277' title='bbox 646 2729 688 2769; x_wconf 91' lang='lat' dir='ltr'>et</span> <span class='ocrx_word' id='word_1_278' title='bbox 725 2739 805 2782; x_wconf 91' lang='lat' dir='ltr'>que</span> <span class='ocrx_word' id='word_1_279' title='bbox 842 2725 888 2767; x_wconf 91' lang='lat' dir='ltr'>in</span> <span class='ocrx_word' id='word_1_280' title='bbox 925 2725 1070 2769; x_wconf 91' lang='lat' dir='ltr'>ordine</span> <span class='ocrx_word' id='word_1_281' title='bbox 1109 2728 1253 2769; x_wconf 91' lang='lat' dir='ltr'>nostro</span> <span class='ocrx_word' id='word_1_282' title='bbox 1293 2725 1458 2783; x_wconf 89' lang='lat' dir='ltr'>dilapsa</span> <span class='ocrx_word' id='word_1_283' title='bbox 1488 2730 1620 2782; x_wconf 85' lang='lat' dir='ltr'>erant,</span> 
     </span>
     <span class='ocr_line' id='line_1_34' title="bbox 64 2803 1621 2860; baseline 0 -13"><span class='ocrx_word' id='word_1_284' title='bbox 64 2805 222 2848; x_wconf 86' lang='lat' dir='ltr'>attento</span> <span class='ocrx_word' id='word_1_285' title='bbox 261 2804 398 2848; x_wconf 89' lang='lat' dir='ltr'>studio</span> <span class='ocrx_word' id='word_1_286' title='bbox 436 2804 699 2859; x_wconf 87' lang='lat' dir='ltr'>reformavit,</span> <span class='ocrx_word' id='word_1_287' title='bbox 740 2806 787 2846; x_wconf 91' lang='lat' dir='ltr'>ut</span> <span class='ocrx_word' id='word_1_288' title='bbox 821 2803 906 2846; x_wconf 92' lang='lat' dir='ltr'>iam</span> <span class='ocrx_word' id='word_1_289' title='bbox 937 2803 1042 2846; x_wconf 90' lang='lat' dir='ltr'>illud</span> <span class='ocrx_word' id='word_1_290' title='bbox 1074 2804 1291 2860; x_wconf 88' lang='lat' dir='ltr'>antiquum</span> <span class='ocrx_word' id='word_1_291' title='bbox 1321 2803 1466 2860; x_wconf 86' lang='lat' dir='ltr'>decus,</span> <span class='ocrx_word' id='word_1_292' title='bbox 1503 2804 1621 2848; x_wconf 85' lang='lat' dir='ltr'>illam</span> 
     </span>
    </p>
   </div>
   <div class='ocr_carea' id='block_1_6' title="bbox 158 2889 1175 2942">
    <p class='ocr_par' dir='ltr' id='par_1_7' title="bbox 158 2889 1175 2942">
     <span class='ocr_line' id='line_1_35' title="bbox 158 2889 1175 2942; baseline 0 -12"><span class='ocrx_word' id='word_1_293' title='bbox 158 2908 185 2930; x_wconf 80' lang='lat' dir='ltr'>a.</span> <span class='ocrx_word' id='word_1_294' title='bbox 214 2899 243 2929; x_wconf 91' lang='lat' dir='ltr'>d.</span> <span class='ocrx_word' id='word_1_295' title='bbox 259 2902 285 2932; x_wconf 75' lang='grc' dir='ltr'>δ.</span> <span class='ocrx_word' id='word_1_296' title='bbox 300 2909 320 2930; x_wconf 90' lang='lat'>1.</span> <span class='ocrx_word' id='word_1_297' title='bbox 336 2909 361 2930; x_wconf 87' lang='lat' dir='ltr'>c.</span> <span class='ocrx_word' id='word_1_298' title='bbox 376 2909 405 2930; x_wconf 88' lang='lat' dir='ltr'>n.</span> <span class='ocrx_word' id='word_1_299' title='bbox 419 2908 452 2942; x_wconf 77' lang='lat' dir='ltr'>p.</span> <span class='ocrx_word' id='word_1_300' title='bbox 467 2908 492 2930; x_wconf 87' lang='lat' dir='ltr'>s.</span> <span class='ocrx_word' id='word_1_301' title='bbox 507 2908 532 2930; x_wconf 84' lang='lat' dir='ltr'>s.</span> <span class='ocrx_word' id='word_1_302' title='bbox 547 2892 576 2939; x_wconf 77' lang='lat'>(¹1.</span> <span class='ocrx_word' id='word_1_303' title='bbox 592 2899 622 2929; x_wconf 84' lang='lat' dir='ltr'>d.</span> <span class='ocrx_word' id='word_1_304' title='bbox 637 2901 663 2930; x_wconf 75' lang='grc' dir='ltr'>ὃ.</span> <span class='ocrx_word' id='word_1_305' title='bbox 679 2889 749 2929; x_wconf 76' lang='lat' dir='ltr'>nol).</span> <span class='ocrx_word' id='word_1_306' title='bbox 771 2910 797 2929; x_wconf 84' lang='lat' dir='ltr'>c.</span> <span class='ocrx_word' id='word_1_307' title='bbox 880 2898 910 2928; x_wconf 92' lang='lat' dir='ltr'>b.</span> <span class='ocrx_word' id='word_1_308' title='bbox 941 2908 960 2938; x_wconf 92' lang='lat' dir='ltr'>q</span> <span class='ocrx_word' id='word_1_309' title='bbox 976 2907 1001 2928; x_wconf 87' lang='lat' dir='ltr'>c.</span> <span class='ocrx_word' id='word_1_310' title='bbox 1017 2907 1043 2928; x_wconf 82' lang='lat' dir='ltr'>a.</span> <span class='ocrx_word' id='word_1_311' title='bbox 1059 2907 1085 2928; x_wconf 86' lang='lat' dir='ltr'>s.</span> <span class='ocrx_word' id='word_1_312' title='bbox 1107 2899 1175 2930; x_wconf 85' lang='lat' dir='ltr'>cod.</span> 
     </span>
    </p>
   </div>
   <div class='ocr_carea' id='block_1_7' title="bbox 160 2956 1185 3003">
    <p class='ocr_par' dir='ltr' id='par_1_8' title="bbox 160 2956 1185 3003">
     <span class='ocr_line' id='line_1_36' title="bbox 160 2956 1185 3003; baseline -0.001 -10"><span class='ocrx_word' id='word_1_313' title='bbox 160 2958 193 2993; x_wconf 93' lang='lat'>1.</span> <span class='ocrx_word' id='word_1_314' title='bbox 217 2957 319 2994; x_wconf 88' lang='lat' dir='ltr'>Rom.</span> <span class='ocrx_word' id='word_1_315' title='bbox 338 2958 371 3003; x_wconf 82' lang='lat'>5,</span> <span class='ocrx_word' id='word_1_316' title='bbox 388 2957 423 2993; x_wconf 85' lang='lat'>5.</span> <span class='ocrx_word' id='word_1_317' title='bbox 518 2958 551 2993; x_wconf 81' lang='lat'>2.</span> <span class='ocrx_word' id='word_1_318' title='bbox 578 2957 637 2994; x_wconf 87' lang='lat' dir='ltr'>Ps.</span> <span class='ocrx_word' id='word_1_319' title='bbox 659 2956 737 3002; x_wconf 83' lang='lat'>146,</span> <span class='ocrx_word' id='word_1_320' title='bbox 755 2957 790 2992; x_wconf 88' lang='lat'>3.</span> <span class='ocrx_word' id='word_1_321' title='bbox 885 2956 920 2992; x_wconf 90' lang='lat'>3.</span> <span class='ocrx_word' id='word_1_322' title='bbox 946 2956 1040 2992; x_wconf 43' lang='lat' dir='ltr'>Luc..</span> <span class='ocrx_word' id='word_1_323' title='bbox 1056 2957 1111 3002; x_wconf 89' lang='lat'>11,</span> <span class='ocrx_word' id='word_1_324' title='bbox 1128 2957 1185 2992; x_wconf 84' lang='lat'>21.</span> 
     </span>
    </p>
   </div>
   <div class='ocr_carea' id='block_1_8' title="bbox 1651 298 1742 334">
    <p class='ocr_par' dir='ltr' id='par_1_9' title="bbox 1651 298 1742 334">
     <span class='ocr_line' id='line_1_37' title="bbox 1651 298 1742 334; baseline 0 0"><span class='ocrx_word' id='word_1_325' title='bbox 1651 298 1742 334; x_wconf 78' lang='lat'>1147</span> 
     </span>
    </p>
   </div>
   <div class='ocr_carea' id='block_1_9' title="bbox 1650 1016 1743 1095">
    <p class='ocr_par' dir='ltr' id='par_1_10' title="bbox 1650 1016 1743 1095">
     <span class='ocr_line' id='line_1_38' title="bbox 1650 1016 1743 1051; baseline 0 0"><span class='ocrx_word' id='word_1_326' title='bbox 1650 1016 1743 1051; x_wconf 80' lang='lat'>1147</span> 
     </span>
     <span class='ocr_line' id='line_1_39' title="bbox 1671 1065 1724 1095; baseline 0 0"><span class='ocrx_word' id='word_1_327' title='bbox 1671 1065 1724 1095; x_wconf 90' lang='lat' dir='ltr'>Iul.</span> 
     </span>
    </p>
   </div>
  </div>
 </body>
</html>
