1924 3288
532 183 733 215 wmALm
762 183 1012 216 nms'ronffl
1042 185 1112 215 11⁷.
1134 184 1204 215 118.
1569 174 1652 217 193

81 276 330 334 sariofsine
361 291 442 335 quo
472 278 656 324 militare
686 280 921 337 nequimus,
953 280 1170 338 privemur
1201 280 1400 337 subsidiO,
1434 284 1476 325 et
1504 281 1652 325 domus
1680 283 1773 320 1148

80 354 183 412 Dei,
216 354 504 402 deficientibus
536 358 604 402 vel
633 358 835 416 dispersis
866 359 1086 415 ministris,
1119 359 1260 404 divino
1294 363 1435 404 careat
1466 360 1651 404 servitio.

86 497 200 546 118.
226 501 439 546 Wbaldus
469 505 678 547 canonicis
707 505 1118 548 Paderbornensibus
1147 507 1378 563 respondet,
1413 522 1456 548 se
1484 521 1563 563 pro
1598 506 1655 548 eis

228 579 480 624 Bernhardo
513 583 702 640 episcopo
734 583 1039 640 supplicavisse.
1472 581 1544 637 (M.
1563 582 1653 637 98.)

198 668 453 714 Reverendis
498 671 544 714 in
582 671 749 715 Christo
789 672 982 729 patribus
1025 675 1067 716 et
1104 672 1284 716 dominis
1325 673 1412 716 suis
1450 672 1652 728 W(in0ni)
1679 679 1771 715 1148

79 747 309 793 venerabili
335 748 710 793 Patherbornensis
743 750 970 794 aecclesiae
1001 751 1152 794 maiori
1183 751 1398 808 preposito
1431 755 1473 795 et
1503 752 1653 796 ceteris

80 826 292 871 eiusdem·
329 827 556 872 aecclesiae
594 829 806 872 canonicis
845 829 976 872 frater
1006 828 1260 884 W(ibaldus)
1300 829 1382 873 Dei
1418 830 1556 886 gratia
1594 830 1652 886 id,

80 905 192 962 quod
222 909 286 949 est
314 905 360 949 in
392 905 593 950 aecclesia
623 906 842 963 catholica,
873 908 1019 963 magni
1049 908 1215 951 consilii
1247 908 1455 964 angelum.

196 982 380 1028 Litteras
400 985 689 1029 universitatis
706 989 875 1029 >vestrae
897 987 1149 1044 accepimus,
1174 986 1322 1044 plenas
1345 987 1462 1030 anxii
1482 986 1651 1043 doloris,

78 1061 225 1120 plenas
256 1062 461 1107 sollicitae
490 1063 729 1120 mesticiae,
767 1063 915 1121 plenas
947 1065 1088 1120 gravis
1121 1065 1334 1122 querelae,
1373 1079 1426 1109 ex
1457 1079 1504 1109 eo
1536 1066 1652 1109 vide-

78 1139 178 1185 licet
207 1138 337 1198 quod,
377 1141 486 1185 sicut
516 1142 768 1199 scripsistis,
805 1142 968 1187 familia
1000 1143 1226 1188 aecclesiae
1256 1147 1422 1188 vestrae
1453 1144 1652 1188 indebitis

79 1219 365 1264 exactionibus
404 1219 605 1276 affligitur
642 1224 685 1265 et
721 1224 811 1265 tam
852 1222 906 1265 ad
936 1222 1076 1266 Deum
1115 1236 1242 1279 quam
1281 1223 1334 1266 ad
1365 1236 1439 1266 vos
1471 1222 1653 1266 clamare

78 1297 356 1356 compellitur,
387 1299 584 1355 quatinus
616 1300 676 1343 eis
700 1300 995 1344 auxiliatorem
1015 1304 1058 1344 et
1077 1304 1360 1358 protectorem
1379 1301 1650 1358 provideatis.

78 1375 234 1432 Magna
261 1378 407 1434 utique
429 1377 662 1434 calamitas,
693 1378 972 1423 intolerabilis
993 1379 1179 1436 miseria,
1211 1393 1355 1424 carere
1375 1380 1421 1423 in
1442 1380 1652 1437 obsequiis

79 1455 232 1499 divinis
263 1456 500 1499 necessario
531 1460 574 1500 et
597 1457 823 1501 constituto
845 1457 1055 1515 stipendio
1078 1461 1120 1502 et
1139 1459 1267 1502 tacite
1288 1459 1392 1516 pati,
1425 1462 1472 1502 ut
1491 1459 1654 1502 familia

79 1533 303 1578 aecclesiae
335 1534 611 1591 opprimatur.
659 1534 733 1579 Set
762 1538 903 1580 vestra
933 1536 1170 1580 constantia
1201 1537 1394 1593 diligenti
1415 1537 1653 1581 considera-

78 1611 192 1656 tione
220 1604 474 1670 precavebit,
505 1627 558 1657 ne
589 1614 635 1657 in
663 1614 771 1658 illud
800 1614 1072 1672 propheti-cae
1107 1615 1444 1673 exprobrationis
1470 1615 1652 1672 elogium

77 1690 292 1747 incidatis,
329 1705 410 1748 quo
442 1691 617 1736 dicitur:
660 1694 790 1737 Canes
826 1697 929 1738 muti
965 1711 1048 1738 non
1080 1696 1259 1738 valentes
1288 1691 1486 1749 latrare¹3
1526 1695 1651 1738 item:

78 1770 178 1813 Non
217 1771 453 1814 ascendistis
492 1788 542 1814 em
581 1773 773 1827 adverso,
813 1789 888 1816 nec
927 1775 1175 1831 opposuistis
1211 1790 1376 1816 murum
1412 1789 1493 1831 pro
1530 1775 1651 1817 domo

77 1848 228 1903 Israel,
267 1864 342 1891 nec
381 1851 542 1892 stetistis
579 1851 622 1893 in
653 1851 791 1908 prelio
823 1853 868 1894 in
900 1852 966 1894 die
997 1852 1173 1895 Domini
1181 1847 1206 1892 ².
1267 1851 1325 1894 Et
1359 1865 1435 1895 nos
1468 1852 1650 1908 quidem,

77 1924 197 1969 filiali
235 1929 278 1969 et
314 1925 500 1970 fraterno
542 1926 693 1971 affectu
729 1928 881 1971 vestris
921 1929 1125 1984 angustiis
1165 1930 1489 1987 compatientes,
1529 1943 1651 1974 omne

77 2004 390 2048 incommodum
420 2008 608 2048 vestrum
639 2005 808 2048 domino
849 2009 890 2049 et
927 2007 1040 2063 patri
1076 2011 1220 2051 nostro
1253 2008 1448 2066 episcopo
1480 2022 1651 2064 sugges-

79 2082 224 2138 simus,
250 2082 535 2140 supplicantes
558 2087 600 2127 et
629 2083 844 2128 hortantes
867 2098 976 2140 eum,
1007 2088 1067 2141 ut,
1091 2086 1291 2142 quoniam
1312 2086 1457 2130 divina
1476 2086 1651 2142 largitas

77 2160 211 2204 multa
249 2149 374 2205 ineo
413 2162 604 2219 preciosa
641 2176 818 2206 munera
854 2162 1051 2219 contulit,
1092 2177 1172 2220 que
1208 2164 1262 2207 ad
1293 2165 1577 2208 defensionem
1610 2168 1652 2209 et

79 2239 271 2283 decorem
288 2240 450 2294 <domus
481 2240 562 2284 Dei
592 2244 769 2298 possunt
798 2239 1014 2298 proficere,
1050 2244 1141 2285 tota
1171 2242 1302 2285 animi
1332 2243 1565 2287 intentione
1597 2243 1652 2286 ad

77 2317 363 2376 repellendam
392 2318 501 2362 hanc
529 2319 728 2362 iniuriam
760 2322 802 2362 et
831 2319 1133 2375 protegendam
1164 2321 1410 2364 aecclesiam
1442 2336 1563 2365 suam
1584 2335 1650 2364 as-

79 2399 291 2453 surgeret,
330 2410 415 2441 non
449 2397 642 2441 defuturo
675 2397 714 2440 ei
744 2400 914 2440 nostrae
944 2397 1166 2454 parvitatis
1198 2399 1371 2443 consilio
1404 2403 1446 2443 et
1477 2399 1647 2443 auxilio.

80 2473 207 2519 Vobis
239 2489 402 2532 quoque
433 2479 475 2519 et
504 2476 583 2519 toti
614 2479 783 2519 sanctae
814 2476 941 2519 matri
971 2480 1139 2520 nostrae
1171 2476 1525 2521 Patherbornensi
1557 2491 1649 2521 aec-

79 2552 230 2597 clesiae
257 2557 447 2598 nostram
464 2554 720 2609 facultatem,
754 2553 1144 2611 quantulacunqueb
1166 2558 1230 2598 est
1250 2555 1411 2610 ingenii
1431 2559 1474 2599 et
1492 2569 1647 2611 rerum,

78 2629 257 2675 fideliter
287 2635 329 2675 et
359 2632 507 2676 devote
539 2631 751 2676 offerimus
782 2632 827 2674 in
857 2631 936 2675 hac
966 2632 1237 2677 tribulatione
1269 2636 1311 2677 et
1333 2634 1378 2676 in
1407 2634 1534 2689 omni,
1568 2647 1647 2690 que

79 2723 154 2753 vos
184 2723 339 2754 vexare
370 2711 654 2767 temptaverit,
686 2710 903 2754 vobiscum
934 2711 1241 2768 participanda.
1299 2711 1497 2755 Ceterum
1526 2715 1648 2769 pater

80 2790 122 2831 ct
161 2787 353 2831 dominus
391 2792 533 2832 noster
569 2789 790 2847 episcopus
824 2788 877 2831 ad
908 2789 1218 2844 suggestionem
1248 2794 1437 2834 nostram
1467 2790 1647 2846 benigne

177 2897 204 2919 a.
231 2889 367 2920 eiusdem
388 2890 432 2921 bis
455 2891 563 2932 legitur
584 2892 614 2921 in
636 2891 705 2921 cod.
788 2890 817 2920 b.
846 2890 1138 2930 quantulamcunque
1161 2891 1229 2922 cod.

177 2954 210 2988 1.
235 2953 317 2990 lsai.
336 2954 391 2998 56,
412 2954 468 2989 10.
563 2955 596 2991 2.
622 2953 757 2991 Ezech.
778 2955 833 3000 13,
850 2954 884 2989 5.

150 3017 254 3051 πωνή,
276 3020 465 3049 Bibliotheca
486 3021 509 3049 1.
1315 3022 1359 3057 13
