1924 3288
556 199 752 231 WIBALDI
782 197 1032 229 EPISTOLAE
1060 196 1131 226 242.
1154 195 1224 226 243.
1587 181 1673 224 363

113 297 230 353 citis,
261 295 459 351 diligatis⁷
492 299 534 340 et
569 296 594 339 a
622 298 767 338 nostra
796 297 918 351 parte
949 292 1191 348 religiosum
1221 291 1319 335 boni
1348 289 1425 333 filii
1456 288 1674 333 consilium

113 379 156 420 et
184 373 388 419 auxilium
419 374 660 432 expectetis.

115 540 233 588 243.
264 542 478 586 conradus
506 541 579 584 HI
601 556 676 583 rex
705 540 890 584 Eirenae
924 539 1180 582 Graecorum
1211 537 1465 595 imperatrici
1479 537 1673 599 exponit,

261 620 405 678 quibus
426 620 476 661 de
498 620 630 662 causis
649 635 691 661 se
715 618 849 661 adhuc
871 619 1108 675 pactionem
1131 632 1222 659 cum
1241 617 1490 672 imperatore
1511 613 1676 671 factam

261 713 344 740 non
378 698 639 755 praestiterit.
686 696 972 739 Alexandrum
1013 695 1062 737 de
1103 694 1291 737 Gravina
1329 693 1451 735 mittit
1489 693 1546 735 ad
1580 707 1675 734 eon-

262 775 465 818 oiliandas
509 775 674 832 nuptias
718 775 824 816 inter
864 772 1106 816 Heinricum
1150 787 1288 829 reyem
1334 778 1373 813 et
1416 771 1678 827 imperatoris

260 860 433 911 neptem.
605 887 612 893 ,
1463 846 1535 901 (Μ.
1562 846 1676 901 188.)

233 941 483 996 C(0nradus)
505 941 585 985 Dei
614 940 751 997 gratia
777 939 1062 983 Romanorum
1089 939 1319 996 imperator
1351 940 1551 993 augustus
1582 951 1677 994 pre-

115 1020 353 1065 cordialiter
384 1020 558 1064 dilectae
589 1018 700 1063 filiae
731 1032 831 1062 suae
851 1017 1066 1072 E(irenae)
1090 1031 1115 1060 a
1135 1016 1225 1060 Deo
1251 1019 1472 1060 coronatae
1503 1019 1545 1059 et
1565 1015 1678 1059 exal-

114 1102 228 1143 tatae
259 1097 488 1142 Grecorum
517 1097 777 1155 imperatrici
814 1099 1034 1154 paternam
1067 1095 1335 1139 dilectionem
1367 1097 1408 1138 et
1439 1097 1599 1138 certum
1631 1107 1680 1138 ac

115 1177 237 1222 fidele
266 1177 311 1220 in
343 1176 456 1220 omni
488 1176 770 1233 oportunitate
802 1173 1017 1218 auxilium.

233 1254 357 1298 Prius
398 1254 566 1311 quidem
602 1253 838 1311 preclaram
867 1251 1133 1295 nobilitatem
1166 1254 1284 1294 tuam
1313 1254 1402 1294 tam
1433 1264 1484 1294 ex
1513 1250 1679 1294 vinculo

117 1333 375 1389 cognationis
409 1346 535 1390 quam
573 1346 625 1375 ex
656 1330 807 1375 affectu
844 1329 1082 1387 adoptionis
1120 1328 1351 1386 plurimum
1382 1328 1678 1384 diligebamus3

117 1414 181 1456 set
210 1414 285 1455 tua
313 1409 430 1466 fides,
461 1413 536 1453 tua
556 1410 707 1467 pietas,
737 1412 812 1452 tua
833 1408 1012 1464 devotio,
1043 1410 1118 1451 tua
1138 1407 1382 1463 liberalitas,
1415 1421 1541 1463 quam
1561 1406 1681 1451 nobis

118 1488 300 1533 officiose
331 1472 570 1544 exhibuisti,
601 1490 702 1531 tunc
733 1486 904 1542 scilicet,
938 1486 1103 1543 quando
1127 1500 1278 1530 manus
1299 1485 1473 1529 Domini
1504 1489 1546 1529 et
1565 1484 1681 1529 infir-

118 1568 265 1612 mitate
295 1566 502 1625 corporali
524 1568 566 1610 et
585 1580 727 1610 rerum
750 1565 1025 1609 incommodis
1046 1578 1122 1608 nos
1145 1563 1354 1608 afflixerat
1375 1567 1416 1608 et
1435 1563 1682 1608 humiliave-

117 1650 204 1702 rat,
240 1649 405 1690 tantum
437 1644 630 1689 ardorem
661 1647 830 1688 sanctae
861 1643 1047 1687 caritatis
1078 1643 1124 1687 in
1154 1646 1299 1687 nostra
1328 1645 1468 1687 mente
1499 1642 1611 1685 circa
1640 1645 1683 1686 te

120 1724 394 1779 adauxerunt,
410 1726 458 1766 ut
471 1736 564 1766 eam
578 1721 695 1765 nulla
710 1720 948 1778 difficultaS,
965 1720 1127 1764 nullum
1146 1721 1393 1778 periculum,
1409 1720 1527 1764 nulla
1540 1734 1682 1765 rerum

120 1803 302 1846 varietas
332 1801 468 1858 possit
491 1800 746 1855 extinguere.
794 1799 859 1842 Ita
882 1799 1011 1854 igitur
1030 1798 1075 1842 in
1097 1799 1283 1842 animum
1304 1802 1495 1842 nostrum
1514 1799 1682 1843 induxi-

120 1894 235 1935 mus,
273 1879 336 1923 ita
364 1879 410 1922 in
440 1877 564 1921 corde
593 1880 737 1921 nostro
769 1877 883 1920 omni
915 1876 1187 1932 ambiguitate
1216 1880 1379 1920 remota
1408 1875 1681 1934 firmavimus,

120 1961 168 2002 ut
189 1983 243 1988 —
268 1956 434 2001 etiamsi
462 1955 579 1999 nulla
607 1955 774 2011 federis,
806 1954 923 1998 nulla
954 1954 1120 1998 artioris
1153 1955 1367 1999 amiciciae
1397 1954 1544 2010 religio
1572 1955 1682 1999 inter

121 2050 196 2080 nos
219 2039 260 2080 et
275 2035 502 2091 gloriosum
520 2036 561 2077 et
575 2032 971 2091 predilectissimum
986 2032 1162 2077 fratrem
1176 2036 1381 2089 nostrum,
1403 2036 1524 2077 tuum
1538 2033 1683 2091 utique

122 2115 334 2169 maritum,
364 2110 633 2167 magnificum
670 2114 711 2154 et
741 2110 951 2154 excelsum
983 2109 1211 2155 Grecorum
1247 2112 1566 2169 imperatorem,
1606 2111 1682 2156 ali-

124 2191 288 2250 quando
303 2190 609 2235 intercessisset
626 2213 681 2218 -—
699 2189 838 2246 parati
852 2192 994 2232 tamen
1010 2191 1051 2232 et
1066 2189 1217 2233 intenti
1233 2203 1433 2246 essemus,
1450 2204 1526 2233 sua
1542 2191 1683 2234 omnia

124 2273 325 2327 tanquam
354 2271 499 2312 nostra
530 2266 715 2322 diligere,
748 2267 833 2310 suis
864 2267 1045 2310 inimicis
1075 2270 1278 2324 tanquam
1297 2268 1452 2312 nostris
1472 2268 1680 2313 resistere.

241 2347 372 2391 Porro
403 2348 448 2390 in
478 2345 749 2389 conventione
779 2345 912 2401 pacti,
946 2358 1051 2402 quae
1080 2346 1191 2389 inter
1220 2359 1296 2389 nos
1328 2350 1370 2390 et
1398 2347 1538 2403 ipsum
1569 2347 1683 2390 omni

126 2439 220 2469 cum
248 2424 532 2469 benivolentia
552 2422 718 2467 firmata
740 2425 816 2478 est,
848 2422 1034 2466 condicio
1058 2424 1294 2467 necessaria
1314 2424 1562 2481 interposita
1581 2424 1680 2468 fuit:

127 2503 238 2561 quod
268 2502 426 2546 scilicet
456 2517 518 2558 ea,
551 2515 656 2558 quae
676 2500 969 2557 prenominata
989 2503 1031 2544 et
1049 2501 1284 2559 prescripta
1303 2501 1484 2557 fuerant,
1516 2502 1683 2558 utrique

127 2580 443 2638 compleremus,
474 2580 556 2623 nisi
585 2579 690 2622 alter
710 2577 775 2621 vel
797 2581 971 2634 uterque
1001 2582 1192 2622 nostrum
1212 2582 1345 2623 morte
1367 2593 1440 2622 seu
1470 2580 1589 2635 gravi
1618 2580 1683 2623 in-

126 2658 322 2702 firmitate
351 2658 419 2702 vel
450 2657 668 2701 amittendi
687 2655 856 2712 imperii
875 2655 1060 2713 periculo
1088 2657 1132 2700 id
1151 2656 1350 2714 perficere
1370 2656 1682 2714 prohiberetur3

128 2740 265 2793 atque,
296 2739 509 2780 transacta
527 2735 601 2779 illa
621 2739 708 2778 tam
729 2734 848 2790 gravi
876 2737 917 2777 et
940 2737 1026 2776 tam
1047 2747 1131 2777 non
1151 2734 1400 2790 negligenda
1419 2734 1681 2791 necessitate,

128 2815 181 2858 ad
202 2814 451 2858 observandi
472 2817 513 2858 et
531 2812 720 2871 inplendi
741 2811 922 2855 studium
945 2811 1078 2855 denuo
1101 2812 1421 2867 accingeremur.
1448 2811 1568 2855 Nunc
1584 2826 1681 2868 ergo

127 2892 219 2947 tibi,
240 2895 439 2948 tanquam
459 2891 707 2935 karissimae
727 2889 837 2934 filiae
857 2892 1025 2933 nostrae
1054 2892 1096 2933 ct
1118 2890 1284 2946 imperii
1303 2890 1437 2934 nostri
1467 2894 1680 2947 cognatae,

129 2983 274 3013 causas
301 2969 566 3014 familiariter
597 2973 638 3014 et
667 2968 849 3012 breviter
880 2968 1127 3024 aperiemus,
1158 2981 1236 3025 pro
1267 2968 1415 3024 quibus
1446 2969 1491 3012 in
1517 2968 1681 3025 Longo-

1703 291 1792 328 1150

1704 946 1795 981 1150

1712 995 1784 1034 Apr.
