1924 3288
298 172 384 216 308
744 183 942 215 wmALm
969 183 1218 216 musi-omn
1246 183 1317 214 188.
1341 183 1411 215 189.

301 277 324 323 1
333 277 416 325 88.
439 279 650 324 Wibaldus
663 278 859 322 Heimico
877 280 1066 337 episcopo
1075 279 1283 323 Mndemi
1297 281 1348 323 de
1364 281 1573 338 expianda
1587 279 1853 325 eodesiaKa-

441 358 658 401 minatensi
683 358 769 400 iam
791 357 974 400 Conradi
993 359 1102 415 reqis
1121 359 1445 401 intercessionem
1465 358 1600 417 affert.
1651 356 1723 412 (Μ.
1735 356 1852 411 168.)

178 446 270 484 1149
411 444 652 490 Reverendo
682 445 796 502 patri
826 458 901 488 suo
932 449 975 489 et
996 445 1163 490 domino
1184 446 1414 500 H(einrico)
1434 445 1663 491 venerabili
1682 448 1852 491 sanctae

292 521 522 567 Mindensis
560 522 784 566 aecclesiae
823 523 1018 580 episcopo
1054 523 1186 568 frater
1215 523 1482 578 W(ibaldus)·
1501 523 1582 568 Dei
1618 524 1756 580 gratia
1791 523 1850 580 id,

293 600 403 656 quod
440 603 504 645 est
538 600 584 644 in
621 599 824 645 aecclesia
852 600 1077 658 catholica,
1118 602 1290 658 exiguas
1330 602 1540 646 orationes
1579 604 1623 647 et
1651 601 1847 647 devotum

291 677 521 722 servitium.
1821 681 1823 684 ’

406 754 665 812 Frequenter
694 755 986 801 excellentiam
1005 759 1190 801 vestram
1219 770 1296 814 per
1325 756 1488 801 litteras
1519 759 1562 801 et
1580 769 1659 814 per
1675 755 1853 801 nuncios

289 833 549 890 rogavimus,
588 836 637 877 ut
675 834 900 879 aecclesiae
938 834 990 878 de
1020 834 1244 878 Kaminata
1273 834 1622 879 reconciliationis
1653 833 1849 891 officium,

289 924 370 967 quo
393 911 582 967 indigere
603 911 769 969 dicitur,
802 912 1029 957 clementer
1048 912 1353 970 inpenderetis;
1385 915 1462 968 set,
1492 912 1676 970 peccatis
1694 912 1851 957 nostris

287 987 551 1046 facientibus,
582 1002 668 1033 non
697 989 833 1033 solum
854 990 1083 1049 impetrare
1101 993 1250 1046 rogata
1270 1003 1356 1034 non
1379 990 1606 1048 potuimus,
1637 993 1702 1035 set
1721 989 1850 1035 etiam

287 1066 548 1121 gravioribus
584 1069 819 1127 responsis,
864 1071 914 1112 ut
951 1069 1206 1126 accepimus,
1247 1067 1458 1112 molestati
1493 1068 1661 1112 fuimus.
1728 1067 1852 1112 Nunc

286 1157 385 1188 vero
432 1144 485 1188 ad
530 1149 700 1191 nostrae
743 1146 966 1204 peticionis
1011 1146 1317 1190 munimentum
1355 1146 1483 1190 etiam
1519 1145 1679 1190 domini
1715 1146 1851 1190 nostri

286 1222 398 1278 regis
429 1222 646 1279 G(onradi)
677 1221 1045 1269 intercessionem¹
1075 1224 1364 1279 adiunximus,
1399 1236 1494 1267 cum
1523 1226 1664 1268 tamen
1693 1223 1849 1268 nostris

286 1300 449 1344 meritis
488 1302 633 1358 pocius
671 1316 798 1360 quam
835 1302 985 1346 maiori
1022 1302 1255 1359 patrocinio
1285 1301 1486 1345 vellemus
1523 1301 1636 1358 apud
1663 1303 1850 1346 vestram

285 1377 577 1423 celsitudinem
605 1380 698 1424 niti.
761 1380 963 1424 Volumus
994 1382 1134 1424 autem
1165 1379 1430 1423 sanctitatem
1459 1382 1643 1423 vestram
1672 1392 1758 1423 non
1786 1378 1849 1423 la-

284 1457 387 1512 tere,
419 1457 530 1512 quod
552 1456 815 1502 Gorbeiensis
847 1457 1048 1502 aecclesia
1077 1471 1153 1514 per
1181 1457 1404 1514 privilegia
1431 1457 1715 1501 Romanorum
1732 1463 1850 1515 *poni

283 1531 444 1577 tificum
473 1534 582 1578 hanc
611 1535 829 1590 dignitatis
863 1536 1175 1593 prerogativam
1205 1535 1405 1591 obtinuit,
1435 1538 1503 1591 ut,
1534 1535 1572 1579 si
1602 1534 1848 1580 diocesanus

285 1610 518 1668 episcopus,
550 1612 662 1668 quod
691 1612 757 1656 sui
788 1611 914 1657 officii
944 1617 1021 1670 est,
1052 1613 1229 1671 implere
1258 1613 1488 1668 negaverit,
1520 1612 1572 1657 ab
1597 1611 1680 1656 alio
1704 1611 1847 1657 catho-

282 1687 365 1732 lico
402 1689 597 1747 episcopo
635 1689 823 1734 obtinere
860 1693 903 1734 et
936 1690 1067 1735 libere
1097 1690 1159 1734 uti
1189 1691 1335 1748 possit.
1396 1690 1483 1734 Nos
1513 1690 1632 1735 vobis
1663 1689 1846 1736 debitam

282 1767 562 1812 reverentiam
592 1767 880 1812 exhibuimus*
912 1772 954 1813 et
983 1769 1035 1813 de
1066 1772 1204 1813 cetero
1236 1769 1394 1814 servire
1422 1768 1562 1827 parati
1592 1781 1748 1813 sumus.

289 1907 404 1956 189.
429 1911 640 1955 Wibaldus
658 1912 783 1955 Petro
809 1914 949 1956 abbati
969 1913 1227 1956 Cluniae-ensi
1247 1913 1464 1973 siynfficat,
1494 1914 1540 1956 in
1557 1913 1714 1972 synodo
1733 1912 1845 1956 Leo-

431 1989 563 2032 diensi
599 1991 803 2048 quomodo
840 1991 946 2033 inter
985 1990 1173 2033 ecclesias
1211 1993 1262 2034 de
1292 1990 1485 2034 Nameka
1519 1997 1558 2034 et
1587 1991 1639 2034 de
1667 1989 1846 2033 Mar-oba

431 2067 636 2110 decretum
665 2068 727 2110 sit,
1628 2065 1701 2121 (M.
1727 2066 1844 2121 171.)

167 2159 258 2196 1149
400 2154 666 2200 Reverendo*
696 2155 809 2213 patri
839 2159 882 2199 et
911 2155 1079 2199 domino
1108 2154 1268 2211 P(etro)
1298 2155 1528 2201 venerabili
1557 2158 1727 2200 sanctae
1745 2154 1844 2200 Glu-

282 2233 490 2277 niacensis
521 2232 746 2278 aecclesiae
777 2233 918 2277 abbati
947 2233 1078 2277 frater
1101 2233 1353 2289 W(ibaldus)
1381 2233 1462 2278 Dei
1491 2234 1629 2290 gratia
1657 2233 1703 2277 id
1732 2232 1844 2290 quod

283 2313 369 2355 est⁶
398 2310 444 2355 in
476 2305 678 2356 aecclesia
707 2311 932 2368 catholica,
972 2311 1150 2356 salutem
1179 2312 1225 2356 in
1256 2325 1324 2369 eo,
1364 2311 1436 2369 qui
1473 2311 1646 2356 mandat
1684 2310 1841 2356 salutes

282 2388 405 2434 Iacob
413 2385 441 2432 ².

399 2466 768 2523 Recognoscentes,
799 2466 844 2510 in
875 2467 1066 2512 omnibus
1096 2481 1173 2512 nos
1199 2457 1309 2511 filios
1329 2469 1489 2512 vestros
1510 2479 1602 2511 esse
1622 2468 1664 2511 et
1683 2478 1839 2523 servos,

280 2548 368 2588 tam
398 2544 588 2602 personis
618 2544 861 2588 monasterii
891 2545 1021 2589 vestri
1050 2559 1175 2602 quam
1204 2545 1328 2589 rebus
1357 2545 1403 2588 in
1433 2545 1548 2588 omni
1576 2545 1742 2601 negotio
1772 2557 1840 2589 as-

281 2622 429 2666 sistere
453 2622 742 2667 consuevimus
774 2625 829 2677 et,
859 2625 1059 2678 tanquam
1089 2637 1174 2667 una
1200 2623 1252 2667 de
1272 2622 1613 2667 cluniacensibus
1633 2621 1837 2680 personis,

281 2712 376 2744 cum
396 2700 573 2745 veritate
603 2702 646 2746 et
673 2699 840 2744 iusticia
869 2713 936 2743 res
958 2699 1251 2745 Cluniacenses
1281 2713 1357 2758 pro
1388 2702 1533 2744 nostra
1549 2699 1748 2744 facultate
1765 2699 1838 2744 de-

279 2778 457 2823 fensare.
521 2777 594 2822 Set
623 2777 675 2822 de
703 2777 798 2834 lite,
834 2791 941 2834 quae
970 2778 1051 2822 fuit
1080 2779 1191 2824 inter
1222 2777 1464 2823 aecclesiam
1495 2777 1547 2822 dc
1575 2777 1766 2823 Nameka
1795 2779 1838 2822 et

376 2880 403 2904 s.
426 2872 583 2915 exhuimus
605 2885 631 2904 c.
713 2872 743 2903 b.
763 2872 902 2903 Rev-erdo
925 2885 951 2903 c.
1034 2882 1060 2904 c.
1084 2874 1131 2904 est
1153 2885 1208 2904 om.
1225 2886 1251 2904 c.

376 2933 408 2967 1.
433 2942 485 2968 sc.
510 2931 735 2977 superiorem
759 2930 951 2977 epistolam
979 2931 1058 2967 187.
1155 2933 1188 2967 2.
1214 2932 1274 2968 Ps.
1290 2931 1348 2977 43,
1365 2931 1400 2968 5.
