1930 3224
203 297 274 334 823

128 531 242 566 1111.Αά
224 544 272 574 u.g

191 2083 260 2118 826

179 2133 241 2163 Ian.
253 2133 272 2162 2

300 187 355 232 12
839 195 1123 229 TRANSLA'rlo
1154 195 1190 227 e.
1211 195 1305 226 vrn

297 292 577 338 venerabilem
607 293 745 337 virum
774 291 990 336 Walonem
1027 289 1081 333 ad
1117 288 1341 346 palatium,
1378 292 1426 332 ut
1454 287 1584 333 talem
1610 287 1851 336 libortum·

298 374 341 415 et
369 371 587 416 tuitionem
619 384 671 415 ex
700 373 820 427 parte
843 368 1006 411 domni·
1027 366 1293 424 imperatoris
1312 365 1395 410 loci
1411 365 1526 410 illius
1545 365 1848 414 habitatum

296 449 555 506 impetraret,
587 447 752 504 qualem
783 449 921 489 cetera
950 457 1113 501 quoque
1135 443 1331 488 sublimia
1349 442 1605 488 monasteria
1620 442 1849 501 peernn-

297 526 406 570 ciam
434 525 653 570 habebant.
700 523 819 575 Quod
846 522 918 566 ille
947 521 1127 566 fideliter
1156 521 1242 577 egit
1271 524 1313 565 et
1333 521 1509 565 domnus
1529 521 1766 578 imperator
1769 520 1849 570 hoq

295 603 422 658 nigne
451 599 688 646 concessit&

414 680 527 732 Quae
564 682 813 737 postquam
825 679 944 733 gesta
979 679 1096 732 sunt,
1133 676 1286 720 iterum
1317 675 1456 733 coepit
1483 675 1686 732 cogitare,
1720 688 1849 733 quem

296 757 454 802 eidem*
483 757 574 801 loco
611 756 745 814 patris
781 754 974 799 nomine⁶
1005 754 1198 798 abbatem
1231 753 1482 811 praeferret,
1519 753 1592 810 qui
1621 753 1853 801 seeundum

295 835 551 880 voluntatem
571 833 764 878 Domini‘¹
792 846 937 888 regere
963 835 1107 890 posset
1124 831 1423 875 monachorum
1442 844 1624 887 gregem,
1652 831 1728 888 qui
1745 842 1850 888 qm.-

295 913 399 956 tidie
436 912 666 967 augebatur
703 914 827 968 atque
861 910 1085 954 crescebat.
1145 908 1251 953 Erat
1279 908 1426 953 eodem
1454 912 1644 967 tempore
1669 908 1720 955 in
1735 907 1849 960 Get*-

295 990 456 1035 beiensi
485 989 738 1034 monasterio
769 988 939 1045 quidam
969 987 1207 1031 adolescens
1236 986 1477 1042 monachus,
1509 986 1582 1043 qui
1603 999 1658 1031 ex
1674 984 1850 1033 nobilis-.-

296 1068 402 1112 simo
431 1067 689 1111 Francorum
726 1069 850 1123 atque
881 1065 1094 1109 Saxonum
1131 1077 1283 1120 genere
1318 1063 1457 1108 fuerat
1494 1059 1651 1120 ortus'‚
1679 1062 1853 1109 nomine

295 1145 505 1190 Warinus.
561 1143 642 1188 Hic
671 1158 698 1188 a
725 1146 844 1188 tanta
872 1143 1126 1200 perfectione
1156 1141 1314 1199 coepit,
1344 1145 1393 1186 ut
1422 1155 1518 1186 cum
1547 1144 1658 1186 esset
1684 1139 1851 1189 iuveni·

297 1226 422 1279 atque
457 1235 612 1278 magna
646 1224 854 1279 potestate
891 1220 1107 1278 praeditus
1144 1219 1398 1276 haberetque
1435 1219 1517 1264 sibi
1555 1219 1859 1277 desponsat-mv

297 1300 502 1355 virginem
530 1299 722 1356 pulcram
752 1302 876 1356 atque
905 1297 1209 1342 nobilissimam
1239 1301 1282 1341 et
1309 1298 1396 1341 iam
1425 1297 1592 1354 iamque
1620 1297 1733 1342 inter
1752 1296 1859 1354 pri-

295 1391 386 1421 mos
424 1376 573 1435 palatii
609 1377 874 1432 consisteret,
913 1375 1039 1431 elegit
1074 1375 1214 1432 potius
1254 1375 1411 1419 servire
1445 1374 1650 1419 Domino·
1681 1377 1855 1422 aetam

295 1468 421 1512 quam
449 1454 540 1509 regi
568 1454 751 1510 mortali,
782 1453 1022 1510 relictisque
1051 1452 1242 1496 omnibus
1260 1455 1430 1509 portum
1449 1451 1850 1510 monasteriipetiit.

294 1533 416 1577 Hunc
445 1532 639 1577 iuvenem
668 1531 917 1576 venerabilis
947 1534 1069 1589 pater
1098 1530 1144 1574 in
1173 1543 1284 1574 nova
1303 1529 1479 1574 Corbeia
1501 1529 1694 1575 abbatem
1710 1529 1865 1575 fimo*

294 1611 526 1666 cogitabat,
562 1608 772 1654 confidens
802 1609 961 1653 scilicet
990 1609 1041 1652 de
1070 1607 1260 1652 Domini‘
1288 1607 1594 1663 misericordia,
1623 1610 1692 1663 ut,
1721 1606 1795 1664 qui
1820 1620 1857 1653 a·

294 1691 414 1733 tanta
457 1688 712 1745 perfectione
756 1687 983 1744 coepisset,
1029 1685 1253 1744 perfectius
1298 1688 1619 1730 consummaret.
1678 1683 1849 1732 Fratmfl

296 1769 436 1810 autem
467 1765 717 1809 studiosius⁸
748 1765 939 1820 agebant,
970 1767 1018 1808 ut
1046 1762 1328 1808 venerabilem
1356 1763 1496 1807 virum
1520 1762 1856 1810 walonemvsibi-

295 1844 341 1887 in
369 1847 535 1901 patrem
565 1843 778 1898 eligerent.
826 1842 1000 1886 Interim
1030 1854 1125 1885 cum
1154 1841 1240 1884 iam
1269 1841 1437 1897 iamque
1467 1840 1580 1885 diem
1599 1839 1855 1897 emmonis

296 1934 396 1965 suae
427 1921 573 1965 adesse
603 1920 798 1976 sentiret,
835 1920 971 1976 misit,
1010 1923 1059 1964 ut
1088 1933 1213 1977 quem
1241 1918 1398 1964 vellent
1426 1918 1647 1975 eligerent,
1678 1921 1858 1976 accepta

294 1998 465 2043 licentia
493 1998 772 2056 imperatoris·

414 2076 587 2120 Interim
617 2075 717 2119 dum
747 2074 893 2120 electio
923 2074 1169 2132 protelatur,
1198 2073 1418 2130 religiosus
1439 2072 1547 2117 abba
1570 2073 1684 2119 diem
1711 2023 1851 2119 finivit

295 2150 567 2198 extremum³.
623 2153 711 2205 Quo
755 2153 903 2196 nuntio
943 2166 1086 2196 omnes
1123 2165 1312 2196 moerore
1349 2150 1560 2206 concussi,
1596 2149 1737 2207 walo,
1774 2151 1849 2208 qui

295 2235 396 2276 tunc
424 2231 484 2275 ibi
515 2230 729 2275 electionis
759 2231 896 2286 gratia
923 2231 1185 2286 morabatur,
1215 2230 1352 2274 iussus
1381 2227 1520 2286 pergit
1548 2227 1602 2273 ad
1629 2227 1847 2286 palatium,

294 2309 393 2353 inde
424 2308 477 2352 ad
506 2309 725 2366 proprium
753 2309 1074 2363 monasterium3
1114 2308 1338 2364 statimque
1374 2305 1435 2350 ibi
1469 2305 1522 2350 ab
1550 2305 1744 2350 omnibus
1773 2305 1848 2351 oli-

296 2387 409 2443 gitur
438 2386 508 2430 in¹¹
540 2386 744 2430 abbatem.
792 2386 853 2430 At
881 2399 979 2430 vero
1010 2386 1068 2442 hi,
1099 2385 1172 2442 qui
1199 2385 1245 2428 in
1275 2383 1458 2428 Saxonis.
1484 2382 1731 2429 habitabant
1757 2397 1848 2429 mo-

295 2464 438 2520 nachi,
474 2463 526 2508 de
556 2463 756 2508 electione
787 2464 949 2508 abbatis
987 2464 1054 2508 sui
1083 2463 1229 2508 beatae
1258 2461 1484 2507 memoriae
1511 2460 1689 2506 meritis·
1717 2460 1849 2507 Adal-

390 2592 416 2614 ε..
439 2582 541 2614 domni
563 2594 619 2613 om.
634 2583 663 2612 1.
678 2583 708 2612 3.
769 2582 799 2613 b.
822 2582 1071 2622 quemadmodum
1089 2583 1118 2613 1.
1134 2583 1152 2613 8
1170 2594 1228 2622 pm
1249 2590 1338 2622 quem
1351 2581 1458 2612 eidem.
1519 2589 1545 2611 c.
1566 2579 1686 2610 nomino
1701 2590 1758 2611 οιι.
1773 2580 1802 2611 1.
1817 2580 1847 2611 3.

297 2637 327 2668 d.
348 2636 406 2667 Dei
427 2638 455 2668 2.
522 2646 548 2667 e.
569 2635 635 2667 Deo
657 2637 686 2667 2.
755 2635 776 2667 f.
797 2635 857 2667 Dei
878 2637 907 2667 2.
968 2644 996 2674 g.
1019 2636 1185 2667 studiosius
1206 2646 1262 2666 om.
1285 2636 1314 2666 1.
1336 2635 1365 2666 8.
1433 2634 1464 2665 h.
1485 2633 1524 2664 nd
1545 2634 1575 2664 2.
1596 2633 1626 2663 8.
1687 2632 1710 2664 i.
1731 2633 1848 2665 maffia

297 2702 351 2720 om.
376 2691 411 2727 13
431 2690 530 2720 meriti
551 2690 579 2720 3.
657 2694 659 2697 “

391 2760 423 2795 1.
450 2759 496 2796 V.
513 2758 692 2795 Ludovioi
714 2759 771 2795 Pii
794 2758 997 2804 diplomata
1019 2758 1106 2795 data
1128 2769 1162 2794 a.
1178 2758 1248 2794 823
1271 2757 1331 2794 die
1347 2756 1392 2793 27
1409 2755 1494 2792 Iulii
1510 2758 1548 2792 et
1570 2754 1606 2791 d.
1625 2755 1649 2792 8
1670 2754 1771 2803 Aug.
1786 2766 1847 2803 ap.

297 2817 438 2855 Erhard
462 2819 553 2865 Reg.
570 2818 702 2856 Westf.
725 2819 753 2855 1.
775 2818 862 2855 Cod.
880 2818 970 2864 dipl.
993 2828 1028 2864 p.
1048 2818 1070 2854 5
1086 2820 1124 2854 et
1139 2818 1174 2853 6.
1267 2817 1302 2853 2.
1328 2814 1383 2852 Of.
1407 2814 1597 2851 Diimmler
1621 2814 1752 2852 Geseh.
1778 2814 1846 2863 des

296 2876 484 2915 Ostfra’nk.
500 2878 633 2915 Reiehs
657 2878 687 2914 I.
707 2879 787 2915 142.
810 2888 846 2914 n.
863 2879 922 2914 25.
1015 2878 1051 2914 3.
1076 2877 1114 2913 in
1138 2874 1356 2914 monasterio
1381 2874 1556 2914 corbeiae
1579 2874 1752 2922 autiquae
1774 2875 1846 2912 826

296 2936 374 2973 Ian.
391 2938 425 2974 2.
462 2936 518 2975 Cf.
543 2937 651 2974 Vitae
675 2936 876 2973 Adalhardi
901 2947 934 2973 c.
950 2937 996 2973 82
1012 2939 1050 2973 et
1064 2935 1123 2972 87.
