1924 3288
513 215 712 247 wmALm
740 216 989 248 Ems'romn
1020 215 1059 246 ἰο
1073 216 1158 247 -72,
1534 205 1617 250 147

51 307 117 352 sui
145 307 240 366 plus
263 321 391 365 quam
423 309 475 353 ad
506 314 674 355 centum
705 326 874 356 mansos
905 312 951 355 in
981 310 1180 355 beneficio
1212 316 1494 368 concesserat,
1526 316 1618 357 tan-
1658 316 1748 353 1147

50 399 177 443 quam
213 387 280 431 vir
317 390 534 444 strenuuS,
575 389 657 433 Dei
694 390 901 434 adiutorio
942 393 984 433 et
1021 392 1165 434 nostro
1203 390 1290 434 fere
1323 391 1377 434 ad
1406 391 1619 446 integrum
1643 376 1668 397 θ’
1687 367 1759 397 Dm

48 463 264 520 recollegit
283 468 326 509 et
345 466 489 510 usibus
512 466 712 511 ecclesiae
733 468 931 511 restituit.
973 466 1148 511 Salubre
1170 468 1312 524 itaque
1333 469 1454 513 nobis
1477 483 1617 513 exem-

48 541 168 599 plum
198 546 241 587 et
270 545 634 588 commonitorium
664 546 709 588 in
740 545 1008 602 protegendis
1041 549 1083 589 et
1109 546 1357 590 adiuvandis
1379 547 1431 590 de
1452 550 1617 590 caetero

50 620 236 665 ecclesiis
265 622 524 679 prestabitis‚
556 623 593 666 si
623 623 792 679 bonum,
826 623 937 679 quod
966 624 1012 666 in
1044 624 1190 667 eadem
1221 624 1422 669 aecclesia
1450 625 1503 668 ad
1528 624 1618 668 lau-

49 698 146 743 dem
166 699 247 743 Dei
276 699 578 756 inchoavimus,
611 701 840 744 secundm
869 702 1123 759 peticionem
1154 703 1334 759 predicti
1365 703 1618 747 venerabilis

49 776 213 821 abbatis
244 778 395 823 stabile
426 782 468 823 et
496 778 665 822 firmum
696 782 840 823 vestra
871 780 1121 824 auctoritate
1150 781 1348 824 feceritis.
1396 781 1555 825 Valete.

53 953 134 1001 71.
169 955 450 1001 Herimannus
480 974 612 1002 comes
649 959 1030 1018 Wincenburyensis
1056 959 1249 1018 Euyenio
1271 960 1346 1004 III
1359 976 1504 1018 papae
1533 961 1618 1004 Wi-

169 1036 337 1078 baldum
368 1039 634 1081 commendat.
1432 1037 1504 1091 (M.
1528 1038 1617 1092 59.)

169 1123 442 1169 Sanctissimo
473 1127 586 1184 patri
619 1139 666 1170 ac
697 1126 865 1170 domino
896 1141 970 1171 suo
991 1126 1180 1183 Eugenio
1214 1130 1383 1171 sanctae
1404 1127 1618 1172 Romanae
1657 1134 1749 1170 1147

50 1202 274 1247 aecclesiae
305 1218 468 1248 summo
499 1204 688 1262 pontifici
718 1205 1002 1249 Herimannus
1042 1219 1180 1249 comes
1220 1205 1271 1249 de
1294 1205 1617 1262 Wincenburch,
1643 1192 1669 1214 θ’
1689 1183 1762 1213 De&

50 1281 275 1326 advocatus
297 1282 496 1326 ecclesiae
518 1282 796 1340 Corbeiensis‚
828 1284 1017 1340 obsequii
1038 1284 1103 1327 sui
1123 1284 1317 1327 intimam
1339 1284 1615 1327 devotionem.

167 1358 531 1417 Commendamus,
563 1361 800 1405 venerande
821 1365 956 1420 pater,
979 1362 1195 1406 sanctitati
1215 1365 1380 1406 vestrae
1403 1362 1619 1406 dominum

48 1450 189 1482 meum
207 1438 481 1483 karissimum
500 1438 755 1496 wibaldum,
785 1439 1069 1484 venerabilem
1090 1440 1385 1485 Corbeiensem
1408 1440 1617 1496 abbatem,

48 1516 187 1560 virum
217 1517 362 1574 utique
391 1517 635 1574 religiosum
667 1521 709 1562 et
738 1518 783 1561 in
815 1519 929 1561 omni
960 1519 1074 1576 apud
1102 1533 1179 1562 nos
1207 1519 1426 1563 honestate
1449 1532 1497 1562 ac
1517 1533 1618 1576 pru-

49 1593 193 1639 dentia
229 1599 476 1653 spectatum.
530 1596 882 1641 Commendamus
918 1597 1038 1641 vobis
1075 1596 1261 1653 labores,
1306 1611 1409 1654 quos
1449 1597 1495 1640 in
1526 1610 1618 1641 aec-

49 1671 177 1717 clesia
206 1672 449 1718 Corbeiensi
487 1674 512 1718 a
542 1675 609 1719 die
646 1674 924 1733 promotionis
962 1689 1062 1719 suae
1092 1674 1273 1719 fideliter
1304 1679 1346 1719 et
1375 1675 1618 1731 infatigabi-

47 1749 144 1795 liter
189 1752 390 1796 sustinuit
431 1756 523 1796 tum
566 1754 612 1797 in
655 1753 924 1797 reformanda
960 1753 1104 1797 divina
1145 1753 1347 1809 religione
1385 1754 1430 1796 in
1471 1753 1618 1797 eodem

47 1830 302 1874 monasterio
335 1834 377 1874 et
405 1831 451 1874 in
480 1831 772 1887 recolligendis
802 1831 1137 1889 possessionibus
1168 1832 1301 1889 ipsius
1341 1835 1433 1875 tum
1470 1831 1515 1875 in
1545 1831 1616 1889 pio

49 1910 91 1962 et
126 1907 330 1952 laudabili
368 1909 527 1965 studio,
568 1923 648 1966 quo
680 1909 726 1952 in
757 1909 916 1954 duobus
947 1910 1238 1965 monasteriis,
1278 1909 1506 1952 Kaminata
1537 1909 1617 1952 sci-

46 1985 146 2030 licet
177 1990 219 2030 et
239 1985 427 2043 visbick,
465 2001 571 2044 quae
603 2001 628 2031 a
658 1987 827 2031 domino
858 2001 951 2031 meo
983 2001 1082 2043 rege
1114 1987 1288 2045 accepit,
1322 1988 1508 2031 studiose
1538 2001 1615 2045 pro

47 2064 284 2121 reparanda
321 2065 366 2108 in
404 2065 463 2108 eis
502 2065 646 2109 divina
683 2065 886 2122 religione
915 2065 1136 2110 laboravit.
1189 2065 1325 2109 Huius
1358 2066 1470 2109 enim
1499 2065 1616 2109 labo-

47 2142 201 2186 ratoris
239 2143 284 2186 in
314 2146 428 2186 terra
457 2146 602 2187 nostra
631 2144 813 2187 multum
843 2144 1122 2200 indiguimus,
1162 2144 1347 2188 maxime
1377 2144 1423 2187 in
1454 2144 1615 2187 duobus

47 2220 327 2277 monasteriis,
359 2221 432 2265 ubi
462 2221 643 2265 multum
674 2222 818 2266 divina
848 2222 995 2278 religio
1018 2222 1268 2279 deperierat,
1302 2236 1429 2278 quam
1449 2222 1615 2265 viriste

46 2298 275 2356 prudenter
313 2302 356 2342 et
390 2299 564 2342 honeste
602 2299 830 2343 reformare
868 2300 1044 2344 laborat.
1101 2300 1311 2356 Rogamus
1349 2314 1447 2354 ergo
1480 2300 1615 2343 excel-

47 2375 222 2420 lentiam
248 2380 445 2432 vestram,
478 2377 673 2433 quatinus
696 2378 924 2421 secundum
944 2378 1197 2435 peticionem
1219 2378 1379 2421 domini
1399 2378 1484 2420 mei
1503 2378 1614 2432 regis

47 2453 154 2498 hanc
184 2454 453 2498 donationem
486 2455 574 2498 eius
605 2458 748 2498 vestra
778 2456 1027 2500 auctoritate
1059 2455 1328 2511 confirmetis,
1362 2459 1403 2499 ct
1427 2456 1472 2498 in
1492 2469 1614 2512 repa-

47 2532 181 2575 randa
217 2532 361 2575 divina
398 2533 599 2576 servitute
638 2532 853 2575 dominum
884 2547 1026 2576 meum
1057 2533 1252 2577 abbatem
1283 2533 1511 2576 clementer
1542 2533 1614 2575 ad-

47 2609 212 2666 iuvetis,
244 2610 447 2667 nobisque
479 2610 718 2668 exemplum
750 2611 795 2653 in
827 2610 1075 2654 adiuvandis
1108 2610 1321 2655 aecclesiis
1353 2611 1562 2667 prestetis.

52 2790 131 2839 72.
166 2794 218 2838 H.
244 2797 370 2839 abbas
392 2795 747 2854 Flechtkorpensis
769 2795 961 2853 Euyem'o
983 2795 1059 2839 ΙΠ
1071 2811 1216 2853 papae
1241 2796 1474 2839 Wibaldum
1504 2812 1613 2839 com-

165 2874 342 2916 mendat.
1424 2871 1495 2925 (M.
1524 2874 1612 2927 60.)

169 2960 440 3006 Sanctissimo
480 2963 593 3020 patri
625 2975 673 3006 ac
703 2962 871 3006 domino
903 2975 978 3006 suo
1010 2961 1201 3018 Eugenio
1233 2976 1395 3061 sumemo
1426 2961 1614 3019 pontifici
1638 2968 1745 3047 011131ίᾷ

1253 3038 1299 3073 10
1657 3040 1664 3047 “
1748 3039 1755 3047 “
