1924 3288
328 149 415 193 506
832 161 1030 192 wmAmr
1058 161 1277 194 nmsrou
1306 162 1377 193 8⁷¹1.

211 259 304 295 1152
326 254 423 311 lica,
453 254 605 300 dilecto
635 255 681 298 in
710 254 877 299 Christo
908 255 1042 299 sodali
1076 258 1119 300 et
1147 256 1280 300 amico
1310 270 1385 300 suo
1415 255 1647 312 H(einrico)
1674 257 1877 315 magistro

221 309 295 348 Apr.

159 1513 247 1544 Mart.
260 1513 298 1544 18

158 2372 245 2404 Mart.
257 2373 296 2404 2⁷

327 333 469 390 regiae
498 333 638 377 curiae
668 332 846 388 notario,
875 335 990 377 recte
1017 332 1203 379 iudicare
1232 334 1343 378 inter
1370 332 1479 379 filios
1507 332 1759 387 hominnm¹,
1788 365 1791 369 Δ

444 410 609 454 Placuit
645 410 870 454 eruditioni
905 413 1022 466 tuae,
1067 411 1317 456 temeritatis
1355 424 1433 456 nos
1479 415 1522 456 et
1555 411 1876 471 inconstantiae,

325 489 542 546 proposita
560 487 872 545 philosophica·
899 488 1120 544 sententia,
1150 492 1366 546 tamquam
1384 491 1486 534 nota
1503 489 1715 535 censoria*
1733 490 1878 536 redar-

325 580 472 622 guere,
508 579 586 623 pro
617 578 665 610 eo
697 564 876 621 scilicet,
907 565 1019 622 quod
1046 566 1144 622 tibi,
1174 569 1223 610 ut
1252 566 1427 623 asseris,
1463 567 1628 612 nudas
1663 567 1876 614 litteras

324 643 648 699 transmisimus,
666 645 709 686 et
728 642 928 687 domnum
940 641 1329 700 Bavenbergensem
1348 644 1604 702 episcopum,
1624 645 1763 690 virum
1775 658 1876 704 pru-

325 722 493 766 dentem
523 723 648 778 atquc
668 723 941 777 constantem,
973 720 1028 765 ad
1046 720 1297 777 legationem
1319 721 1480 765 domini
1497 723 1633 767 nostri
1650 722 1762 780 regis
1779 736 1877 781 pcr-

324 799 528 855 agendam
557 798 644 842 iam
675 798 919 854 accinctum,
949 798 1268 843 retardavimus.
1315 798 1490 855 Vulgari
1514 800 1735 857 proverbio
1764 800 1878 859 apud

323 891 400 921 nos
430 877 598 932 dicitur,
630 875 740 932 quod
768 875 860 932 tibi,
889 875 989 920 licet
1017 876 1276 933 inconcinne,
1309 890 1331 920 e
1351 877 1478 922 verbo
1500 877 1728 923 transferre
1756 890 1876 923 cura-

322 955 481 999 bimus:
521 955 638 998 Male
676 955 825 997 audire
848 954 967 1011 facit
1003 955 1112 998 male
1145 955 1394 1012 intelliqere,
1433 964 1472 1000 ec
1505 956 1616 1000 male
1649 956 1877 1015 intelligere

308 1033 427 1088 facit
457 1047 610 1075 errare.

443 1108 659 1166 Siquidem
689 1109 880 1153 dominus
910 1111 1054 1152 noster
1083 1122 1172 1165 rex,
1202 1112 1397 1167 presente
1428 1112 1470 1154 et
1497 1113 1704 1156 annuente
1722 1110 1876 1156 domno

321 1186 686 1243 Bavembergensi,
708 1187 771 1230 ita
789 1186 1069 1230 instrumenta
1087 1186 1287 1242 legationi
1307 1187 1544 1231 necessaria
1562 1187 1784 1246 ordinavit,
1813 1192 1875 1246 ut,

321 1268 543 1324 postquam
575 1278 602 1308 a
629 1264 750 1308 nobis
785 1263 1006 1320 diligenter
1042 1264 1229 1321 perfecta
1262 1264 1463 1321 fuissent,
1499 1264 1700 1310 Anselmo
1735 1265 1875 1311 villico

322 1343 512 1400 Aquensi
531 1341 929 1397 transmitterentur,
959 1341 1208 1399 perferenda
1232 1355 1309 1399 per
1327 1342 1469 1399 ipsum
1486 1356 1620 1400 usque
1640 1343 1696 1387 ad
1713 1342 1876 1389 Bavcn·

322 1421 580 1476 bergensem.
628 1419 747 1472 Quod
775 1432 852 1463 nos
883 1431 977 1462 cum
1006 1419 1194 1463 maxima
1213 1422 1256 1463 et
1274 1419 1450 1463 instanti
1470 1419 1751 1466 sollicitudine
1778 1434 1877 1480 per-

320 1497 444 1542 ficere
474 1497 723 1541 studuimus.
769 1496 879 1540 Nam
909 1496 978 1540 die
1009 1496 1154 1553 quinta
1182 1500 1280 1554 post
1309 1497 1470 1541 exitum
1487 1500 1675 1542 vestrm
1691 1498 1723 1543 a
1739 1499 1875 1556 nobis,

320 1575 579 1633 Aquisgrani
607 1574 798 1619 dedimus
835 1587 966 1632 puero
996 1577 1140 1618 nostro
1172 1572 1334 1618 Godino
1368 1575 1663 1632 perferendum
1691 1575 1877 1632 sigillum

321 1656 566 1710 argenteum
594 1653 848 1710 perfectum,
884 1665 940 1696 ne
970 1651 1163 1695 videlicet
1197 1651 1271 1696 illo
1300 1652 1459 1696 novitio
1497 1655 1541 1696 ct
1566 1665 1653 1697 non
1679 1666 1876 1712 perman·

321 1745 419 1776 suro
457 1745 526 1775 res
556 1730 676 1786 regni
714 1729 871 1774 diutius
901 1729 1258 1785 consignarentur.
1378 1729 1443 1774 De
1471 1730 1624 1775 nudis
1652 1744 1753 1776 vero
1781 1730 1875 1776 lit-

319 1809 473 1865 teris,
511 1822 613 1866 quas
651 1821 747 1852 cum
784 1807 930 1852 eodem
966 1806 1104 1862 sigillo
1138 1807 1350 1863 misimus,
1387 1807 1563 1852 lectores
1593 1810 1637 1852 et
1663 1807 1875 1854 auditores

319 1886 577 1942 iudicabunt,
613 1889 756 1930 utrum
786 1884 1008 1943 splendore
1038 1885 1339 1929 sententiarum
1370 1888 1413 1930 et
1441 1885 1698 1930 ornamentis
1726 1886 1875 1931 verbo·

319 1979 415 2008 rum
443 1978 616 2023 prorsus
645 1963 782 2008 nudae
813 1963 911 2006 sint.
957 1961 1069 2014 Quas
1099 1975 1176 2006 nos
1205 1965 1347 2007 tamen
1378 1976 1430 2007 cx
1458 1963 1575 2020 regio
1604 1961 1802 2009 mandato
1830 1967 1876 2009 et

319 2057 396 2100 pro
428 2042 721 2100 episcoporum
749 2040 957 2098 precibus,
987 2053 1074 2083 non
1103 2040 1158 2084 ad
1187 2040 1420 2084 doctrinam
1449 2044 1653 2097 vestram,
1689 2044 1755 2086 set
1781 2044 1875 2086 tan-

321 2133 447 2178 quam
477 2120 668 2178 picturae
696 2121 862 2163 vestrae
892 2117 1071 2175 quedam
1096 2117 1344 2162 liniamenta
1362 2121 1537 2176 propter
1564 2119 1769 2163 materiae
1795 2130 1873 2163 no-

320 2198 495 2242 vitatem
522 2197 657 2242 coacti
676 2196 996 2251 substravimuS,
1028 2198 1071 2240 et
1098 2195 1217 2240 vobis
1248 2196 1303 2240 ad
1320 2196 1521 2241 noticiam
1538 2209 1681 2241 rerum
1708 2208 1874 2241 conser-

320 2275 501 2320 vandam
531 2274 824 2319 custodiendas
853 2272 1176 2318 transmisimus.

437 2352 614 2398 Decima
641 2352 910 2409 postmodum
940 2352 1022 2409 die,
1051 2352 1131 2396 hoc
1160 2354 1224 2396 est
1251 2351 1298 2395 in
1326 2364 1430 2395 cena
1458 2350 1650 2407 Domini,
1688 2350 1875 2409 perfecta

321 2434 419 2475 sunt
446 2430 702 2475 ferramenta
731 2430 786 2473 ad
815 2430 1060 2474 bullandum
1091 2429 1142 2474 de
1172 2442 1295 2484 auro;
1333 2442 1439 2486 quae
1468 2427 1587 2472 vobis
1617 2442 1694 2486 per
1722 2441 1873 2487 prepo-

321 2510 450 2554 situm
487 2507 539 2552 de
568 2506 717 2551 Marna
754 2508 830 2551 sub
869 2507 1082 2552 celeritate
1118 2506 1440 2551 transmisimus.
1485 2505 1648 2550 Eadem
1675 2519 1776 2550 vcro
1806 2505 1874 2552 die

320 2587 512 2631 misimus
532 2584 721 2642 Aquensi
748 2584 888 2629 villico
910 2585 1095 2641 sigillum
1115 2588 1347 2641 stagneum,
1378 2583 1599 2640 diligenter
1629 2596 1873 2641 expressum

322 2664 376 2708 ad
404 2664 583 2708 formam
613 2663 813 2718 argentei,
845 2666 887 2706 et
907 2663 1010 2707 duas
1031 2662 1166 2707 bullas
1187 2675 1334 2706 aureas
1363 2661 1583 2719 perfectas,
1615 2673 1710 2704 cum
1739 2660 1873 2704 omni-

321 2742 398 2786 bus
428 2740 582 2785 litteris
613 2742 656 2784 et
684 2738 1017 2796 salutationibus,
1054 2754 1161 2797 quae
1190 2740 1342 2784 domno
1370 2737 1720 2794 Bavembergensi
1749 2751 1872 2796 opor-

418 2857 445 2878 a.
471 2846 670 2887 philosopyca
691 2858 717 2877 c.
799 2846 829 2876 b.
857 2847 992 2877 sensoria
1013 2858 1040 2878 c.

417 2906 450 2941 1.
475 2903 530 2942 cf.
548 2905 609 2941 1²0.
625 2904 682 2950 57,
699 2904 734 2941 2.
