<?xml version="1.0" encoding="UTF-8"?>
<!DOCTYPE html PUBLIC "-//W3C//DTD XHTML 1.0 Transitional//EN"
    "http://www.w3.org/TR/xhtml1/DTD/xhtml1-transitional.dtd">
<html xmlns="http://www.w3.org/1999/xhtml" xml:lang="en" lang="en">
 <head>
  <title>
</title>
<meta http-equiv="Content-Type" content="text/html;charset=utf-8" />
  <meta name='ocr-system' content='tesseract 3.04.00' />
  <meta name='ocr-capabilities' content='ocr_page ocr_carea ocr_par ocr_line ocrx_word'/>
</head>
<body>
  <div class='ocr_page' id='page_1' title='image "bibliothecarerum01wattuoft_0306.png"; bbox 0 0 1924 3288; ppageno 0'>
   <div class='ocr_carea' id='block_1_1' title="bbox 316 210 1423 256">
    <p class='ocr_par' dir='ltr' id='par_1_1' title="bbox 316 210 1423 256">
     <span class='ocr_line' id='line_1_1' title="bbox 316 210 1423 256; baseline 0 -2"><span class='ocrx_word' id='word_1_1' title='bbox 316 210 401 254; x_wconf 84' lang='lat'>288</span> <span class='ocrx_word' id='word_1_2' title='bbox 758 224 956 255; x_wconf 73' lang='lat' dir='ltr'>wmALm</span> <span class='ocrx_word' id='word_1_3' title='bbox 984 223 1231 256; x_wconf 70' lang='lat' dir='ltr'>nrrsronffl</span> <span class='ocrx_word' id='word_1_4' title='bbox 1258 225 1328 256; x_wconf 80' lang='lat'>16⁷.</span> <span class='ocrx_word' id='word_1_5' title='bbox 1354 225 1423 256; x_wconf 83' lang='lat'>168.</span> 
     </span>
    </p>
   </div>
   <div class='ocr_carea' id='block_1_2' title="bbox 198 314 1892 1617">
    <p class='ocr_par' dir='ltr' id='par_1_2' title="bbox 198 314 1892 1617">
     <span class='ocr_line' id='line_1_2' title="bbox 198 314 1866 376; baseline 0.002 -16"><span class='ocrx_word' id='word_1_6' title='bbox 198 319 289 356; x_wconf 86' lang='lat'>1149</span> <span class='ocrx_word' id='word_1_7' title='bbox 313 317 530 361; x_wconf 90' lang='lat' dir='ltr'>iocundius</span> <span class='ocrx_word' id='word_1_8' title='bbox 562 317 615 361; x_wconf 86' lang='lat' dir='ltr'>ad</span> <span class='ocrx_word' id='word_1_9' title='bbox 643 321 686 361; x_wconf 91' lang='lat' dir='ltr'>te</span> <span class='ocrx_word' id='word_1_10' title='bbox 717 318 873 375; x_wconf 88' lang='lat' dir='ltr'>scripta</span> <span class='ocrx_word' id='word_1_11' title='bbox 893 322 1002 362; x_wconf 87' lang='lat' dir='ltr'>sunt.</span> <span class='ocrx_word' id='word_1_12' title='bbox 1043 318 1137 363; x_wconf 89' lang='lat' dir='ltr'>Non</span> <span class='ocrx_word' id='word_1_13' title='bbox 1164 319 1293 363; x_wconf 90' lang='lat' dir='ltr'>timeo</span> <span class='ocrx_word' id='word_1_14' title='bbox 1312 314 1662 376; x_wconf 51' lang='lat' dir='ltr'>reprehensores,</span> <span class='ocrx_word' id='word_1_15' title='bbox 1676 319 1779 376; x_wconf 74' lang='lat' dir='ltr'>quia</span> <span class='ocrx_word' id='word_1_16' title='bbox 1794 330 1866 364; x_wconf 75' lang='lat' dir='ltr'>oa·-</span> 
     </span>
     <span class='ocr_line' id='line_1_3' title="bbox 313 393 1833 453; baseline 0.002 -15"><span class='ocrx_word' id='word_1_17' title='bbox 313 394 416 438; x_wconf 84' lang='lat' dir='ltr'>ritas</span> <span class='ocrx_word' id='word_1_18' title='bbox 446 395 627 450; x_wconf 87' lang='lat' dir='ltr'>benigna</span> <span class='ocrx_word' id='word_1_19' title='bbox 656 398 733 451; x_wconf 91' lang='lat' dir='ltr'>est,</span> <span class='ocrx_word' id='word_1_20' title='bbox 764 396 934 453; x_wconf 79' lang='lat' dir='ltr'><strong>paciens</strong></span> <span class='ocrx_word' id='word_1_21' title='bbox 965 399 1040 453; x_wconf 73' lang='lat' dir='ltr'>est,</span> <span class='ocrx_word' id='word_1_22' title='bbox 1071 397 1212 440; x_wconf 92' lang='lat' dir='ltr'>omnia</span> <span class='ocrx_word' id='word_1_23' title='bbox 1241 396 1386 452; x_wconf 80' lang='lat' dir='ltr'>credit,</span> <span class='ocrx_word' id='word_1_24' title='bbox 1419 397 1560 440; x_wconf 89' lang='lat' dir='ltr'>omnia</span> <span class='ocrx_word' id='word_1_25' title='bbox 1587 393 1803 441; x_wconf 53' lang='lat' dir='ltr'>nuntiasti.</span> <span class='ocrx_word' id='word_1_26' title='bbox 1817 418 1833 434; x_wconf 84' lang='lat'>&gt;-</span> 
     </span>
     <span class='ocr_line' id='line_1_4' title="bbox 431 472 1865 531; baseline 0.002 -16"><span class='ocrx_word' id='word_1_27' title='bbox 431 472 570 516; x_wconf 85' lang='lat' dir='ltr'>Habui</span> <span class='ocrx_word' id='word_1_28' title='bbox 598 472 643 515; x_wconf 92' lang='lat' dir='ltr'>in</span> <span class='ocrx_word' id='word_1_29' title='bbox 672 473 888 528; x_wconf 82' lang='lat' dir='ltr'>memoria,</span> <span class='ocrx_word' id='word_1_30' title='bbox 921 473 1022 516; x_wconf 92' lang='lat' dir='ltr'>dum</span> <span class='ocrx_word' id='word_1_31' title='bbox 1044 474 1146 518; x_wconf 90' lang='lat' dir='ltr'>haec</span> <span class='ocrx_word' id='word_1_32' title='bbox 1167 474 1406 529; x_wconf 80' lang='lat' dir='ltr'>scriberem,</span> <span class='ocrx_word' id='word_1_33' title='bbox 1437 473 1650 531; x_wconf 79' lang='lat' dir='ltr'><strong>quiddam,</strong></span> <span class='ocrx_word' id='word_1_34' title='bbox 1680 473 1792 531; x_wconf 79' lang='lat' dir='ltr'>qnod</span> <span class='ocrx_word' id='word_1_35' title='bbox 1818 473 1865 517; x_wconf 83' lang='lat' dir='ltr'>in</span> 
     </span>
     <span class='ocr_line' id='line_1_5' title="bbox 311 549 1865 608; baseline 0.002 -15"><span class='ocrx_word' id='word_1_36' title='bbox 311 549 430 594; x_wconf 90' lang='lat' dir='ltr'>libris</span> <span class='ocrx_word' id='word_1_37' title='bbox 462 563 619 606; x_wconf 85' lang='lat' dir='ltr'>eorum,</span> <span class='ocrx_word' id='word_1_38' title='bbox 652 550 724 607; x_wconf 91' lang='lat' dir='ltr'>qui</span> <span class='ocrx_word' id='word_1_39' title='bbox 752 550 864 594; x_wconf 86' lang='lat' dir='ltr'>facta</span> <span class='ocrx_word' id='word_1_40' title='bbox 882 550 950 595; x_wconf 91' lang='lat' dir='ltr'>vel</span> <span class='ocrx_word' id='word_1_41' title='bbox 980 551 1092 596; x_wconf 90' lang='lat' dir='ltr'>dicta</span> <span class='ocrx_word' id='word_1_42' title='bbox 1112 551 1402 596; x_wconf 87' lang='lat' dir='ltr'>memorabilia</span> <span class='ocrx_word' id='word_1_43' title='bbox 1420 550 1865 608; x_wconf 54' lang='lat' dir='ltr'>conscripseramus-</span> 
     </span>
     <span class='ocr_line' id='line_1_6' title="bbox 311 627 1865 686; baseline 0.001 -15"><span class='ocrx_word' id='word_1_44' title='bbox 311 628 488 672; x_wconf 85' lang='lat' dir='ltr'>venitur.</span> <span class='ocrx_word' id='word_1_45' title='bbox 535 627 726 683; x_wconf 86' lang='lat' dir='ltr'>Augusto</span> <span class='ocrx_word' id='word_1_46' title='bbox 757 627 901 672; x_wconf 88' lang='lat' dir='ltr'>Cesari</span> <span class='ocrx_word' id='word_1_47' title='bbox 936 629 1177 686; x_wconf 78' lang='lat' dir='ltr'>procedenti</span> <span class='ocrx_word' id='word_1_48' title='bbox 1215 643 1238 673; x_wconf 92' lang='lat' dir='ltr'>e</span> <span class='ocrx_word' id='word_1_49' title='bbox 1274 628 1431 686; x_wconf 89' lang='lat' dir='ltr'>palatio</span> <span class='ocrx_word' id='word_1_50' title='bbox 1461 627 1664 673; x_wconf 87' lang='lat' dir='ltr'>Greculus</span> <span class='ocrx_word' id='word_1_51' title='bbox 1692 627 1865 686; x_wconf 72' lang='lat' dir='ltr'>quidm</span> 
     </span>
     <span class='ocr_line' id='line_1_7' title="bbox 311 705 1866 764; baseline 0.001 -16"><span class='ocrx_word' id='word_1_52' title='bbox 311 706 549 762; x_wconf 82' lang='lat' dir='ltr'>importune</span> <span class='ocrx_word' id='word_1_53' title='bbox 580 705 739 749; x_wconf 77' lang='lat' dir='ltr'>solebat</span> <span class='ocrx_word' id='word_1_54' title='bbox 769 713 1019 762; x_wconf 85' lang='lat' dir='ltr'>occurrere·,</span> <span class='ocrx_word' id='word_1_55' title='bbox 1049 707 1267 763; x_wconf 84' lang='lat' dir='ltr'>porrigens</span> <span class='ocrx_word' id='word_1_56' title='bbox 1298 707 1338 750; x_wconf 91' lang='lat' dir='ltr'>ei</span> <span class='ocrx_word' id='word_1_57' title='bbox 1357 706 1529 750; x_wconf 92' lang='lat' dir='ltr'>laudum</span> <span class='ocrx_word' id='word_1_58' title='bbox 1547 718 1719 750; x_wconf 86' lang='lat' dir='ltr'>suarum</span> <span class='ocrx_word' id='word_1_59' title='bbox 1737 716 1866 764; x_wconf 61' lang='lat' dir='ltr'>quac-g</span> 
     </span>
     <span class='ocr_line' id='line_1_8' title="bbox 311 782 1892 844; baseline 0.001 -18"><span class='ocrx_word' id='word_1_60' title='bbox 311 783 409 826; x_wconf 92' lang='lat' dir='ltr'>dam</span> <span class='ocrx_word' id='word_1_61' title='bbox 445 783 716 844; x_wconf 46' lang='lat' dir='ltr'>epigramata.</span> <span class='ocrx_word' id='word_1_62' title='bbox 779 782 969 827; x_wconf 81' lang='lat' dir='ltr'>Offensus</span> <span class='ocrx_word' id='word_1_63' title='bbox 1005 784 1234 841; x_wconf 91' lang='lat' dir='ltr'>imperator</span> <span class='ocrx_word' id='word_1_64' title='bbox 1270 784 1452 828; x_wconf 89' lang='lat' dir='ltr'>hominis</span> <span class='ocrx_word' id='word_1_65' title='bbox 1482 784 1690 842; x_wconf 78' lang='lat' dir='ltr'>frequenti</span> <span class='ocrx_word' id='word_1_66' title='bbox 1720 782 1864 828; x_wconf 62' lang='lat' dir='ltr'>adult-</span> <span class='ocrx_word' id='word_1_67' title='bbox 1890 788 1892 790; x_wconf 79' lang='grc'>’</span> 
     </span>
     <span class='ocr_line' id='line_1_9' title="bbox 310 860 1862 918; baseline 0.001 -14"><span class='ocrx_word' id='word_1_68' title='bbox 310 861 424 904; x_wconf 88' lang='grc'><strong>110110</strong></span> <span class='ocrx_word' id='word_1_69' title='bbox 455 864 498 904; x_wconf 88' lang='grc'>01</span> <span class='ocrx_word' id='word_1_70' title='bbox 526 860 833 918; x_wconf 87' lang='lat' dir='ltr'>intempestiva,</span> <span class='ocrx_word' id='word_1_71' title='bbox 863 864 912 905; x_wconf 91' lang='lat' dir='ltr'>ut</span> <span class='ocrx_word' id='word_1_72' title='bbox 941 865 1031 905; x_wconf 90' lang='lat' dir='ltr'>erat</span> <span class='ocrx_word' id='word_1_73' title='bbox 1059 861 1294 905; x_wconf 89' lang='lat' dir='ltr'>litterarum</span> <span class='ocrx_word' id='word_1_74' title='bbox 1315 865 1476 905; x_wconf 91' lang='lat' dir='ltr'>amator</span> <span class='ocrx_word' id='word_1_75' title='bbox 1495 864 1538 906; x_wconf 91' lang='lat' dir='ltr'>et</span> <span class='ocrx_word' id='word_1_76' title='bbox 1556 860 1689 906; x_wconf 76' lang='lat' dir='ltr'>Greoc</span> <span class='ocrx_word' id='word_1_77' title='bbox 1712 861 1862 917; x_wconf 68' lang='lat' dir='ltr'>scium,</span> 
     </span>
     <span class='ocr_line' id='line_1_10' title="bbox 311 937 1863 996; baseline 0 -14"><span class='ocrx_word' id='word_1_78' title='bbox 311 938 534 995; x_wconf 88' lang='lat' dir='ltr'>aliquando</span> <span class='ocrx_word' id='word_1_79' title='bbox 565 939 756 996; x_wconf 82' lang='lat' dir='ltr'>prevenit</span> <span class='ocrx_word' id='word_1_80' title='bbox 775 937 968 994; x_wconf 88' lang='lat' dir='ltr'>Grecum,</span> <span class='ocrx_word' id='word_1_81' title='bbox 1001 942 1042 982; x_wconf 90' lang='lat' dir='ltr'>ct</span> <span class='ocrx_word' id='word_1_82' title='bbox 1072 939 1343 996; x_wconf 82' lang='lat' dir='ltr'>epigramma,</span> <span class='ocrx_word' id='word_1_83' title='bbox 1375 939 1486 995; x_wconf 91' lang='lat' dir='ltr'>quod</span> <span class='ocrx_word' id='word_1_84' title='bbox 1508 939 1602 996; x_wconf 86' lang='lat' dir='ltr'>ipse</span> <span class='ocrx_word' id='word_1_85' title='bbox 1630 937 1863 983; x_wconf 79' lang='lat' dir='ltr'>inlaudsm</span> 
     </span>
     <span class='ocr_line' id='line_1_11' title="bbox 311 1003 1862 1074; baseline 0 -14"><span class='ocrx_word' id='word_1_86' title='bbox 311 1015 400 1060; x_wconf 91' lang='lat' dir='ltr'>eius</span> <span class='ocrx_word' id='word_1_87' title='bbox 421 1016 738 1073; x_wconf 89' lang='lat' dir='ltr'>conscripserat,</span> <span class='ocrx_word' id='word_1_88' title='bbox 771 1016 824 1059; x_wconf 90' lang='lat' dir='ltr'>ad</span> <span class='ocrx_word' id='word_1_89' title='bbox 843 1015 1065 1071; x_wconf 88' lang='lat' dir='ltr'>legendum</span> <span class='ocrx_word' id='word_1_90' title='bbox 1084 1016 1168 1073; x_wconf 88' lang='lat' dir='ltr'>ipsi</span> <span class='ocrx_word' id='word_1_91' title='bbox 1187 1017 1388 1074; x_wconf 81' lang='lat' dir='ltr'>porrexit.</span> <span class='ocrx_word' id='word_1_92' title='bbox 1435 1016 1525 1068; x_wconf 86' lang='lat' dir='ltr'>Quo</span> <span class='ocrx_word' id='word_1_93' title='bbox 1546 1003 1734 1072; x_wconf 87' lang='lat' dir='ltr'>decurso,</span> <span class='ocrx_word' id='word_1_94' title='bbox 1758 1013 1862 1060; x_wconf 81' lang='lat' dir='ltr'>Gre-</span> 
     </span>
     <span class='ocr_line' id='line_1_12' title="bbox 310 1093 1864 1153; baseline 0.001 -16"><span class='ocrx_word' id='word_1_95' title='bbox 310 1106 382 1137; x_wconf 89' lang='lat' dir='ltr'>cus</span> <span class='ocrx_word' id='word_1_96' title='bbox 414 1093 639 1150; x_wconf 86' lang='lat' dir='ltr'>exclamat,</span> <span class='ocrx_word' id='word_1_97' title='bbox 675 1093 890 1149; x_wconf 84' lang='lat' dir='ltr'>ingenium</span> <span class='ocrx_word' id='word_1_98' title='bbox 920 1093 1095 1137; x_wconf 63' lang='lat' dir='ltr'>domini&gt;</span> <span class='ocrx_word' id='word_1_99' title='bbox 1114 1093 1307 1138; x_wconf 88' lang='lat' dir='ltr'>laudibus</span> <span class='ocrx_word' id='word_1_100' title='bbox 1345 1093 1485 1149; x_wconf 86' lang='lat' dir='ltr'>effert,</span> <span class='ocrx_word' id='word_1_101' title='bbox 1526 1093 1790 1153; x_wconf 82' lang='lat' dir='ltr'>demissaque</span> <span class='ocrx_word' id='word_1_102' title='bbox 1808 1093 1864 1137; x_wconf 15' lang='lat' dir='ltr'>rin</span> 
     </span>
     <span class='ocr_line' id='line_1_13' title="bbox 309 1170 1863 1228; baseline 0.001 -14"><span class='ocrx_word' id='word_1_103' title='bbox 309 1185 455 1228; x_wconf 91' lang='lat' dir='ltr'>peram</span> <span class='ocrx_word' id='word_1_104' title='bbox 484 1185 625 1227; x_wconf 86' lang='lat' dir='ltr'>manu,</span> <span class='ocrx_word' id='word_1_105' title='bbox 656 1185 804 1227; x_wconf 83' lang='lat' dir='ltr'>assem,</span> <span class='ocrx_word' id='word_1_106' title='bbox 837 1185 961 1227; x_wconf 91' lang='lat' dir='ltr'>quem</span> <span class='ocrx_word' id='word_1_107' title='bbox 991 1171 1126 1214; x_wconf 88' lang='lat' dir='ltr'>solum</span> <span class='ocrx_word' id='word_1_108' title='bbox 1151 1171 1344 1227; x_wconf 89' lang='lat' dir='ltr'>habebat,</span> <span class='ocrx_word' id='word_1_109' title='bbox 1375 1171 1493 1215; x_wconf 75' lang='lat' dir='ltr'>tulitz</span> <span class='ocrx_word' id='word_1_110' title='bbox 1530 1171 1640 1215; x_wconf 73' lang='lat' dir='ltr'>Tene</span> <span class='ocrx_word' id='word_1_111' title='bbox 1667 1170 1863 1228; x_wconf 71' lang='lat' dir='ltr'>inquiens</span> 
     </span>
     <span class='ocr_line' id='line_1_14' title="bbox 308 1249 1861 1307; baseline 0 -15"><span class='ocrx_word' id='word_1_112' title='bbox 308 1252 555 1307; x_wconf 77' lang='lat' dir='ltr'>imperator,</span> <span class='ocrx_word' id='word_1_113' title='bbox 593 1264 678 1292; x_wconf 75' lang='lat' dir='ltr'>non</span> <span class='ocrx_word' id='word_1_114' title='bbox 711 1251 936 1292; x_wconf 70' lang='lat' dir='ltr'>secundum</span> <span class='ocrx_word' id='word_1_115' title='bbox 972 1258 1087 1292; x_wconf 75' lang='lat' dir='ltr'>tuam</span> <span class='ocrx_word' id='word_1_116' title='bbox 1123 1258 1183 1293; x_wconf 73' lang='lat' dir='ltr'>cet</span> <span class='ocrx_word' id='word_1_117' title='bbox 1217 1251 1604 1293; x_wconf 72' lang='lat' dir='ltr'>secundummeam</span> <span class='ocrx_word' id='word_1_118' title='bbox 1620 1249 1861 1306; x_wconf 59' lang='lat' dir='ltr'>smum</span> 
     </span>
     <span class='ocr_line' id='line_1_15' title="bbox 309 1326 1862 1383; baseline 0 -13"><span class='ocrx_word' id='word_1_119' title='bbox 309 1326 400 1378; x_wconf 87' lang='lat' dir='ltr'>Qua</span> <span class='ocrx_word' id='word_1_120' title='bbox 418 1326 678 1371; x_wconf 85' lang='lat' dir='ltr'>volubilitate</span> <span class='ocrx_word' id='word_1_121' title='bbox 697 1326 855 1381; x_wconf 87' lang='lat' dir='ltr'>ingenii</span> <span class='ocrx_word' id='word_1_122' title='bbox 876 1326 1130 1370; x_wconf 81' lang='lat' dir='ltr'>exhilaratus</span> <span class='ocrx_word' id='word_1_123' title='bbox 1151 1327 1359 1383; x_wconf 90' lang='lat' dir='ltr'>princeps,</span> <span class='ocrx_word' id='word_1_124' title='bbox 1380 1326 1553 1382; x_wconf 86' lang='lat' dir='ltr'>largiori</span> <span class='ocrx_word' id='word_1_125' title='bbox 1573 1339 1671 1370; x_wconf 87' lang='lat' dir='ltr'>eum</span> <span class='ocrx_word' id='word_1_126' title='bbox 1687 1338 1862 1370; x_wconf 80' lang='lat' dir='ltr'>munere</span> 
     </span>
     <span class='ocr_line' id='line_1_16' title="bbox 308 1401 1861 1461; baseline 0 -14"><span class='ocrx_word' id='word_1_127' title='bbox 308 1404 458 1448; x_wconf 90' lang='lat' dir='ltr'>ditavit</span> <span class='ocrx_word' id='word_1_128' title='bbox 466 1401 493 1447; x_wconf 83' lang='lat'>².</span> <span class='ocrx_word' id='word_1_129' title='bbox 576 1404 666 1459; x_wconf 89' lang='lat' dir='ltr'>Ego</span> <span class='ocrx_word' id='word_1_130' title='bbox 689 1404 927 1461; x_wconf 86' lang='lat' dir='ltr'>exemplum</span> <span class='ocrx_word' id='word_1_131' title='bbox 948 1418 1137 1461; x_wconf 89' lang='lat' dir='ltr'>sequens,</span> <span class='ocrx_word' id='word_1_132' title='bbox 1158 1418 1236 1461; x_wconf 92' lang='lat' dir='ltr'>pro</span> <span class='ocrx_word' id='word_1_133' title='bbox 1258 1403 1366 1448; x_wconf 89' lang='lat' dir='ltr'>binis</span> <span class='ocrx_word' id='word_1_134' title='bbox 1386 1403 1675 1448; x_wconf 87' lang='lat' dir='ltr'>laudationum</span> <span class='ocrx_word' id='word_1_135' title='bbox 1691 1406 1861 1447; x_wconf 75' lang='lat' dir='ltr'>tuarum</span> 
     </span>
     <span class='ocr_line' id='line_1_17' title="bbox 307 1478 1861 1539; baseline -0.001 -14"><span class='ocrx_word' id='word_1_136' title='bbox 307 1478 509 1526; x_wconf 81' lang='lat' dir='ltr'>scedulis⁸</span> <span class='ocrx_word' id='word_1_137' title='bbox 538 1481 707 1539; x_wconf 88' lang='lat' dir='ltr'>plenam</span> <span class='ocrx_word' id='word_1_138' title='bbox 738 1482 957 1538; x_wconf 88' lang='lat' dir='ltr'>epistolam</span> <span class='ocrx_word' id='word_1_139' title='bbox 994 1482 1073 1526; x_wconf 90' lang='lat' dir='ltr'>tibi</span> <span class='ocrx_word' id='word_1_140' title='bbox 1102 1482 1293 1536; x_wconf 89' lang='lat' dir='ltr'>remitto,</span> <span class='ocrx_word' id='word_1_141' title='bbox 1331 1481 1442 1525; x_wconf 85' lang='lat' dir='ltr'>inter</span> <span class='ocrx_word' id='word_1_142' title='bbox 1481 1494 1602 1525; x_wconf 90' lang='lat' dir='ltr'>curas</span> <span class='ocrx_word' id='word_1_143' title='bbox 1639 1483 1682 1525; x_wconf 87' lang='lat' dir='ltr'>et</span> <span class='ocrx_word' id='word_1_144' title='bbox 1716 1479 1861 1524; x_wconf 80' lang='lat' dir='ltr'>multi·-</span> 
     </span>
     <span class='ocr_line' id='line_1_18' title="bbox 306 1557 1676 1617; baseline -0.001 -14"><span class='ocrx_word' id='word_1_145' title='bbox 306 1559 436 1617; x_wconf 87' lang='lat' dir='ltr'>plices</span> <span class='ocrx_word' id='word_1_146' title='bbox 465 1558 630 1603; x_wconf 86' lang='lat' dir='ltr'>labores</span> <span class='ocrx_word' id='word_1_147' title='bbox 662 1559 840 1603; x_wconf 89' lang='lat' dir='ltr'>duarum</span> <span class='ocrx_word' id='word_1_148' title='bbox 869 1560 1055 1603; x_wconf 90' lang='lat' dir='ltr'>noctium</span> <span class='ocrx_word' id='word_1_149' title='bbox 1084 1558 1460 1615; x_wconf 86' lang='lat' dir='ltr'>lugubratiunculis</span> <span class='ocrx_word' id='word_1_150' title='bbox 1491 1557 1676 1602; x_wconf 88' lang='lat' dir='ltr'>effusam.</span> 
     </span>
    </p>
   </div>
   <div class='ocr_carea' id='block_1_3' title="bbox 941 1672 1224 1679">
    <p class='ocr_par' dir='ltr' id='par_1_3' title="bbox 941 1672 1224 1679">
     <span class='ocr_line' id='line_1_19' title="bbox 941 1672 1224 1679; baseline 0 0"><span class='ocrx_word' id='word_1_151' title='bbox 941 1672 1224 1679; x_wconf 95' lang='lat' dir='ltr'> </span> 
     </span>
    </p>
   </div>
   <div class='ocr_carea' id='block_1_4' title="bbox 312 1743 1858 1808">
    <p class='ocr_par' dir='ltr' id='par_1_4' title="bbox 312 1743 1858 1808">
     <span class='ocr_line' id='line_1_20' title="bbox 312 1743 1858 1808; baseline -0.003 -13"><span class='ocrx_word' id='word_1_152' title='bbox 312 1748 425 1795; x_wconf 86' lang='grc'><strong>168.</strong></span> <span class='ocrx_word' id='word_1_153' title='bbox 457 1750 667 1794; x_wconf 75' lang='lat' dir='ltr'>Wbaldus</span> <span class='ocrx_word' id='word_1_154' title='bbox 688 1751 739 1793; x_wconf 90' lang='grc' dir='ltr'>Β.</span> <span class='ocrx_word' id='word_1_155' title='bbox 752 1749 872 1808; x_wconf 82' lang='lat' dir='ltr'>facto</span> <span class='ocrx_word' id='word_1_156' title='bbox 903 1751 1042 1793; x_wconf 77' lang='lat' dir='ltr'>abbati</span> <span class='ocrx_word' id='word_1_157' title='bbox 1073 1749 1117 1792; x_wconf 85' lang='lat' dir='ltr'>S.</span> <span class='ocrx_word' id='word_1_158' title='bbox 1141 1750 1355 1793; x_wconf 73' lang='lat' dir='ltr'>Michaelis</span> <span class='ocrx_word' id='word_1_159' title='bbox 1374 1750 1618 1807; x_wconf 71' lang='lat' dir='ltr'>yramlatwr.</span> <span class='ocrx_word' id='word_1_160' title='bbox 1650 1745 1722 1802; x_wconf 83' lang='lat' dir='ltr'>(M.</span> <span class='ocrx_word' id='word_1_161' title='bbox 1744 1743 1858 1802; x_wconf 83' lang='lat'>15&#39;1.)</span> 
     </span>
    </p>
   </div>
   <div class='ocr_carea' id='block_1_5' title="bbox 190 1842 1882 2755">
    <p class='ocr_par' dir='ltr' id='par_1_5' title="bbox 190 1842 1882 2056">
     <span class='ocr_line' id='line_1_21' title="bbox 190 1842 1882 1901; baseline 0.002 -17"><span class='ocrx_word' id='word_1_162' title='bbox 190 1848 281 1884; x_wconf 88' lang='lat'>1149</span> <span class='ocrx_word' id='word_1_163' title='bbox 423 1844 663 1888; x_wconf 90' lang='lat' dir='ltr'>Reverendo</span> <span class='ocrx_word' id='word_1_164' title='bbox 683 1844 795 1901; x_wconf 91' lang='lat' dir='ltr'>patri</span> <span class='ocrx_word' id='word_1_165' title='bbox 809 1842 856 1887; x_wconf 92' lang='lat' dir='ltr'>B.</span> <span class='ocrx_word' id='word_1_166' title='bbox 874 1844 1102 1888; x_wconf 89' lang='lat' dir='ltr'>venerabili</span> <span class='ocrx_word' id='word_1_167' title='bbox 1123 1844 1264 1888; x_wconf 90' lang='lat' dir='ltr'>abbati</span> <span class='ocrx_word' id='word_1_168' title='bbox 1285 1843 1508 1888; x_wconf 85' lang='lat' dir='ltr'>aecclesiae</span> <span class='ocrx_word' id='word_1_169' title='bbox 1528 1844 1662 1888; x_wconf 87' lang='lat' dir='ltr'>sancti</span> <span class='ocrx_word' id='word_1_170' title='bbox 1676 1843 1858 1897; x_wconf 76' lang='lat' dir='ltr'>Michac-</span> <span class='ocrx_word' id='word_1_171' title='bbox 1879 1878 1882 1880; x_wconf 86' lang='lat'>-</span> 
     </span>
     <span class='ocr_line' id='line_1_22' title="bbox 305 1921 1859 1982; baseline 0.001 -16"><span class='ocrx_word' id='word_1_172' title='bbox 305 1922 358 1966; x_wconf 93' lang='lat' dir='ltr'>lis</span> <span class='ocrx_word' id='word_1_173' title='bbox 387 1922 518 1966; x_wconf 85' lang='lat' dir='ltr'>frater</span> <span class='ocrx_word' id='word_1_174' title='bbox 537 1921 787 1976; x_wconf 89' lang='lat' dir='ltr'>W(ibaldus)</span> <span class='ocrx_word' id='word_1_175' title='bbox 818 1921 899 1965; x_wconf 92' lang='lat' dir='ltr'>Dei</span> <span class='ocrx_word' id='word_1_176' title='bbox 927 1922 1064 1977; x_wconf 87' lang='lat' dir='ltr'>gratia</span> <span class='ocrx_word' id='word_1_177' title='bbox 1093 1921 1150 1976; x_wconf 91' lang='lat' dir='ltr'>id,</span> <span class='ocrx_word' id='word_1_178' title='bbox 1182 1921 1294 1978; x_wconf 88' lang='lat' dir='ltr'>quod</span> <span class='ocrx_word' id='word_1_179' title='bbox 1324 1924 1388 1965; x_wconf 89' lang='lat' dir='ltr'>est</span> <span class='ocrx_word' id='word_1_180' title='bbox 1416 1921 1461 1964; x_wconf 91' lang='lat' dir='ltr'>in</span> <span class='ocrx_word' id='word_1_181' title='bbox 1489 1921 1689 1966; x_wconf 88' lang='lat' dir='ltr'>aecclesia</span> <span class='ocrx_word' id='word_1_182' title='bbox 1717 1921 1859 1982; x_wconf 85' lang='lat' dir='ltr'>catho-</span> 
     </span>
     <span class='ocr_line' id='line_1_23' title="bbox 305 1988 1855 2056; baseline -0.001 -13"><span class='ocrx_word' id='word_1_183' title='bbox 305 1999 400 2056; x_wconf 87' lang='lat' dir='ltr'>lica,</span> <span class='ocrx_word' id='word_1_184' title='bbox 432 2000 603 2056; x_wconf 83' lang='lat' dir='ltr'>exiguas</span> <span class='ocrx_word' id='word_1_185' title='bbox 635 1999 843 2043; x_wconf 89' lang='lat' dir='ltr'>orationes</span> <span class='ocrx_word' id='word_1_186' title='bbox 875 2002 917 2043; x_wconf 91' lang='lat' dir='ltr'>et</span> <span class='ocrx_word' id='word_1_187' title='bbox 948 1999 1143 2043; x_wconf 91' lang='lat' dir='ltr'>devotum</span> <span class='ocrx_word' id='word_1_188' title='bbox 1173 1998 1402 2042; x_wconf 90' lang='lat' dir='ltr'>servitium.</span> <span class='ocrx_word' id='word_1_189' title='bbox 1854 1988 1855 1992; x_wconf 30' lang='lat'>¹</span> 
     </span>
    </p>

    <p class='ocr_par' dir='ltr' id='par_1_6' title="bbox 303 2062 1858 2755">
     <span class='ocr_line' id='line_1_24' title="bbox 424 2062 1857 2134; baseline 0 -12"><span class='ocrx_word' id='word_1_190' title='bbox 424 2077 695 2122; x_wconf 87' lang='lat' dir='ltr'>Gratulamur</span> <span class='ocrx_word' id='word_1_191' title='bbox 732 2077 959 2134; x_wconf 89' lang='lat' dir='ltr'>plurimum</span> <span class='ocrx_word' id='word_1_192' title='bbox 999 2080 1041 2120; x_wconf 88' lang='lat' dir='ltr'>et</span> <span class='ocrx_word' id='word_1_193' title='bbox 1078 2075 1300 2120; x_wconf 89' lang='lat' dir='ltr'>aecclesiae</span> <span class='ocrx_word' id='word_1_194' title='bbox 1337 2079 1502 2120; x_wconf 88' lang='lat' dir='ltr'>vestrae</span> <span class='ocrx_word' id='word_1_195' title='bbox 1547 2079 1590 2121; x_wconf 89' lang='grc'>01</span> <span class='ocrx_word' id='word_1_196' title='bbox 1633 2062 1857 2134; x_wconf 58' lang='lat' dir='ltr'>personam</span> 
     </span>
     <span class='ocr_line' id='line_1_25' title="bbox 305 2153 1857 2211; baseline -0.001 -11"><span class='ocrx_word' id='word_1_197' title='bbox 305 2155 548 2211; x_wconf 88' lang='lat' dir='ltr'>aecclesiae,</span> <span class='ocrx_word' id='word_1_198' title='bbox 586 2155 654 2198; x_wconf 91' lang='lat' dir='ltr'>cui</span> <span class='ocrx_word' id='word_1_199' title='bbox 683 2154 797 2198; x_wconf 93' lang='lat' dir='ltr'>Deus</span> <span class='ocrx_word' id='word_1_200' title='bbox 829 2154 1010 2198; x_wconf 90' lang='lat' dir='ltr'>salutare</span> <span class='ocrx_word' id='word_1_201' title='bbox 1040 2153 1290 2211; x_wconf 89' lang='lat' dir='ltr'>provisionis</span> <span class='ocrx_word' id='word_1_202' title='bbox 1326 2153 1640 2198; x_wconf 88' lang='lat' dir='ltr'>amminiculum</span> <span class='ocrx_word' id='word_1_203' title='bbox 1667 2157 1857 2211; x_wconf 73' lang='lat' dir='ltr'>prestare</span> 
     </span>
     <span class='ocr_line' id='line_1_26' title="bbox 305 2230 1858 2289; baseline -0.001 -12"><span class='ocrx_word' id='word_1_204' title='bbox 305 2234 499 2289; x_wconf 88' lang='lat' dir='ltr'>dignatus</span> <span class='ocrx_word' id='word_1_205' title='bbox 531 2235 607 2287; x_wconf 88' lang='lat' dir='ltr'>est,</span> <span class='ocrx_word' id='word_1_206' title='bbox 638 2245 854 2289; x_wconf 80' lang='lat' dir='ltr'>personae,</span> <span class='ocrx_word' id='word_1_207' title='bbox 886 2231 996 2288; x_wconf 90' lang='lat' dir='ltr'>quod</span> <span class='ocrx_word' id='word_1_208' title='bbox 1016 2245 1109 2275; x_wconf 93' lang='lat' dir='ltr'>eam</span> <span class='ocrx_word' id='word_1_209' title='bbox 1135 2230 1418 2288; x_wconf 90' lang='lat' dir='ltr'>preordinatio</span> <span class='ocrx_word' id='word_1_210' title='bbox 1440 2230 1632 2286; x_wconf 83' lang='lat' dir='ltr'>congruis</span> <span class='ocrx_word' id='word_1_211' title='bbox 1652 2230 1858 2289; x_wconf 86' lang='lat' dir='ltr'>honorum</span> 
     </span>
     <span class='ocr_line' id='line_1_27' title="bbox 303 2307 1856 2368; baseline -0.001 -13"><span class='ocrx_word' id='word_1_212' title='bbox 303 2310 568 2368; x_wconf 86' lang='lat' dir='ltr'>provectibus</span> <span class='ocrx_word' id='word_1_213' title='bbox 596 2309 857 2363; x_wconf 84' lang='lat' dir='ltr'>sublimavit3</span> <span class='ocrx_word' id='word_1_214' title='bbox 890 2309 1086 2365; x_wconf 92' lang='lat' dir='ltr'>quoniam</span> <span class='ocrx_word' id='word_1_215' title='bbox 1108 2311 1159 2359; x_wconf 75' lang='lat' dir='ltr'>⁴et</span> <span class='ocrx_word' id='word_1_216' title='bbox 1186 2307 1381 2352; x_wconf 90' lang='lat' dir='ltr'>inhabilis</span> <span class='ocrx_word' id='word_1_217' title='bbox 1411 2321 1592 2365; x_wconf 88' lang='lat' dir='ltr'>persona</span> <span class='ocrx_word' id='word_1_218' title='bbox 1619 2307 1701 2352; x_wconf 91' lang='lat' dir='ltr'>loci</span> <span class='ocrx_word' id='word_1_219' title='bbox 1727 2308 1856 2359; x_wconf 87' lang='lat' dir='ltr'>subli-</span> 
     </span>
     <span class='ocr_line' id='line_1_28' title="bbox 303 2384 1854 2449; baseline -0.001 -17"><span class='ocrx_word' id='word_1_220' title='bbox 303 2389 449 2432; x_wconf 86' lang='lat' dir='ltr'>mitate</span> <span class='ocrx_word' id='word_1_221' title='bbox 487 2387 783 2432; x_wconf 87' lang='lat' dir='ltr'>dehonestatur</span> <span class='ocrx_word' id='word_1_222' title='bbox 820 2390 863 2430; x_wconf 88' lang='lat' dir='ltr'>et</span> <span class='ocrx_word' id='word_1_223' title='bbox 900 2386 1100 2430; x_wconf 88' lang='lat' dir='ltr'>aecclesia</span> <span class='ocrx_word' id='word_1_224' title='bbox 1138 2398 1341 2443; x_wconf 83' lang='lat' dir='ltr'>personae</span> <span class='ocrx_word' id='word_1_225' title='bbox 1377 2384 1613 2430; x_wconf 87' lang='lat' dir='ltr'>humilitate</span> <span class='ocrx_word' id='word_1_226' title='bbox 1643 2389 1854 2449; x_wconf 72' lang='lat' dir='ltr'>gravatur.</span> 
     </span>
     <span class='ocr_line' id='line_1_29' title="bbox 305 2462 1855 2521; baseline -0.002 -11"><span class='ocrx_word' id='word_1_227' title='bbox 305 2465 378 2510; x_wconf 91' lang='lat' dir='ltr'>Set</span> <span class='ocrx_word' id='word_1_228' title='bbox 407 2479 504 2509; x_wconf 90' lang='lat' dir='ltr'>cum</span> <span class='ocrx_word' id='word_1_229' title='bbox 534 2464 637 2508; x_wconf 89' lang='lat' dir='ltr'>haec</span> <span class='ocrx_word' id='word_1_230' title='bbox 666 2477 848 2521; x_wconf 91' lang='lat' dir='ltr'>persona</span> <span class='ocrx_word' id='word_1_231' title='bbox 876 2463 1062 2508; x_wconf 89' lang='lat' dir='ltr'>illustrat</span> <span class='ocrx_word' id='word_1_232' title='bbox 1092 2462 1335 2508; x_wconf 89' lang='lat' dir='ltr'>aecclesiam</span> <span class='ocrx_word' id='word_1_233' title='bbox 1365 2465 1407 2506; x_wconf 90' lang='lat' dir='ltr'>et</span> <span class='ocrx_word' id='word_1_234' title='bbox 1427 2462 1601 2507; x_wconf 89' lang='lat' dir='ltr'>ecclesia</span> <span class='ocrx_word' id='word_1_235' title='bbox 1620 2466 1855 2521; x_wconf 63' lang='grc'><strong>0111011101·-</strong></span> 
     </span>
     <span class='ocr_line' id='line_1_30' title="bbox 303 2539 1853 2599; baseline -0.001 -12"><span class='ocrx_word' id='word_1_236' title='bbox 303 2556 470 2599; x_wconf 91' lang='lat' dir='ltr'>sonam,</span> <span class='ocrx_word' id='word_1_237' title='bbox 513 2541 646 2586; x_wconf 88' lang='lat' dir='ltr'>dulcis</span> <span class='ocrx_word' id='word_1_238' title='bbox 684 2541 874 2585; x_wconf 90' lang='lat' dir='ltr'>armonia</span> <span class='ocrx_word' id='word_1_239' title='bbox 912 2545 976 2585; x_wconf 90' lang='lat' dir='ltr'>est</span> <span class='ocrx_word' id='word_1_240' title='bbox 1014 2545 1056 2586; x_wconf 92' lang='lat' dir='ltr'>et</span> <span class='ocrx_word' id='word_1_241' title='bbox 1092 2540 1286 2585; x_wconf 86' lang='lat' dir='ltr'>salutaris</span> <span class='ocrx_word' id='word_1_242' title='bbox 1325 2540 1468 2595; x_wconf 92' lang='lat' dir='ltr'>utique</span> <span class='ocrx_word' id='word_1_243' title='bbox 1506 2540 1568 2583; x_wconf 91' lang='lat' dir='ltr'>rei</span> <span class='ocrx_word' id='word_1_244' title='bbox 1605 2539 1853 2598; x_wconf 83' lang='lat' dir='ltr'>simphonia.</span> 
     </span>
     <span class='ocr_line' id='line_1_31' title="bbox 303 2617 1854 2665; baseline -0.003 0"><span class='ocrx_word' id='word_1_245' title='bbox 303 2620 478 2665; x_wconf 87' lang='lat' dir='ltr'>Vestrae</span> <span class='ocrx_word' id='word_1_246' title='bbox 507 2619 784 2663; x_wconf 86' lang='lat' dir='ltr'>familiaritati</span> <span class='ocrx_word' id='word_1_247' title='bbox 822 2619 952 2662; x_wconf 91' lang='lat' dir='ltr'>artius</span> <span class='ocrx_word' id='word_1_248' title='bbox 990 2619 1181 2663; x_wconf 89' lang='lat' dir='ltr'>inherere</span> <span class='ocrx_word' id='word_1_249' title='bbox 1218 2617 1501 2662; x_wconf 86' lang='lat' dir='ltr'>desideramus</span> <span class='ocrx_word' id='word_1_250' title='bbox 1532 2620 1574 2660; x_wconf 89' lang='grc'>01</span> <span class='ocrx_word' id='word_1_251' title='bbox 1602 2620 1736 2662; x_wconf 89' lang='grc'><strong>10111111</strong></span> <span class='ocrx_word' id='word_1_252' title='bbox 1765 2620 1854 2661; x_wconf 84' lang='lat' dir='ltr'>stu-</span> 
     </span>
     <span class='ocr_line' id='line_1_32' title="bbox 303 2693 1850 2755; baseline -0.003 -13"><span class='ocrx_word' id='word_1_253' title='bbox 303 2698 419 2742; x_wconf 89' lang='lat' dir='ltr'>diose</span> <span class='ocrx_word' id='word_1_254' title='bbox 447 2695 660 2755; x_wconf 87' lang='lat' dir='ltr'>perficere,</span> <span class='ocrx_word' id='word_1_255' title='bbox 693 2696 889 2754; x_wconf 90' lang='lat' dir='ltr'>quicquid</span> <span class='ocrx_word' id='word_1_256' title='bbox 921 2699 1082 2740; x_wconf 88' lang='lat' dir='ltr'>vestrae</span> <span class='ocrx_word' id='word_1_257' title='bbox 1113 2695 1290 2740; x_wconf 89' lang='lat' dir='ltr'>bonitati</span> <span class='ocrx_word' id='word_1_258' title='bbox 1318 2694 1370 2738; x_wconf 86' lang='lat' dir='ltr'>de</span> <span class='ocrx_word' id='word_1_259' title='bbox 1399 2693 1519 2738; x_wconf 91' lang='lat' dir='ltr'>nobis</span> <span class='ocrx_word' id='word_1_260' title='bbox 1543 2694 1850 2753; x_wconf 86' lang='lat' dir='ltr'>complacuerit.</span> 
     </span>
    </p>
   </div>
   <div class='ocr_carea' id='block_1_6' title="bbox 939 2790 1220 2799">
    <p class='ocr_par' dir='ltr' id='par_1_7' title="bbox 939 2790 1220 2799">
     <span class='ocr_line' id='line_1_33' title="bbox 939 2790 1220 2799; baseline 0 0"><span class='ocrx_word' id='word_1_261' title='bbox 939 2790 1220 2799; x_wconf 95' lang='lat' dir='ltr'> </span> 
     </span>
    </p>
   </div>
   <div class='ocr_carea' id='block_1_7' title="bbox 399 2825 641 2847">
    <p class='ocr_par' dir='ltr' id='par_1_8' title="bbox 399 2825 641 2847">
     <span class='ocr_line' id='line_1_34' title="bbox 399 2825 641 2847; baseline -0.008 0"><span class='ocrx_word' id='word_1_262' title='bbox 399 2826 426 2847; x_wconf 61' lang='grc' dir='ltr'>ὃ.</span> <span class='ocrx_word' id='word_1_263' title='bbox 453 2825 594 2847; x_wconf 77' lang='lat' dir='ltr'>occurere</span> <span class='ocrx_word' id='word_1_264' title='bbox 615 2827 641 2845; x_wconf 71' lang='grc' dir='ltr'>ο.</span> 
     </span>
    </p>
   </div>
   <div class='ocr_carea' id='block_1_8' title="bbox 302 2868 1852 2978">
    <p class='ocr_par' dir='ltr' id='par_1_9' title="bbox 302 2868 1852 2978">
     <span class='ocr_line' id='line_1_35' title="bbox 399 2868 1852 2917; baseline -0.003 -8"><span class='ocrx_word' id='word_1_265' title='bbox 399 2876 430 2910; x_wconf 92' lang='grc'>1.</span> <span class='ocrx_word' id='word_1_266' title='bbox 458 2874 478 2909; x_wconf 94' lang='grc'>1</span> <span class='ocrx_word' id='word_1_267' title='bbox 498 2872 662 2910; x_wconf 87' lang='lat' dir='ltr'>Corinth.</span> <span class='ocrx_word' id='word_1_268' title='bbox 680 2873 735 2917; x_wconf 88' lang='lat'>13,</span> <span class='ocrx_word' id='word_1_269' title='bbox 751 2872 787 2909; x_wconf 84' lang='lat'>4.</span> <span class='ocrx_word' id='word_1_270' title='bbox 805 2872 838 2908; x_wconf 79' lang='lat'>7.</span> <span class='ocrx_word' id='word_1_271' title='bbox 934 2873 970 2908; x_wconf 82' lang='lat'>2.</span> <span class='ocrx_word' id='word_1_272' title='bbox 1004 2871 1059 2908; x_wconf 88' lang='lat' dir='ltr'>De</span> <span class='ocrx_word' id='word_1_273' title='bbox 1082 2869 1151 2907; x_wconf 88' lang='lat' dir='ltr'>hac</span> <span class='ocrx_word' id='word_1_274' title='bbox 1174 2868 1444 2907; x_wconf 84' lang='lat' dir='ltr'>narratiuncula</span> <span class='ocrx_word' id='word_1_275' title='bbox 1466 2868 1514 2905; x_wconf 89' lang='lat' dir='ltr'>cf.</span> <span class='ocrx_word' id='word_1_276' title='bbox 1531 2869 1706 2906; x_wconf 81' lang='lat' dir='ltr'>Macrobii</span> <span class='ocrx_word' id='word_1_277' title='bbox 1730 2868 1852 2906; x_wconf 81' lang='lat' dir='ltr'>Satur·</span> 
     </span>
     <span class='ocr_line' id='line_1_36' title="bbox 302 2928 1852 2978; baseline -0.002 -9"><span class='ocrx_word' id='word_1_278' title='bbox 302 2932 375 2969; x_wconf 89' lang='lat' dir='ltr'>nal.</span> <span class='ocrx_word' id='word_1_279' title='bbox 391 2933 438 2969; x_wconf 90' lang='grc' dir='ltr'>ΙΙ.</span> <span class='ocrx_word' id='word_1_280' title='bbox 454 2932 488 2978; x_wconf 83' lang='lat'>4,</span> <span class='ocrx_word' id='word_1_281' title='bbox 505 2933 561 2968; x_wconf 84' lang='lat'>31.</span> <span class='ocrx_word' id='word_1_282' title='bbox 647 2933 680 2968; x_wconf 85' lang='lat'>3.</span> <span class='ocrx_word' id='word_1_283' title='bbox 706 2942 858 2977; x_wconf 87' lang='lat' dir='ltr'>quarum</span> <span class='ocrx_word' id='word_1_284' title='bbox 884 2930 1137 2967; x_wconf 80' lang='lat' dir='ltr'>schedularum</span> <span class='ocrx_word' id='word_1_285' title='bbox 1158 2929 1272 2965; x_wconf 85' lang='lat' dir='ltr'>altera</span> <span class='ocrx_word' id='word_1_286' title='bbox 1287 2928 1493 2975; x_wconf 75' lang='lat' dir='ltr'>Manegoldi</span> <span class='ocrx_word' id='word_1_287' title='bbox 1510 2929 1712 2974; x_wconf 84' lang='lat' dir='ltr'>epistolam,</span> <span class='ocrx_word' id='word_1_288' title='bbox 1737 2929 1852 2966; x_wconf 69' lang='lat' dir='ltr'>altera</span> 
     </span>
    </p>
   </div>
   <div class='ocr_carea' id='block_1_9' title="bbox 301 2989 1369 3036">
    <p class='ocr_par' dir='ltr' id='par_1_10' title="bbox 301 2989 1369 3036">
     <span class='ocr_line' id='line_1_37' title="bbox 301 2989 1369 3036; baseline -0.003 -8"><span class='ocrx_word' id='word_1_289' title='bbox 301 3002 430 3029; x_wconf 85' lang='lat' dir='ltr'>versus</span> <span class='ocrx_word' id='word_1_290' title='bbox 453 2991 677 3029; x_wconf 77' lang='lat' dir='ltr'>continuisse</span> <span class='ocrx_word' id='word_1_291' title='bbox 700 2990 857 3027; x_wconf 85' lang='lat' dir='ltr'>videtur.</span> <span class='ocrx_word' id='word_1_292' title='bbox 891 2990 938 3027; x_wconf 92' lang='lat' dir='ltr'>V.</span> <span class='ocrx_word' id='word_1_293' title='bbox 962 2999 1074 3036; x_wconf 86' lang='lat' dir='ltr'>supra</span> <span class='ocrx_word' id='word_1_294' title='bbox 1096 2999 1133 3035; x_wconf 86' lang='lat' dir='ltr'>p.</span> <span class='ocrx_word' id='word_1_295' title='bbox 1149 2989 1219 3026; x_wconf 79' lang='lat'>2⁷5</span> <span class='ocrx_word' id='word_1_296' title='bbox 1235 2992 1272 3025; x_wconf 85' lang='lat' dir='ltr'>ct</span> <span class='ocrx_word' id='word_1_297' title='bbox 1287 2989 1369 3026; x_wconf 77' lang='lat'>276.</span> 
     </span>
    </p>
   </div>
  </div>
 </body>
</html>
