1930 3242
280 202 338 247 46
699 213 1100 248 011110110οΜ11σο
1130 212 1424 246 connumera

116 310 210 348 1145
281 312 468 365 caverat,
508 312 551 354 et
585 309 726 353 omnia
754 310 920 353 fuerant
949 311 1096 352 nostra
1123 311 1312 353 reserata
1341 311 1384 352 et
1411 309 1457 352 in
1487 307 1841 366 pronominum!

55 359 129 391 Dec.
140 361 179 392 25
186 362 261 392 —26

124 2099 216 2135 1146

93 2148 154 2179 Ian.
166 2148 253 2179 Mart.

281 387 430 430 stituta
444 411 501 417 —-
516 387 684 442 navigio
699 389 915 441 venerunt,
936 386 1173 442 pomerium
1187 386 1458 441 transierunt,
1474 386 1655 443 cn'ptan
1668 388 1840 435 sendus

279 462 438 509 Mariae
467 465 637 521 quidam
667 477 719 507 ex
747 463 832 507 illis
863 463 1206 519 conscenderunt,
1237 464 1446 520 quatinus,
1478 466 1522 508 01
1540 462 1682 510 ablata
1699 463 1843 510 orien-

279 541 356 585 tali
374 542 558 586 fenestra
582 541 809 585 sanctuarii
818 548 845 596 ⁸,
872 540 1113 597 expedicius
1131 541 1291 585 intrare
1312 544 1355 584 et
1375 541 1492 586 exire
1509 540 1616 587 inibi
1634 540 1841 589 valerent·-

278 618 616 676 Introspicientes
645 622 784 662 autem
805 618 1048 673 sacrarium,
1078 618 1217 662 visum
1237 622 1302 662 est
1322 618 1397 674 eis,
1427 617 1740 664 multitudinem
1757 618 1841 667 ni·-

278 695 401 741 litum
420 697 465 740 in
485 697 613 740 armis
635 696 966 740 exornatissimis
987 695 1047 740 ibi
1067 696 1306 740 consistere.
1344 695 1433 748 Que
1453 696 1555 740 dum
1574 696 1678 743 socii
1697 695 1844 743 audin„

278 778 373 818 sent
405 787 483 818 nec
511 773 637 817 fidem
667 773 988 829 adtribuissent,
1026 773 1131 817 alios
1162 773 1342 818 secundo
1375 786 1424 817 ac
1452 773 1583 818 tercio
1613 773 1843 822 aemam

277 852 569 905 instituerunt3
604 850 676 907 qui
706 865 864 907 omnes,
896 851 958 896 010
987 865 1032 895 00
1062 851 1231 907 vidisse,
1263 851 1462 895 adtestati
1491 854 1602 897 sunt.
1649 850 1717 896 De
1738 850 1841 899 indo

279 929 333 972 ad
362 928 566 973 australes
597 928 740 972 valvas
770 928 919 985 templi
949 929 1164 984 accedunt,
1197 928 1359 972 aditum
1389 932 1583 985 querunt,
1614 942 1698 986 quo
1723 929 1842 975 dani*

278 1006 424 1050 derata
457 1006 713 1063 repperiant.
775 1006 937 1050 Assunt
974 1019 1071 1062 ergo
1107 1006 1309 1050 divinitus
1338 1006 1478 1062 missi,
1516 1007 1562 1050 in
1590 1005 1836 1055 habitudine

276 1083 471 1139 militari,
511 1083 713 1140 qualitate
746 1083 944 1141 premissi
952 1083 980 1127 ⁵.
1042 1083 1110 1127 nli
1138 1084 1410 1128 nihilominus
1441 1087 1484 1127 et
1513 1084 1575 1128 ibi
1602 1098 1676 1129 eos
1705 1097 1837 1130 anno-

277 1164 453 1217 scentes,
485 1162 571 1205 acsi
595 1161 734 1205 forent
763 1174 866 1217 quos
888 1161 934 1204 in
954 1162 1136 1205 sacrario
1155 1161 1361 1216 viderant,
1394 1161 1687 1206 abscedentes·
1706 1162 1838 1218 isim·

275 1252 362 1283 non
391 1242 484 1283 acto
514 1239 702 1295 negotiO,
735 1239 892 1294 degunt
921 1253 1111 1283 seorsum
1140 1239 1269 1296 positi
1297 1252 1451 1294 magno
1479 1239 1742 1295 intersticio,
1759 1242 1839 1295 ut,

275 1317 350 1361 ubi
385 1316 489 1361 lassi
525 1330 609 1360 11011
646 1316 874 1361 subsistere
910 1320 983 1360 aut
1011 1317 1165 1361 durare
1193 1317 1456 1373 nequissent,
1498 1316 1625 1361 aliam
1654 1315 1838 1365 adeundi
1910 1358 1913 1360 ,

275 1395 388 1438 viam
418 1394 666 1438 obtinerent.
714 1393 971 1438 Orientalem
999 1395 1143 1451 itaque
1172 1395 1332 1451 criptae
1352 1394 1583 1438 fenestram
1602 1381 1759 1444 adeunt
1777 1397 1840 1453 et,-

275 1473 313 1516 si
343 1472 445 1528 quid
474 1472 623 1516 horum
654 1471 790 1516 simile
820 1472 877 1516 sit
906 1472 1035 1516 etiam
1063 1472 1143 1528 ibi,
1174 1472 1329 1516 rescire
1358 1471 1517 1516 volunt.
1578 1471 1655 1516 Set
1681 1471 1837 1517 nihile-

275 1550 414 1594 minus
445 1550 645 1594 divinitus
677 1552 886 1605 ostensos,
919 1550 991 1606 qui
1020 1563 1105 1593 non
1136 1548 1341 1593 affuerant
1371 1549 1659 1605 elementaris,
1689 1548 1839 1595 vident

275 1628 426 1672 fratres
472 1631 514 1671 et
557 1627 750 1671 laudibus
788 1627 942 1670 divinis
982 1627 1158 1670 audiunt
1194 1627 1384 1671 devotius
1423 1627 1641 1682 111010101ος
1685 1626 1836 1684 hisque

276 1708 488 1750 consertos
518 1718 604 1749 non
631 1705 769 1748 nullos
799 1704 1058 1748 honestiores
1087 1704 1282 1748 miliciae.
1328 1703 1542 1749 Recedunt
1570 1717 1670 1760 ergo
1698 1705 1834 1751 denuo

278 1787 320 1828 et
349 1797 394 1828 se
423 1783 656 1828 recondunt
685 1782 740 1826 ad
768 1782 976 1839 potiorem
1005 1782 1198 1826 fortunae
1218 1782 1546 1839 oportunitatem
1565 1783 1611 1827 in
1629 1782 1834 1840 pomerio.

275 1860 526 1906 Benedictus
546 1864 687 1904 autem
707 1859 926 1915 Dominus,
947 1873 1024 1917 per
1044 1873 1181 1916 quem,
1202 1860 1359 1903 frustra
1377 1859 1507 1904 talem
1518 1857 1543 1915 ¹,
1569 1859 1835 1918 opperientoe

276 1939 331 1984 ad
359 1938 626 1983 matutinalia
652 1938 774 1994 signa
801 1951 933 1994 usque
952 1937 1138 1994 inibique
1157 1937 1447 1995 perdurantes,
1477 1937 1632 1983 infecto
1660 1936 1834 1994 negocio

274 2019 548 2061 recesserunt.
1830 2034 1834 2049 1

393 2093 484 2138 Hac
512 2093 626 2137 fama
654 2092 777 2148 longe
806 2092 972 2149 lateque
1002 2095 1180 2149 rotante,
1212 2091 1478 2137 affirmabant
1495 2092 1579 2150 ipsi
1597 2092 1726 2148 fureS,
1753 2102 1833 2139 noo

275 2171 382 2216 velle
411 2175 509 2216 ante
537 2170 755 2229 paschale¹¹
778 2167 954 2215 festum²
974 2170 1169 2215 revisere.
1215 2169 1335 2214 Unde
1355 2170 1487 2214 nimio
1506 2183 1663 2227 pavore
1685 2182 1832 2215 01111100

275 2262 352 2293 1100
381 2249 609 2307 perterriti,
640 2249 805 2304 fratres,
837 2249 948 2292 cives
980 2251 1023 2292 et
1051 2248 1310 2292 honestiores
1330 2246 1612 2292 Huxarientes
1631 2250 1675 2292 et
1691 2245 1832 2292 humi-

274 2327 399 2371 liores
438 2327 619 2382 strenui,
659 2326 705 2370 in
734 2326 813 2370 hoc
842 2325 1056 2381 conventi,
1095 2326 1291 2382 quatinus
1327 2328 1372 2369 et
1407 2325 1535 2371 armis
1571 2324 1725 2368 muniti
1754 2337 1832 2383 per

275 2405 387 2449 vices
418 2418 516 2449 suas
546 2404 756 2448 custodias
787 2406 1003 2448 servarent
1032 2403 1144 2447 circa
1174 2403 1403 2447 sacrarium
1433 2401 1711 2447 sollicitudine
1732 2415 1835 2459 per·.

275 2482 406 2538 vigili.
458 2482 578 2535 Quod
607 2485 651 2526 et
678 2481 836 2526 factum
866 2485 930 2526 est
958 2480 1140 2525 Domino
1171 2479 1521 2535 amminiculante,
1552 2479 1643 2523 sine
1673 2492 1755 2536 quo
1782 2479 1833 2524 in

275 2573 430 2605 vanum
459 2559 638 2616 vigilant
667 2560 739 2616 qui
769 2559 1010 2604 custodiunt
1039 2554 1296 2613 civitatem⁸;
1328 2557 1438 2614 quod
1467 2560 1509 2600 et
1528 2557 1679 2602 exinde
1698 2556 1831 2604 claret

277 2638 524 2694 evidentius,
555 2637 654 2695 quia
685 2641 727 2682 et
755 2651 832 2682 nos
855 2636 1080 2681 admodum
1100 2636 1235 2694 pauci.
1282 2634 1390 2679 Nam
1419 2634 1627 2678 diutinum
1645 2637 1826 2692 tempus,

277 2729 357 2771 quo
396 2715 605 2760 durabant
640 2729 785 2760 eorum
814 2714 1136 2759 coadunationes
1166 2717 1209 2759 et
1236 2717 1417 2757 terrores
1446 2711 1652 2767 minaces,
1689 2711 1735 2756 id
1764 2715 1829 2756 est

277 2792 329 2835 ad
359 2792 555 2850 paschale
583 2793 758 2849 festum,
796 2792 1026 2849 nequibant
1054 2790 1200 2835 haberi
1229 2803 1306 2848 per
1333 2791 1474 2833 noctes
1505 2787 1713 2846 singulas,
1754 2788 1828 2846 qui

371 2896 397 2917 a.
419 2889 599 2920 scanctuarii
620 2901 646 2919 c.
714 2888 744 2919 b.
767 2900 807 2919 an
828 2887 994 2927 premissa?
1061 2895 1088 2917 0.
1109 2885 1290 2917 abcedentes
1310 2896 1337 2915 c.
1406 2883 1435 2914 d.
1456 2883 1598 2923 phascale
1619 2895 1646 2915 c.

371 2957 404 2992 1.
428 2967 480 2994 sc.
496 2957 792 3003 oportunitatem.
887 2958 924 2994 2.
947 2960 1033 2994 ante
1055 2955 1161 2993 Mart.
1177 2956 1235 2992 31.
1329 2954 1365 2990 3.
1389 2953 1524 2990 Psalm.
1543 2953 1622 2998 126,
1640 2954 1673 2990 1.
