1924 3262
523 199 723 229 wmAnm
751 197 1000 229 EPISTOLAE
1031 197 1177 227 20—22.
1554 185 1635 229 101

69 293 204 339 filium
241 297 429 339 vestrum
458 294 686 338 Robertum
724 294 857 337 vitam
895 296 937 337 et
973 291 1176 337 miracula
1214 292 1326 336 beati
1366 292 1637 336 confessoris·
1653 295 1862 332 1131-1151

69 371 280 431 pontificis
312 376 354 416 et
385 373 548 417 abbatis
569 372 822 428 Forannani‚
854 372 988 429 ipsius
1019 385 1105 415 non
1133 370 1476 428 parvipendendo
1499 370 1637 414 studio

33 436 313 509 composita,
348 465 397 495 ea
427 455 475 494 ut
504 450 624 494 nobis
655 450 747 507 ipse
778 449 924 492 retulit
953 449 1200 505 intentione,
1231 452 1291 505 ut,
1324 449 1360 492 si
1392 462 1475 505 qua
1497 449 1637 492 minus

67 529 310 574 viderentur
341 529 573 587 composita
603 528 695 572 velb
718 527 940 585 superflua,
972 531 1119 572 nostra
1144 527 1332 584 parvitas
1354 527 1545 571 elimaret
1566 530 1639 571 aut

69 607 329 664 detraheret,
369 610 411 651 et
445 608 599 650 totius⁰
631 606 924 663 corpusculum
955 606 1093 663 operis
1125 609 1271 650 nostra
1301 606 1539 663 cooperatio
1568 619 1637 649 ro-

66 685 248 730 boraret.
297 685 414 738 Quod
454 685 570 742 operi
608 685 645 728 si
682 684 966 727 necessarium
1002 684 1255 741 inspicerem
1284 683 1395 740 fore,
1436 698 1542 740 quae
1572 684 1637 728 in-

67 763 206 808 iunxit
227 767 269 808 et
284 777 357 807 vos
378 763 611 818 iniungitis,
629 762 801 818 aggredi
817 775 901 805 non
921 774 1160 806 recusarem
1179 762 1323 820 plane3
1348 762 1421 806 sed
1442 763 1540 820 quia
1559 777 1637 821 per

67 842 209 886 omnia
236 841 441 899 probatur
469 840 693 896 laudabile,
726 840 776 884 de
808 843 945 884 cetero
977 841 1213 898 praeceptis
1244 841 1397 884 vestris
1419 842 1541 898 cupio
1563 841 1636 886 ob-

66 922 324 977 temperare,
364 920 400 963 si
429 919 593 964 labores
624 919 760 962 nostri
790 932 867 975 pro
900 918 1095 975 ecclesia,
1129 919 1165 962 si
1196 919 1316 974 regni
1349 919 1498 975 quibus
1531 919 1635 964 obli-

65 1011 215 1054 gamur
251 998 422 1054 negotia
457 1011 682 1055 prosperos
720 997 902 1041 habeant
941 997 1078 1040 exitus
1116 1000 1158 1040 et
1187 997 1309 1041 nobis
1341 997 1530 1055 aliquod,
1570 1012 1635 1042 se-

65 1075 216 1133 positis
247 1076 372 1132 curis,
405 1075 628 1132 aliquando
653 1075 899 1131 indulgeant
920 1076 1063 1118 otium.
1158 1075 1242 1118 Vos
1263 1076 1435 1119 interim
1458 1090 1518 1132 eo,
1553 1090 1634 1133 quo

65 1154 276 1212 coepistiS‚
313 1154 451 1198 studio
482 1154 595 1198 beati
626 1154 875 1198 confessoris
905 1152 1110 1197 miracula
1140 1153 1443 1211 amplectimini
1476 1157 1517 1198 et
1546 1168 1634 1198 me-

64 1233 224 1277 moriae
261 1233 428 1277 tradere
466 1236 628 1287 curate3
677 1233 793 1289 quia,
835 1232 871 1276 si
908 1234 1050 1276 vestra
1087 1235 1330 1289 perseveret
1367 1232 1554 1288 devotio,
1597 1233 1634 1276 si

65 1311 250 1356 studium
269 1325 355 1355 non
373 1310 628 1366 fiaccescat⁶‚
662 1311 699 1354 si
717 1310 865 1366 religio
887 1313 1111 1366 accrescat,
1143 1309 1491 1366 glorificationem
1524 1311 1634 1354 sacri

64 1390 252 1448 corporis
282 1389 426 1433 videre
457 1389 669 1447 corporeis
700 1388 973 1432 merebuntur
1004 1388 1148 1445 oculis,
1181 1389 1332 1445 quibus
1357 1391 1523 1432 tantum
1542 1402 1632 1432 ma-

62 1467 218 1512 nifesta
262 1467 407 1511 datum
454 1470 518 1511 est
562 1467 705 1511 videre
750 1466 966 1511 miracula.
1020 1466 1147 1523 Cujus
1193 1467 1397 1524 temporis
1439 1466 1634 1511 felicitati

62 1548 208 1590 nostra
244 1546 407 1589 utinam
441 1546 645 1590 interesse
675 1549 885 1589 mereatur
915 1545 1176 1602 praesentia,
1216 1549 1362 1589 nostra
1394 1545 1632 1589 subservire

62 1624 270 1682 parvitas,
309 1627 352 1668 et
391 1636 604 1668 sacrorum
642 1624 831 1668 cinerum
870 1622 1117 1679 glorificatio
1157 1624 1212 1667 sit
1251 1627 1419 1668 nostrae
1449 1622 1549 1668 fidei
1579 1624 1631 1668 de

63 1715 138 1760 spe
174 1702 492 1746 resurrectionis
523 1701 804 1758 confirmatio,
846 1702 902 1745 sit
930 1702 976 1745 in
1006 1703 1220 1759 praesenti
1251 1706 1440 1760 tempore
1471 1702 1523 1746 de
1553 1702 1630 1746 tri-

62 1779 345 1824 bulationibus
375 1780 531 1823 nostris
563 1780 805 1837 consolatio,
838 1780 889 1824 de
921 1780 1070 1824 exsilio
1102 1781 1156 1824 ad
1186 1781 1382 1839 patriam,
1416 1781 1468 1825 de
1493 1784 1629 1825 morte

64 1858 118 1902 ad
147 1858 279 1902 vitam
308 1857 544 1902 translatio.

66 2054 147 2100 21.
185 2055 396 2099 Wibaldus
425 2055 615 2098 Conrado
648 2054 721 2098 III
742 2056 832 2113 reyi
860 2056 1098 2113 respondet,
1130 2072 1172 2099 se
1202 2057 1382 2100 oblatam
1418 2058 1626 2100 abbatiam
1651 2067 1745 2103 1146

183 2134 463 2177 Corbeiensem
502 2134 685 2189 accipere
723 2134 978 2176 dubitavisse.
1041 2134 1126 2177 Die
1154 2135 1183 2177 6
1211 2135 1452 2178 Decembris
1490 2150 1532 2177 se
1569 2136 1627 2177 ad
1651 2117 1726 2147 Nov.

182 2227 273 2255 eum
311 2218 525 2253 venturum
568 2226 673 2266 esse;
721 2226 800 2268 quo
841 2211 908 2253 die
945 2227 1021 2254 rex
1056 2213 1128 2255 abi
1156 2211 1331 2270 futurus
1366 2214 1435 2267 sit,
1477 2214 1626 2255 certior

170 2290 273 2350 fieri
304 2290 425 2346 cupit.
1467 2288 1538 2343 (M.
1564 2288 1622 2342 8.)

179 2376 279 2416 (Haec
297 2378 427 2417 epistola
448 2378 571 2408 habetur
591 2388 684 2416 supra
703 2387 735 2415 p.
750 2374 812 2413 50.)

65 2567 145 2614 22.
184 2570 397 2613 Conradus
426 2568 500 2613 ΠΙ
520 2585 595 2612 rex
625 2568 859 2611 Wibaldum
887 2569 931 2611 in
967 2569 1075 2611 diem
1105 2569 1134 2612 6
1163 2569 1404 2612 Decembris
1433 2568 1620 2613 Franco·
1648 2580 1740 2616 1146

170 2646 336 2706 furtum
367 2654 495 2700 vocat,
531 2647 738 2690 abbatiam
764 2646 1042 2689 Corbeiensem
1071 2654 1340 2704 recepturum.
1466 2644 1537 2699 (Μ.
1563 2645 1619 2700 7.)
1647 2629 1722 2659 Nov.

179 2739 314 2783 (Legitur
333 2753 426 2781 supra
444 2753 476 2781 p.
492 2739 552 2779 61.)

157 2916 184 2937 a..
206 2919 262 2937 om.
279 2908 307 2937 2.
371 2907 401 2938 b.
423 2909 454 2938 et
476 2908 504 2945 1,
526 2908 574 2938 vel
596 2909 624 2938 2.
647 2908 675 2938 3.
739 2916 765 2937 c.
787 2908 883 2938 totum
905 2907 934 2937 2.
956 2907 985 2938 3.
1049 2906 1078 2937 d.
1100 2905 1259 2938 flaecescat
1275 2909 1385 2947 scripsi
1400 2919 1457 2950 pro
1478 2908 1618 2947 lacescat,

60 2960 207 2992 lassescat
226 2961 297 2992 edd.
