1924 3288
319 170 411 215 450
767 182 967 214 wmALm
994 182 1244 214 anemonas.
1271 182 1343 213 321.
1366 182 1437 212 822.

323 275 441 323 321.
466 277 677 322 wibaldus
713 277 905 335 Euqenio
933 276 1009 321 III
1030 294 1175 336 papae
1213 279 1527 336 Reyenhermam
1563 274 1881 327 σαποηὸσωωψῖ.

469 355 637 399 Mariae
665 356 925 399 Mindensem
954 357 1220 399 commendat.
1666 353 1741 409 (Μ.
1763 354 1882 410 291.)

203 448 295 484 1151
438 443 792 488 Reverentissimo
822 443 936 502 patri
956 457 1031 488 suo
1052 447 1096 488 et
1118 444 1286 488 domino
1306 443 1531 499 E(ugenio)
1552 446 1726 488 sanetae
1740 443 1883 488 6111110-

318 520 423 565 licae
454 521 654 566 ecclesiae
683 522 759 565 uni
789 525 831 566 et
859 521 1088 565 universali
1121 535 1258 579 papae
1287 521 1419 565 frater
1447 520 1699 576 W(ibaldus)
1729 520 1811 566 Dei
1839 523 1884 566 et

318 602 460 642 vestra
488 599 626 654 gratia
653 599 711 655 id,
745 599 857 656 quod
886 602 951 644 est
978 599 1026 643 in
1055 598 1232 644 ecclesia
1261 598 1479 655 catholica,
1510 598 1776 643 dilectionem
1803 596 1884 643 m

317 679 360 719 et
389 676 635 733 obsequium
665 677 789 720 servi.

433 752 565 798 Lator
593 754 855 812 presentium
884 754 930 797 in
961 753 1138 798 ecclesia
1162 754 1341 810 quadam
1362 752 1595 797 Mindensis
1615 753 1880 811 episcopatus

315 831 518 875 canonica
546 844 624 875 sua
652 845 730 890 per
758 831 1015 887 violentiam,
1045 834 1094 874 ut
1121 832 1214 889 ipse
1245 831 1527 887 conqueritur,
1559 830 1764 888 spoliatus
1795 833 1881 886 σοις

314 909 383 952 6111
413 912 510 953 ante
540 909 867 967 appellationem
893 908 1140 964 suffragium
1159 908 1512 953 reconciliationis
1533 908 1723 953 conferre
1741 907 1882 954 noma

312 986 469 1030 fuimus
482 984 504 1030 ¹.
575 987 624 1031 In
663 1001 746 1044 quo
786 1000 882 1031 cum
919 1000 1185 1044 nequaquam
1223 985 1464 1044 proficeret,
1506 986 1680 1030 tandem
1715 989 1882 1032 vestrae

313 1063 573 1108 celsitudinis
611 1066 870 1122 presentiam
908 1064 1137 1122 appellavit
1174 1067 1217 1108 et
1253 1077 1351 1107 suos
1389 1063 1652 1108 adversarios
1683 1062 1880 1108 determiss

312 1145 414 1186 nata
448 1142 519 1197 die
549 1142 708 1187 ibidem
737 1143 986 1187 auctoritate
1015 1145 1158 1186 vestra
1186 1142 1395 1186 invitavit.
1456 1141 1577 1185 Unde
1608 1141 1879 1186 sublimitatis

311 1222 476 1263 vestrae
519 1220 696 1277 pedibus
743 1221 883 1265 animo
930 1221 1079 1264 devote
1123 1219 1329 1275 advoluti,
1377 1219 1642 1263 clementiam
1679 1222 1878 1276 vestram

312 1300 515 1352 quantum
543 1301 713 1342 nostrae
741 1298 944 1356 parvitati
973 1297 1235 1353 conceditur,
1266 1296 1483 1341 humiliter
1511 1296 1801 1354 imploramus,
1827 1299 1881 1341 *ut

311 1387 482 1418 causam
526 1375 660 1432 ipsius
699 1376 770 1433 pie
809 1375 953 1419 audire
993 1375 1222 1431 dignemini
1261 1378 1303 1418 et
1339 1375 1392 1418 ad
1431 1374 1707 1418 sublevandas
1744 1374 1878 1432 ipsius

311 1452 605 1508 oppressiones
642 1466 815 1496 manum
853 1453 1179 1508 benignissimae
1214 1451 1468 1496 defensionis
1499 1451 1736 1497 extendere.
1797 1450 1879 1496 Pu-

310 1530 555 1574 ternitatem
585 1533 769 1574 vestram
801 1531 874 1574 diu
903 1530 1113 1574 custodiat
1142 1530 1406 1587 omnipotens
1436 1529 1656 1574 Dominus.

316 1669 432 1718 322.
464 1674 723 1717 Corbeienses
744 1674 933 1718 Wibaldo
954 1675 1146 1729 ,sm-ibunt,
1169 1675 1282 1733 quod
1300 1675 1352 1717 ab
1374 1687 1420 1717 eo
1444 1673 1640 1717 corbeiae
1652 1673 1876 1731 petiissent,

462 1759 509 1794 ut
539 1753 749 1795 abbatiam
770 1751 1054 1796 stabulensem
1083 1752 1307 1805 abdicaret,
1338 1751 1387 1794 id
1415 1766 1442 1794 a
1470 1766 1556 1794 sese
1585 1751 1672 1794 iam
1699 1765 1782 1795 non
1805 1751 1878 1795 de-

460 1829 650 1872 siderari.
712 1830 782 1873 De
805 1831 1046 1887 praeposito
1078 1836 1315 1887 quem-ntur.
1663 1826 1736 1882 (M.
1758 1827 1879 1882 302.)

149 1919 240 1955 1151
431 1910 664 1955 Karissimo
698 1911 867 1955 domino
898 1925 972 1955 suo
1005 1914 1047 1955 et
1076 1911 1190 1969 patri
1218 1909 1447 1965 wibaldo)
1476 1909 1708 1955 venerabili
1737 1909 1879 1955 abbati

115 1978 260 2040 Μζξξῖῃ,
314 1987 577 2033 Corbeiensis
616 1988 814 2034 ecclesiae
851 1993 1079 2034 conventus
1117 1988 1304 2033 eiusdem
1339 1987 1538 2032 ecclesiae
1567 1987 1753 2032 debitam
1781 1987 1880 2033 obo-

313 2066 529 2111 dientiam.

434 2144 762 2188 Transmisimus
801 2144 856 2188 ad
893 2144 1159 2188 sanctitatem
1188 2146 1372 2188 vestram
1402 2143 1589 2201 priorem
1616 2145 1807 2188 nostrum
1836 2146 1881 2189 et

313 2221 612 2277 camerarium,
653 2221 795 2278 eisque
835 2222 1112 2279 imposuimus
1142 2224 1308 2266 vestrae
1346 2220 1590 2278 paternitati
1618 2219 1881 2277 suggerenda

315 2299 494 2357 quedam
523 2298 655 2343 verba
691 2312 744 2342 ex
781 2300 993 2344 communi
1033 2299 1334 2344 deliberatione
1369 2297 1545 2356 capituli
1579 2298 1733 2353 nostri3
1772 2311 1879 2355 quae

313 2376 432 2421 vobis
463 2376 653 2433 quidem,
693 2376 830 2420 adhuc
858 2377 1077 2422 nobiscum
1105 2378 1264 2435 posito,
1303 2377 1559 2433 suggessisse
1588 2375 1878 2432 debueramus,

315 2457 380 2499 set
417 2457 615 2498 consueto
654 2453 862 2498 humanae
899 2458 1074 2504 naturae
1113 2468 1255 2499 errore
1291 2454 1621 2510 neglexeramus.
1682 2451 1778 2497 Non
1805 2452 1879 2497 de-

315 2531 511 2587 dignetur
542 2544 640 2586 ergo
671 2530 808 2588 pietas
829 2535 970 2576 vestra
999 2532 1136 2576 adhuc
1164 2531 1390 2576 clementer
1419 2544 1470 2575 ea
1499 2530 1714 2575 attendere
1743 2532 1788 2575 et
1810 2542 1878 2576 so·-

315 2609 393 2653 lita
411 2608 669 2664 benignitate
690 2608 914 2665 suscipere.
1010 2609 1374 2666 Interpellavimus
1394 2607 1659 2652 sanctitatem
1678 2609 1878 2663 vestram,

316 2699 411 2730 cum
442 2685 578 2730 adhuc
605 2685 823 2730 nobiscum
852 2699 1025 2742 presens
1057 2687 1219 2742 essetis,
1254 2686 1307 2730 de
1335 2685 1610 2742 relinquenda
1640 2683 1880 2729 Stabulensi'

316 2763 504 2819 abbatia,
543 2763 623 2808 hoc
659 2763 796 2807 modis
831 2763 1024 2807 omnibus
1055 2764 1362 2820 desiderantes,
1400 2765 1449 2807 ut
1476 2762 1629 2818 iugiter
1659 2761 1771 2818 apud
1798 2773 1877 2806 nos

316 2841 462 2885 essetis
484 2844 538 2896 et,
571 2841 622 2885 de
643 2840 737 2885 aliis
759 2841 1099 2898 occupationibus
1121 2841 1356 2899 expeditus,
1382 2840 1537 2884 nostris
1557 2838 1876 2884 necessitatibus

411 2923 443 2958 1.
468 2922 516 2959 V.
531 2932 617 2968 epp.
634 2923 705 2959 308
721 2924 760 2960 et
775 2922 845 2959 309
869 2931 982 2968 supra
1003 2931 1041 2967 p.
1057 2922 1142 2958 437.
