1924 3262
305 209 364 254 90
823 223 1022 255 wmALm
1046 223 1267 255 musa-om
1295 224 1343 254 12.

187 319 278 355 1137
304 320 544 361 sanctorum
574 319 921 374 monasteriisque
952 317 1193 362 sceleratius
1224 318 1428 375 saeviunt,
1458 322 1508 363 ut
1534 316 1764 364 maioribus
1791 316 1858 364 in·

204 367 245 398 ⁰
243 370 268 399 t‘
303 395 461 439 cendiis
507 396 653 440 domus
692 395 913 450 orationiS,
961 409 1087 452 quam
1123 396 1248 440 urbes
1285 399 1516 454 cunctaque
1553 397 1710 455 oppida
1742 408 1859 442 eom-

302 473 466 517 butant.
514 473 735 531 Impletum
773 476 838 516 est
872 485 984 516 nunc
1018 473 1063 516 in
1101 473 1307 529 ecclesiis,
1348 474 1459 530 quod
1496 475 1563 519 vir
1599 477 1769 519 sanctus
1802 474 1861 520 811

301 551 529 596 Dominum
576 551 783 595 declamat
825 549 987 594 dicens:
1042 551 1119 596 Ubi
1154 553 1428 595 laudaverunt
1465 559 1504 596 te
1531 560 1678 611 pau-en
1713 554 1856 608 nomi,

292 628 416 685 sacta
453 637 510 671 est
547 631 701 672 exustio
737 626 877 686 ἑρηίει.
922 628 1044 673 Nunc
1077 628 1164 672 iam
1193 629 1310 672 venit
1338 629 1462 685 hora,
1501 631 1550 673 ut
1579 641 1743 686 omnes,
1774 629 1862 687 ‘qui

301 709 488 749 nostram
517 709 675 749 terram
705 706 1026 763 depraedantur,
1061 707 1302 762 incendunt,
1334 707 1555 751 devastant
1583 710 1626 751 et
1652 706 1861 752 ruricolas

301 796 351 827 ac
379 782 603 827 monachos
633 783 679 827 in
707 797 836 828 nervo
866 785 1069 840 vinciunt,
1101 785 1369 842 compedibus
1400 797 1449 829 ac
1467 784 1644 828 manicis
1663 782 1855 842 gravant,

301 861 512 917 occidunt,
543 861 741 917 vendunt,
777 862 966 906 cruciant
998 866 1040 906 et
1067 866 1390 920 persequuntur,
1422 861 1678 907 arbitrentur
1707 875 1771 906 se·
1781 861 1857 907 ob·-

301 938 490 994 sequium
533 943 749 996 praestare
785 939 888 984 Deo.
941 939 1023 984 Ubi
1069 943 1207 984 autem
1246 940 1496 985 venerabilis
1534 939 1655 984 aulae
1691 938 1854 985 clausas

297 1016 518 1060 inveniunt
552 1020 717 1075 portas,
756 1018 948 1062 certatim
983 1017 1158 1062 ictibus·
1188 1017 1440 1062 dextralium
1478 1018 1616 1062 aditus
1650 1019 1855 1074 reserant,

296 1097 345 1138 ut
379 1098 494 1139 recte
529 1095 714 1139 dicatur:
759 1096 890 1150 Quasi
926 1098 970 1139 in
1006 1097 1111 1139 silva
1149 1097 1355 1154 liquorum
1381 1097 1590 1140 securibus
1619 1097 1860 1140 manunt

297 1175 446 1217 ianuas
476 1175 562 1217 eius
583 1175 628 1216 in
647 1175 694 1217 id
720 1175 868 1231 ipsum,
901 1175 944 1216 in
974 1176 1108 1217 securi
1138 1181 1177 1217 et
1206 1175 1319 1217 ascia
1344 1175 1576 1217 deiecmmt
1594 1189 1687 1230 eac3
1710 1174 1857 1217 mm·-

298 1252 446 1294 derunt
472 1252 561 1309 iyni
588 1253 869 1295 sanctuarium
897 1259 1032 1305 tuum,
1069 1253 1113 1294 in
1143 1259 1255 1294 terra
1277 1252 1519 1309 polluerunt
1547 1250 1858 1295 taber-naculum

297 1330 472 1372 nominis
501 1330 561 1372 tui
570 1325 597 1372 ².
644 1328 799 1380 Quanti
827 1341 939 1372 nunc
969 1328 1021 1372 ab
1050 1328 1110 1372 eis
1130 1327 1363 1386 pontifices,
1393 1328 1642 1386 presbyteri,
1673 1327 1853 1384 diaconi,

295 1406 511 1462 monachi,
542 1406 716 1462 nobiles,
747 1405 952 1461 ignobiles
983 1406 1137 1450 diversi
1167 1420 1293 1450 sexus
1322 1405 1391 1450 vel
1420 1406 1570 1450 aetatis
1595 1404 1858 1450 interficiaris

294 1488 378 1540 tur,
410 1484 555 1541 quanti
584 1484 837 1540 cruciantur,
866 1487 915 1527 ut
943 1484 1126 1540 tradant,
1159 1485 1195 1527 si
1226 1484 1327 1541 quid
1357 1484 1450 1528 auri
1478 1483 1547 1528 vel
1573 1483 1736 1539 argenti
1752 1496 1862 1542 pro-v

294 1563 435 1620 prium
464 1562 532 1606 vel
562 1561 890 1606 ecclesiasticum
919 1561 1120 1616 habeant3
1153 1565 1195 1605 et
1225 1562 1337 1618 dum,
1370 1574 1476 1618 quae
1502 1561 1670 1617 habent,
1699 1560 1854 1618 urgen-

294 1641 406 1684 tibus
436 1640 557 1698 penis
587 1639 751 1683 facilius
783 1639 904 1695 dant,
939 1640 1095 1683 iterum
1125 1639 1362 1683 crudelibus
1393 1639 1614 1682 tormentis
1643 1638 1855 1684 oblatores

293 1721 464 1774 urgent,
505 1720 770 1761 autumantes
811 1717 1035 1774 quamdam
1070 1720 1236 1775 partem
1271 1730 1357 1761 non
1393 1719 1529 1760 totum
1563 1715 1770 1772 oblatum3
1808 1719 1854 1761 et

296 1799 450 1853 quanto
480 1795 575 1853 plus
607 1796 721 1852 dant,
751 1798 870 1839 tanto
891 1795 1071 1853 amplius
1093 1795 1333 1853 quempiam
1352 1794 1507 1839 habere
1526 1794 1713 1838 credunt.
1755 1793 1851 1840 Non

294 1873 500 1918 infirmior
530 1887 668 1930 sexus,
706 1887 790 1917 non
820 1873 1097 1917 consideratio
1127 1873 1372 1928 nobilitatis,
1407 1886 1493 1916 non
1519 1872 1757 1917 reverentia
1783 1885 1853 1917 sa-

294 1951 538 2007 cerdotalis,
575 1965 661 1995 non
695 1951 917 1995 monastici
946 1951 1113 1995 habitus
1144 1954 1324 1995 stemma
1351 1950 1661 1994 crudelissimas
1689 1953 1850 1995 mentes

294 2043 438 2074 eorum
469 2029 655 2085 mitigat3
688 2030 789 2086 quin
818 2029 903 2073 imo
933 2029 994 2073 ibi
1024 2031 1330 2085 exaggerantur
1347 2029 1414 2072 ira
1430 2028 1599 2084 furoris,
1627 2027 1863 2073 1111111011οέ

293 2121 384 2152 rem
422 2108 686 2165 conspiciunt
724 2107 955 2163 dignitatis.
1005 2106 1158 2151 Senilis
1194 2106 1415 2150 maturitas
1452 2109 1576 2162 atque
1612 2105 1852 2150 veneranda

293 2185 490 2241 canities,
538 2199 644 2242 quae
689 2186 891 2229 cesariem
935 2184 1084 2242 capitis
1129 2188 1178 2228 ut
1218 2183 1358 2228 lanam
1404 2183 1624 2227 candidam
1668 2182 1848 2240 dealbat,

292 2263 452 2308 nullam
483 2263 563 2308 sibi
594 2264 646 2307 ab
675 2263 865 2307 hostibus
894 2261 1226 2307 misericordiam
1255 2261 1461 2315 vindicat3
1491 2260 1690 2318 parvulos
1720 2261 1850 2306 etiam

293 2342 346 2386 ab
375 2341 572 2386 uberibus
602 2341 804 2386 maternis
827 2341 1009 2398 rapiens,
1040 2319 1243 2385 barbarus
1263 2339 1380 2383 furor
1398 2338 1607 2382 insontem
1626 2338 1850 2384 infantiam

293 2419 413 2464 elidit
451 2419 504 2463 ad
539 2422 710 2463 terram.
762 2419 985 2476 Impletum
1021 2421 1086 2462 est
1114 2430 1245 2474 nunc,
1285 2415 1396 2473 quod
1425 2415 1526 2459 olim
1554 2415 1697 2460 Iudaei
1724 2429 1847 2461 cane-

291 2497 414 2542 bant:
447 2499 563 2542 Dicit
591 2498 791 2551 inimicus,
825 2498 1042 2540 incendere
1071 2511 1182 2539 meos
1202 2497 1315 2556 fines
1345 2501 1383 2537 et
1403 2494 1604 2552 parvulos
1632 2509 1744 2538 meos
1773 2494 1847 2538 olo·-

291 2591 433 2619 sm-um
472 2577 530 2618 ad
565 2570 729 2618 terrast.
776 2573 824 2617 In
864 2572 1063 2618 aedificiis
1102 2575 1243 2616 autem
1279 2583 1527 2626 magnarum
1562 2569 1846 2627 ecclesiarum,

292 2653 530 2707 domorum,
576 2651 812 2708 civitatum,
850 2648 923 2695 ubi
959 2649 1224 2695 incendiumb
1262 2647 1555 2693 destructionis
1592 2661 1669 2705 per
1703 2648 1847 2704 ignem

291 2730 430 2773 faeere
458 2743 543 2773 non
572 2733 762 2787 possunt,
801 2730 983 2787 parietes
1015 2728 1102 2772 solo
1134 2730 1326 2784 aequant,
1355 2729 1403 2769 ut
1430 2738 1543 2768 nunc
1572 2726 1746 2783 antiqua
1771 2725 1847 2770 illa

293 2807 537 2864 speciositas
569 2805 852 2850 aedificiorum
882 2819 959 2850 nec
989 2805 1088 2863 quid
1119 2805 1246 2849 fuerit
1274 2815 1444 2862 prorsus
1475 2806 1688 2860 appareat.

387 2916 414 2936 ι.
435 2906 551 2937 retibus
570 2909 675 2943 Mart,
695 2906 807 2938 ictibus
829 2907 937 2939 chron.
955 2908 1028 2938 Cae.
1109 2906 1140 2936 b.
1160 2905 1312 2943 ingenium
1333 2905 1440 2939 nort„
1461 2903 1632 2934 incendium
1650 2904 1758 2936 (ἕλωσι.
1770 2905 1843 2937 eas.

387 2971 419 3006 1.
444 2969 527 3006 lsai.
545 2970 602 3015 64,
621 2971 676 3005 11.
773 2970 807 3005 2.
832 2969 890 3005 ΡΒ.
910 2969 967 3014 73,
983 2968 1096 3006 5-7,
1190 2968 1226 3004 3.
1251 2965 1374 3003 Iudith
1401 2966 1455 3012 16,
1479 2967 1513 3003 6.
