1924 3288
292 200 380 245 350
794 217 991 248 wmALm
1019 217 1240 251 npm'rom
1269 219 1339 250 281.

293 305 410 354 231.
439 309 652 353 Gom-adm
672 310 756 353 III
777 327 853 355 rex
881 311 1073 371 Euqem'o
1094 313 1179 358 III
1194 330 1338 373 papae
1366 317 1508 361 sor-'bit
1532 317 1584 360 de
1610 318 1845 376 hyaidum&

438 397 529 424 eum
559 382 772 426 mittendis.
828 384 975 441 Roqat,
1007 392 1055 428 ut
1080 385 1291 445 Eilulsum
1320 388 1507 432 abbatem
1533 389 1843 436 Mon-bame-

438 452 667 511 confimnet,
705 453 989 514 Ottonemque,
1030 458 1102 515 qui
1131 458 1276 502 clerico
1307 460 1471 503 cuidam
1496 475 1646 505 nasum
1674 467 1841 516 Μαμ-

435 524 549 577 verit,
582 528 996 570 excommunicatione
1025 529 1165 572 solvat.
1626 529 1700 586 (Μ.
1722 531 1841 588 219.)

171 612 264 648 1150
403 604 686 651 Dilectissimo
715 608 761 652 in
781 607 946 653 Christo
973 611 1087 668 patri
1106 625 1180 655 suo
1200 610 1421 668 E(ugenio)
1441 616 1610 660 sanctae
1626 613 1840 664 Romanae

172 661 258 692 mr·
287 682 510 727 aecclesiae
554 697 716 729 summo
754 685 943 743 pontifici
982 687 1231 744 C(onradus)
1269 689 1351 734 Dei
1388 690 1525 746 gratia
1557 689 1842 757 Romanorum

286 774 360 805 rex
391 763 434 804 et
463 774 628 819 semper
658 767 857 819 augustus
887 763 1058 810 filialem
1087 780 1163 824 per
1193 767 1335 811 omnia
1363 767 1630 814 dilectionem
1658 772 1703 815 01
1724 769 1841 817 debit-

285 841 374 882 tam
402 838 448 882 in
477 838 658 884 Domino
688 842 978 887 reverentiam.

401 915 648 974 Postquam,
695 917 784 964 Deo
823 920 1013 978 propicio
1050 924 1238 966 nostram
1273 922 1544 979 fragilitatem
1580 881 1840 983 moderante,

285 993 337 1038 ab
367 994 633 1051 expeditione
663 995 1031 1042 Hierosolimitana
1059 1000 1218 1044 reversi
1247 1000 1416 1058 fuimus,
1447 1005 1632 1047 vestram
1660 1002 1840 1059 11086111-

284 1071 425 1116 dinem
455 1072 638 1118 salutare
668 1077 711 1118 01
739 1082 1048 1121 sacrosanctam
1078 1081 1258 1122 matrem
1287 1082 1476 1124 nostram
1494 1079 1728 1125 Romanam
1749 1093 1842 1128 aec-2

283 1148 453 1194 clesiam
483 1150 655 1195 visitare
690 1165 767 1210 per
797 1153 994 1198 sublimes
1025 1154 1184 1211 legatos
1214 1159 1379 1200 nostros
1410 1157 1706 1215 disposuimus.
1768 1145 1843 1205 Se't

282 1226 373 1272 Deo
405 1228 654 1273 extendente
682 1243 855 1275 manum
885 1245 1005 1276 suam
1034 1233 1078 1276 in
1107 1234 1390 1291 retribuendo,
1421 1237 1510 1279 tam
1538 1236 1659 1292 gravi
1686 1239 1732 1281 01
1751 1238 1841 1290 tam

282 1304 446 1349 diutina
474 1306 682 1364 corporali
710 1307 954 1354 infirmitate
985 1309 1130 1355 afflicti
1160 1325 1323 1368 sumus,
1359 1315 1408 1356 ut
1436 1327 1463 1356 a
1490 1313 1616 1358 rebus
1645 1313 1840 1370 gerendis

281 1394 445 1426 cessare
474 1395 728 1440 cogeremur.
770 1385 926 1430 Verum
954 1391 1124 1445 recepta
1153 1403 1264 1433 nunc
1292 1403 1370 1447 per
1399 1390 1566 1436 divinae
1584 1391 1755 1449 pietatis
1772 1404 1839 1445 mr,-

281 1459 539 1516 dulgentiam
575 1463 800 1520 sospitate,
836 1464 883 1507 in
920 1465 1107 1510 eiusdem
1136 1466 1363 1511 voluntatis
1400 1468 1616 1526 proposito
1645 1482 1839 1526 persevc-

279 1541 436 1594 rantes,
472 1539 640 1583 eosdem
668 1539 827 1596 legatos
859 1542 913 1586 ad
942 1546 1106 1587 vestrae
1135 1543 1394 1588 celsitudinis
1423 1546 1681 1602 presentiam
1709 1546 1839 1594 deffl-

279 1629 401 1671 nare,
447 1616 750 1661 communicato
786 1618 1025 1677 principum
1062 1621 1255 1677 consilio,
1296 1622 1540 1680 statuimus,
1578 1626 1627 1668 ut
1660 1627 1751 1669 tam
1785 1624 1838 1669 de

280 1692 504 1738 aecclesiae
542 1708 668 1751 quam
703 1694 755 1739 de
784 1697 904 1752 regni
933 1701 1047 1742 statu
1077 1702 1119 1743 et
1148 1699 1398 1744 utilitatibus
1430 1714 1479 1744 ea
1508 1700 1723 1746 vobiscum
1750 1705 1837 1746 tra-

278 1774 392 1816 ctare
430 1775 473 1815 et
510 1772 703 1817 ordinare
741 1774 971 1831 possimus,
1010 1790 1085 1834 per
1121 1791 1201 1834 que
1232 1781 1274 1821 et
1301 1777 1480 1836 populus
1510 1778 1762 1825 christianus
1789 1779 1837 1825 in

277 1862 381 1907 pace
421 1862 470 1894 ac
507 1849 658 1894 timore
687 1850 768 1895 Dei
797 1852 938 1897 vivere
969 1856 1011 1897 et
1039 1854 1264 1912 imperium
1292 1854 1528 1900 Romanum
1556 1856 1603 1901 in
1630 1856 1836 1914 pristinae

278 1926 496 1983 dignitatis
526 1927 655 1972 robur
682 1928 902 1972 reformari
931 1929 1022 1975 Deo
1053 1935 1220 1976 auctore
1250 1932 1402 1978 valeat.
1513 1933 1699 1979 Causam
1722 1933 1835 1983 Mor-

277 2004 466 2049 bacensis
496 2005 740 2050 monasterii
771 2019 796 2050 a
818 2006 1019 2052 latoribus
1040 2010 1311 2066 presentium,
1342 2010 1444 2054 viris
1464 2011 1609 2069 utique
1627 2011 1834 2070 religiosis

148 2090 240 2127 1149
277 2095 326 2127 ac
354 2082 651 2140 prudentibUS‚
690 2082 855 2141 plenius
894 2085 1125 2143 intelligere
1154 2088 1343 2146 potestis.
1400 2087 1487 2140 Que
1525 2089 1571 2133 in
1610 2092 1834 2148 conspectu

126 2139 199 2172 ¹²⁶⁰·
214 2140 253 2171 ²⁶
277 2162 320 2204 et
355 2160 401 2204 in
438 2161 652 2218 presentia
686 2160 930 2206 Basiliensis
969 2164 1153 2222 episcopi
1166 2162 1189 2222 ¹,
1226 2165 1272 2209 in
1310 2165 1426 2210 cuius
1462 2165 1686 2224 parrochia.
1719 2166 1834 2213 idem

276 2238 577 2282 monasterium
606 2238 810 2295 consistit,
841 2253 918 2284 nec
946 2255 1030 2285 non
1061 2239 1416 2287 (30110101111011010Ξ
1436 2240 1832 2300 Bavembergensis⁸

274 2313 562 2360 Eistadensis‘
592 2329 641 2359 ac
661 2314 894 2373 Spirensis⁵
926 2319 1228 2378 episcoporum,
1259 2333 1336 2365 nec
1365 2333 1450 2364 non
1470 2320 1731 2366 Corbeiensis
1759 2321 1831 2373 ab·

276 2393 385 2438 batis
417 2396 459 2438 01
482 2392 659 2438 aliorum
679 2394 906 2439 multorum
926 2399 1014 2440 tam
1034 2397 1232 2442 abbatum
1252 2411 1378 2454 quam
1397 2397 1687 2454 religiosorum
1706 2401 1831 2457 atque

275 2470 555 2516 litteratorum
585 2471 772 2516 virorum
809 2473 880 2517 diu
917 2477 1098 2518 tractata
1128 2478 1171 2519 et
1199 2474 1420 2531 diligenter
1449 2475 1637 2520 discussa
1666 2479 1751 2533 est,
1787 2479 1830 2525 et

277 2562 328 2593 ex
370 2548 516 2594 ordine
554 2548 656 2592 iuris
698 2562 746 2593 ac
783 2551 956 2595 rationis
988 2552 1041 2595 ad
1071 2551 1180 2595 hunc
1208 2551 1335 2597 finem
1371 2552 1593 2610 perducta:
1632 2556 1700 2610 111,
1731 2553 1830 2611 quia.

276 2639 447 2670 concors
471 2626 516 2670 in
535 2625 656 2670 malis
676 2627 829 2684 prefati
849 2629 1092 2673 monasterii
1112 2630 1389 2685 congregatio,
1421 2630 1668 2687 quibusdam
1688 2633 1828 2674 tamen

276 2717 420 2749 eorum
451 2703 840 2761 contradicentibus,
872 2720 1093 2763 personam
1124 2707 1242 2751 viciis
1274 2707 1359 2751 suis
1389 2707 1715 2752 consentientem
1744 2707 1827 2752 ele-

274 2785 413 2838 gerat,
450 2795 546 2838 nos,
587 2782 831 2827 auctoritate
862 2784 1030 2839 regulae
1060 2784 1171 2828 beati
1200 2783 1414 2828 Benedicti
1444 2784 1599 2841 edocti,
1641 2785 1825 2830 adhibito

274 2859 566 2917 episcoporum
596 2863 638 2904 01
664 2858 862 2904 abbatum
892 2859 1102 2917 suffragio,
1134 2875 1218 2906 non
1248 2862 1445 2906 sivimus·
1476 2876 1700 2919 pravorum
1729 2876 1824 2920 pre-

368 2937 893 3025 {20n1113'1.2.n01m2n121.
948 2990 981 3026 3.
1006 2989 1220 3027 Eberhardi.
1275 2990 1309 3027 4.
1335 2990 1523 3027 Buroardi.
1570 2991 1604 3028 5.
1631 2990 1820 3028 canthari.
