1924 3288
569 186 769 218 wmAnm
796 185 1017 218 ams'ronA
1047 184 1117 216 151.
1537 168 1624 212 255

59 282 305 343 prelationis
335 295 436 327 suae
465 285 510 327 et
538 296 666 340 quam
696 281 824 326 stulte
855 281 996 325 omnia
1026 279 1179 336 egerit,
1218 290 1300 322 uno
1331 275 1523 334 exemplo
1553 275 1624 320 de-
1637 277 1849 315 1143-1146

59 361 286 407 monstrari
305 359 502 405 sufficiet:
534 360 659 418 quod,
690 374 786 404 eum
813 360 958 404 fratris
989 358 1055 403 sui
1084 355 1332 402 beneficium
1360 355 1542 400 liberum
1572 353 1626 398 ad

61 439 307 485 aecclesiam
324 438 516 494 redisset,
540 438 591 482 de
612 452 693 496 quo
715 437 895 482 multum
914 451 982 482 res
1003 439 1172 481 nostrae
1196 433 1482 490 augmentari·
1502 436 1621 491 pote-

60 521 178 575 rant,
218 517 375 574 absque
409 517 524 561 omni
554 519 597 560 et
627 530 704 560 sua
733 519 776 560 et
804 519 950 560 nostra
979 515 1161 560 utilitate
1192 513 1244 557 de
1272 526 1401 557 manu
1430 512 1519 556 eius
1552 525 1624 555 ex-

60 595 174 640 cidit.
247 595 305 640 Et
346 594 454 639 hanc
504 594 723 638 honestam
773 594 1101 652 oportunitatem
1145 590 1453 646 benefaciendi,
1499 603 1625 647 quam

61 673 182 732 quasi
210 673 435 718 dormienti
462 672 577 717 Deus
609 672 836 728 obtulerat,
875 685 1049 730 prorsus
1079 670 1286 726 neglexit,
1318 672 1361 715 et
1389 682 1443 713 ne
1474 667 1624 724 aliquis

61 765 348 796 successorum
391 764 564 795 suorum
608 750 835 794 utilitatem
881 750 979 794 inde
1018 751 1317 806 consequatur,
1365 745 1625 804 aliquarumb

60 843 203 875 rerum
219 829 497 874 intricatione
529 827 676 873 effecit.

119 947 122 950 .
179 907 367 960 Qualiter
402 906 580 964 denique
617 920 694 964 per
723 906 924 950 domnum
954 905 1182 960 Thomam,
1223 902 1480 948 cardinalem
1509 915 1627 959 pres·
1651 900 1791 981 Μ111ή461

61 986 256 1042 biterum,
287 985 542 1044 apostolieae
573 985 683 1029 sedis
708 984 906 1041 legatum,
938 984 1154 1041 depositus
1186 982 1242 1026 sit
1262 1006 1316 1012 —
1342 984 1561 1026 accusatus
1585 983 1628 1024 et
1684 960 1700 981 a
1732 952 1772 980 '2

62 1065 276 1110 convictus
297 1064 348 1108 de
369 1063 573 1122 symonia,
602 1063 653 1108 de
674 1063 858 1107 violenta
883 1062 1132 1117 intrusione,
1162 1061 1213 1105 de
1233 1060 1462 1104 inutilitate
1483 1073 1627 1117 perso-

62 1157 156 1199 nae,
186 1143 238 1188 de
267 1142 552 1187 inobedientia
575 1166 631 1171 —
658 1141 758 1198 quia
779 1143 944 1185 vestrae
975 1139 1218 1184 discretioni
1247 1138 1508 1194 incognitum
1537 1151 1628 1181 esse

62 1235 148 1266 non
167 1221 390 1277 credimus,
411 1220 464 1265 ob
483 1219 700 1264 fastidium
719 1219 976 1277 prolixitatis
996 1217 1065 1262 hic
1084 1218 1270 1262 inserere
1292 1215 1625 1274 supersedemus.

182 1299 388 1352 Quoniam
434 1298 564 1354 igitur
606 1311 682 1356 per
726 1297 1059 1342 misericordiam
1095 1296 1176 1340 Dei
1220 1296 1271 1340 de
1318 1308 1500 1353 persona
1540 1294 1628 1338 eius

65 1377 267 1423 aecclesia
303 1380 449 1421 nostra
485 1376 665 1421 liberata
703 1379 787 1432 est,
826 1375 985 1431 gratias
1016 1375 1179 1431 agimus
1209 1373 1321 1429 Deo;
1364 1376 1406 1417 et
1436 1372 1548 1430 quod
1578 1372 1629 1415 de

63 1459 229 1502 caetero
257 1469 392 1513 neque
421 1455 615 1499 dominus
645 1468 780 1511 neque
810 1453 1021 1498 habitator
1047 1453 1130 1497 loci
1149 1452 1284 1496 nostri
1305 1452 1374 1508 sit,
1406 1451 1630 1509 sponsione

62 1534 109 1578 in
144 1537 395 1592 perpetuum
423 1533 605 1577 valitura
641 1531 913 1576 firmavimus.
975 1531 1119 1588 Neque
1161 1531 1272 1575 enim
1303 1533 1528 1587 propterea
1558 1529 1629 1573 de-

63 1611 264 1670 positioni
294 1612 383 1656 eius
414 1611 719 1656 consentientes
749 1611 919 1666 fuimus,
951 1610 1061 1667 quod
1092 1609 1226 1653 denuo
1260 1623 1355 1653 eum
1385 1608 1505 1652 nobis
1534 1621 1630 1665 pre-

63 1704 220 1748 ponere
248 1689 516 1735 voluerimus.
566 1688 730 1733 Scimus
761 1692 915 1744 autem,
948 1688 1072 1744 quod,
1102 1688 1186 1732 nisi
1216 1686 1431 1732 affectaret
1459 1686 1630 1730 restitu-

63 1769 222 1812 tionem
259 1768 475 1824 dignitatis
516 1780 637 1823 suae,
675 1780 939 1823 nequaquam
969 1769 1188 1824 tantopere
1220 1768 1412 1822 quereret
1442 1765 1503 1809 ibi
1533 1764 1629 1808 sub-

65 1860 176 1902 esse,
223 1846 296 1890 ubi
341 1845 564 1903 aliquando
607 1845 782 1902 prefuit,
828 1844 1027 1902 precipue
1076 1857 1171 1888 cum
1210 1844 1256 1887 in
1294 1843 1502 1902 principio
1540 1842 1631 1888 sedi

65 1923 318 1982 apostolicae
347 1922 612 1968 rebellaverit
647 1926 708 1979 et,
745 1925 810 1966 tot
848 1926 1073 1966 conatuum
1102 1936 1273 1966 suorum
1304 1922 1532 1980 amputatis
1563 1934 1630 1965 ca-

63 2002 244 2061 pitibus,
291 2002 461 2046 cottidie
506 2001 742 2056 trigeminis
781 2000 1006 2045 assultibus
1045 2014 1264 2056 resurgere
1303 1999 1629 2057 attemptaverit.

64 2080 160 2125 Non
190 2094 288 2136 ergo
318 2080 429 2124 inter
458 2092 534 2123 nos
566 2093 661 2123 eum
693 2092 784 2122 esse
810 2077 1014 2134 volumus,
1047 2079 1132 2135 qui,
1165 2079 1200 2123 si
1231 2079 1492 2136 oportunitas
1523 2078 1630 2122 acci-

66 2158 189 2215 derit,
219 2158 374 2203 iterum
402 2157 524 2202 nobis
555 2157 763 2201 dominari
793 2156 1062 2214 concupiscit.

184 2235 368 2281 Litteras
416 2236 544 2280 etiam
590 2235 733 2278 domni
778 2248 936 2292 papae,
987 2233 1280 2278 confirmantes
1328 2233 1632 2291 depositionem

67 2314 170 2371 eius,
201 2315 409 2372 presenti⁶
443 2327 550 2358 anno
581 2313 816 2368 habuimus,
848 2313 894 2356 in
924 2313 1073 2369 quibus
1096 2312 1175 2356 hoc
1195 2312 1475 2368 demandavit,
1507 2312 1630 2369 quod,
1657 2314 1749 2350 1148

67 2393 105 2436 si
123 2392 417 2438 corbeiensem
448 2391 693 2436 aecclesiam
721 2391 900 2446 fatigare
929 2391 1234 2449 presumpserit
1264 2394 1306 2435 et
1336 2390 1465 2435 semel
1495 2403 1543 2434 ac
1568 2390 1630 2434 bis

66 2471 248 2515 terciove
279 2470 555 2515 commonitus
586 2483 670 2513 non
700 2468 938 2526 resipuerit,
969 2482 1055 2513 non
1077 2468 1212 2512 solum
1231 2467 1476 2526 prelationis
1496 2468 1631 2524 digni-

67 2551 218 2605 tatem,
258 2549 308 2593 de
340 2563 422 2606 qua
452 2548 666 2606 depositus
698 2550 780 2604 est,
811 2548 858 2591 in
888 2546 1130 2591 Corbeiensi
1159 2547 1412 2591 monasterio
1442 2560 1528 2590 non
1557 2546 1631 2590 ha-

67 2626 196 2684 bebit,
226 2630 291 2671 set
319 2639 397 2671 nec
425 2627 537 2671 inter
567 2626 756 2670 subditos
785 2624 1054 2683 postmodum
1082 2624 1290 2668 habitabit
1302 2621 1323 2667 ¹.

185 2704 451 2761 Fatigantem
494 2705 623 2760 igitur
671 2702 916 2747 aecclesiam
954 2706 1143 2747 nostram
1180 2717 1256 2760 per
1293 2701 1551 2746 venerabiles
1590 2704 1633 2746 et

67 2782 284 2839 religiosas
323 2796 526 2841 personas
565 2782 758 2826 dominus
796 2784 941 2824 noster
977 2780 1104 2825 abbas
1136 2794 1189 2825 ex
1218 2779 1428 2824 communi
1458 2779 1631 2824 consilio

165 2893 192 2914 a.
219 2884 384 2915 aumentari
406 2897 432 2915 c.
515 2883 547 2914 b.
569 2893 694 2923 quarum
717 2895 742 2913 c.
826 2891 852 2913 c.
874 2884 962 2912 immo
985 2881 1188 2921 praecedenti.
1223 2882 1260 2913 V.
1281 2893 1374 2922 supra
1392 2892 1424 2922 p.
1441 2881 1510 2912 245.

166 2948 200 2984 1.
226 2948 270 2985 V.
297 2958 355 2994 ep.
373 2948 420 2985 84
444 2958 555 2994 supra
578 2958 614 2994 p.
635 2947 715 2983 158.
