1924 3288
575 202 775 234 wmALm
802 202 1023 234 nprs'rom
1053 202 1123 234 226.
1539 189 1626 235 345
1671 174 1674 177 Δ

70 297 209 343 Semel
239 300 468 355 correptus,
500 297 551 342 de
581 300 718 342 cetero
749 298 1036 342 emendabitis.
1138 297 1207 343 Ad
1235 297 1470 357 penultima
1488 302 1629 344 vestra
1654 302 1747 340 1150

66 377 179 421 inter
205 376 345 434 prima
373 379 519 420 nostra
539 375 658 420 vobis
688 376 1002 433 respondemus,
1035 377 1159 434 quod,
1192 377 1357 435 quando
1387 377 1628 421 conveneri-
1657 353 1744 385 hb*

67 455 195 511 mus,
217 453 342 512 plura
369 453 583 499 dilectioni
611 457 776 499 vestrae
805 455 961 499 referre
990 455 1256 512 habebimus,
1289 465 1371 513 que·
1397 458 1446 499 ut
1473 455 1627 500 litteris

67 530 380 589 mandarentur,
411 546 490 577 nec
514 533 640 577 breve
669 545 747 576 1166
775 535 913 576 tutum
943 533 1036 577 fuit.
1091 533 1291 578 Preterea
1319 533 1474 578 multa'
1504 534 1627 578 nobis

68 611 240 669 dempta
269 613 380 667 sunt,
413 624 465 655 ex
497 624 544 655 eo
564 610 771 667 videlicet,
804 611 914 667 quod
933 610 1023 655 Deo
1055 612 1106 656 de
1137 612 1262 656 coelis
1294 611 1524 656 distillante
1547 612 1627 655 mi-

68 689 351 745 sericordiam,
383 687 544 745 Guelso,
576 702 671 733 cum
702 689 893 733 omnibus
923 689 1011 733 fere
1040 690 1279 735 hominibus
1310 691 1397 734 suis
1422 704 1447 734 a
1464 690 1628 735 iuniore
1650 702 1737 733 Febr.
1750 704 1769 734 8

67 781 166 824 rege
199 781 342 826 pugna
371 771 613 825 superatus,
651 770 798 825 captus
830 770 905 811 est.
966 767 1024 812 Et
1054 768 1264 825 opinabile
1294 768 1464 826 quidem
1493 771 1558 812 est
1587 771 1630 812 et

67 845 206 891 veraci
227 845 490 890 coniecturae
511 846 613 890 satis
634 849 973 902 consentaneum,
1006 847 1130 903 quod,
1154 847 1191 890 si
1211 846 1291 891 hoc
1308 847 1466 891 bonum
1485 846 1630 891 divina

67 924 290 970 clementia
324 938 411 968 non
449 927 559 968 esset
586 923 760 980 largita,
797 938 971 980 magnos
1001 925 1048 968 in
1077 938 1205 981 regno
1236 928 1375 969 motus
1404 925 1534 970 fuisse
1563 925 1628 969 fu-

66 1006 203 1060 turos,
243 1016 347 1060 quos
386 1016 498 1047 nunc
537 1016 589 1047 ex
625 1002 740 1046 facili
777 1016 901 1060 posse
944 1003 1166 1061 comprimi
1204 1006 1247 1047 et
1276 1002 1471 1047 suffocari
1501 1002 1628 1048 confi-

67 1081 226 1136 dimus;
259 1095 338 1138 que
368 1081 533 1139 plenius
565 1095 590 1124 a
619 1080 769 1125 clerico
800 1083 940 1125 vestro
970 1080 1021 1125 E.
1048 1094 1296 1137 cognoscere
1326 1081 1534 1139 poteritis.
1580 1081 1629 1125 In

69 1162 272 1217 quantum
307 1170 406 1203 vero
442 1158 676 1215 intelligere
714 1162 757 1203 et
793 1159 1023 1204 diiudicare
1051 1162 1193 1217 potest
1228 1163 1374 1203 nostra
1404 1160 1628 1216 capacitas,

68 1238 261 1282 dominus
291 1241 434 1282 noster
470 1251 548 1282 rex
578 1251 700 1281 omne
731 1237 917 1281 studium
948 1241 990 1282 et
1020 1238 1241 1282 consilium
1271 1251 1395 1282 suum
1424 1238 1631 1282 convertit

70 1316 124 1360 ad
152 1315 432 1374 disponendas
463 1318 506 1360 et
534 1315 737 1371 gerendas
766 1329 834 1360 res
865 1315 1075 1373 publicas,
1105 1329 1184 1360 nec
1212 1316 1336 1360 modo
1367 1319 1534 1373 tempus
1563 1330 1629 1360 re-

68 1394 192 1438 dimit
226 1406 304 1438 nec
341 1407 487 1438 causas
524 1393 808 1451 perfunctorio
845 1394 1029 1437 transitu
1066 1394 1209 1438 eludit.
1271 1394 1373 1438 Inde
1404 1397 1468 1438 est
1505 1394 1629 1451 quod,

69 1473 272 1517 ordinatis
303 1473 412 1517 serio
444 1475 487 1516 et
516 1471 822 1516 rationabiliter
850 1472 976 1516 rebus
1008 1472 1114 1528 suis,
1152 1486 1231 1529 que
1262 1486 1316 1517 ex
1346 1472 1528 1529 quadam
1556 1486 1630 1516 ne-

69 1552 251 1596 cessaria
280 1551 389 1606 serie
411 1550 715 1608 quodammodo
735 1553 1031 1594 concatenatae
1059 1554 1170 1607 sunt,
1202 1550 1456 1608 colloquium
1475 1550 1630 1595 habere

68 1629 160 1674 vult
189 1643 285 1674 cum
316 1628 551 1673 Saxonibus
581 1629 627 1672 in
658 1628 868 1672 dominica
897 1642 980 1685 qua
1009 1631 1203 1673 cantatur
1227 1630 1378 1673 Indica
1403 1645 1468 1673 me
1487 1626 1630 1673 Deu8¹

70 1708 181 1766 apud
194 1707 394 1761 Fuldam3
415 1707 489 1751 ubi
503 1720 577 1751 vos
596 1707 799 1751 interesse
818 1707 954 1751 modis
976 1707 1168 1751 omnibus
1188 1708 1362 1751 mandat
1378 1710 1420 1751 et
1434 1707 1627 1765 precipit.

68 1785 236 1830 Mittere
266 1785 421 1830 etenim
440 1784 618 1828 Romam
637 1798 734 1829 cum
753 1785 959 1840 gravitate
981 1798 1135 1841 magna
1155 1788 1197 1829 et
1215 1786 1336 1841 regni
1357 1798 1406 1829 ac
1423 1799 1630 1843 personae

71 1877 171 1908 suae
199 1863 418 1908 honestate
436 1862 631 1918 intendit,
661 1862 708 1905 in
728 1863 877 1919 quibus
900 1863 1025 1907 rebus
1045 1866 1185 1907 vestro
1205 1863 1434 1921 plurimum
1455 1863 1628 1907 consilio

69 1942 285 1996 innititur3
318 1944 361 1985 et
388 1954 466 1984 nos
494 1943 697 1997 tanquam
717 1941 949 1998 captivatos
968 1955 1101 1998 usque
1122 1941 1176 1985 ad
1196 1942 1422 1985 adventum
1441 1944 1630 1985 vestrum

69 2023 196 2065 tenet.
244 2019 440 2064 Defixum
459 2018 584 2076 plane
606 2021 648 2062 et
665 2022 806 2062 ratum
827 2022 891 2063 est
911 2019 1024 2077 apud
1042 2020 1195 2077 ipsum,
1228 2019 1351 2076 quod,
1383 2019 1420 2063 si
1443 2033 1629 2064 sororem

71 2095 212 2143 suam²
233 2098 388 2155 absque
420 2097 547 2140 armis
576 2097 622 2140 in
642 2096 860 2142 Poloniam
880 2097 1079 2142 reducere
1098 2098 1296 2155 potuerit,
1327 2111 1427 2141 mox
1457 2098 1629 2155 expedi-

70 2177 229 2221 tionem
246 2176 438 2220 Italicam
457 2174 677 2231 magnifico
699 2179 905 2233 apparatu
925 2175 1147 2220 ordinabit.
1187 2175 1321 2233 Super
1341 2190 1423 2233 quo
1445 2189 1522 2220 nos
1542 2176 1629 2220 iam

72 2255 263 2299 dubitare
281 2268 367 2299 non
391 2254 603 2309 audemus,
636 2256 678 2297 et
706 2254 903 2310 maxime,
924 2267 1020 2298 cum
1050 2253 1103 2298 ad
1132 2254 1366 2310 consilium,
1403 2255 1514 2311 quod
1542 2254 1629 2298 iam

71 2336 326 2391 captaverat,
356 2333 464 2376 hanc
493 2331 728 2375 mirabilem
758 2336 800 2376 et
818 2332 1075 2390 insperatam
1094 2333 1421 2390 oportunitatem
1439 2333 1629 2390 propicia

73 2411 271 2455 divinitas
307 2412 346 2455 ei
377 2410 586 2454 adiecerit.
649 2409 816 2466 Cetera,
848 2423 943 2454 cum
972 2411 1185 2466 veneritis,
1216 2410 1380 2468 plenius
1411 2411 1502 2455 Deo
1531 2425 1627 2468 pre-

73 2492 210 2533 stante
240 2489 511 2533 eonferemus.
611 2487 699 2539 Que
719 2488 841 2544 pueri
860 2488 1095 2545 didicimus,
1125 2489 1212 2533 iam
1233 2503 1352 2533 senes
1373 2489 1625 2546 experimur.

181 2566 366 2622 Coelum,
396 2580 482 2610 non
513 2566 699 2610 animum
728 2568 906 2622 mutant,
938 2567 1010 2624 qui
1037 2570 1154 2611 trans
1184 2581 1301 2611 mare
1330 2570 1522 2611 currunt:

73 2643 121 2687 In
158 2657 266 2700 aqua
302 2644 491 2688 Iordanis
529 2646 703 2701 peccata
739 2647 878 2687 vestra
916 2644 1083 2689 abluere
1120 2646 1339 2703 potuistis,
1387 2649 1451 2689 set
1488 2658 1626 2688 mores

40 2738 45 2745 ·
72 2724 234 2766 vestros
265 2721 403 2766 eluere
432 2736 517 2766 non
546 2721 763 2779 potuistis3
803 2722 957 2766 etenim
993 2736 1077 2766 non
1118 2723 1252 2767 solum
1282 2737 1419 2767 mores
1450 2725 1625 2778 vestros,

74 2802 138 2843 set
167 2799 295 2843 etiam
322 2800 610 2844 morositatem
640 2799 737 2843 inde
766 2799 980 2844 retulistis.

172 2909 197 2931 a..
225 2900 304 2931 mala
322 2902 470 2932 excidisse
490 2901 613 2932 videtur.

169 2964 202 3000 1.
227 2963 318 3009 Apr.
335 2965 370 3000 2.
465 2965 499 3000 2.
523 2964 720 3011 Agnetem.

709 3047 989 3055 .—
