1924 3288
315 188 403 233 438
761 201 961 231 wmALm
990 201 1238 233 nmsrromn·
1266 201 1337 232 309.
1363 201 1434 232 310.

93 298 185 334 1150
199 310 245 331 ex·
262 316 294 321 -
315 295 516 351 curastis,
557 294 756 352 quatinus
788 295 842 339 ad
869 308 1019 353 pacem
1049 299 1092 340 et
1121 297 1386 340 concordiam
1415 295 1646 343 Mindensis
1683 297 1882 343 ecclesius

91 347 181 382 1151
197 348 238 378 in.

89 1311 181 1346 1150
196 1323 241 1342 ex.
258 1329 290 1332 —

88 1359 178 1394 1151
195 1361 235 1390 in.

314 373 361 417 in
391 387 518 417 causa
547 373 742 428 magistri
763 371 996 418 Godeboldi
1024 374 1324 430 laboraremus,
1355 375 1417 418 ita
1444 388 1558 420 nunc
1585 376 1638 420 in
1654 388 1783 420 eausa
1799 375 1881 421 Rs-

315 451 517 507 genberni
545 450 726 506 benigno
758 451 892 495 adniti
931 451 1070 496 studio
1102 452 1354 508 dignemini,
1391 466 1446 496 ne
1476 453 1578 510 quid
1612 453 1659 498 in
1689 467 1784 498 eum
1812 453 1882 499 vel

314 529 448 586 ipsius
480 528 791 586 possessionem
820 532 962 586 preter
992 529 1059 573 ius
1099 532 1142 573 et
1172 544 1325 587 equum
1356 530 1615 575 admittatur.
1667 530 1883 589 Siquidem

314 606 622 651 ecclesiasticae
651 607 938 663 possessiones
970 607 1148 651 seculari
1177 609 1268 652 iure
1297 621 1382 651 non
1409 611 1508 652 sunt
1527 608 1764 654 omnimodo
1785 622 1881 655 cen-

314 684 488 739 sendae3
522 677 565 728 et
595 683 704 728 sicut
733 684 935 728 canonica
965 684 1106 729 clerici
1135 686 1227 730 iure
1257 685 1364 730 laico
1394 685 1645 742 regulariter
1666 700 1753 732 non
1773 687 1880 732 aeci-

311 762 450 819 pitur,
487 762 550 806 ita
588 762 717 806 etiam
755 775 841 806 non
878 762 962 806 nisi
999 763 1145 807 ordine
1177 763 1376 807 canonico
1407 764 1628 810 amittitur.
1690 765 1881 825 Sapienti

313 843 380 883 sat
409 839 570 883 dictum
601 842 678 895 est,
711 839 810 896 quia
840 839 892 883 de
921 842 1064 898 parvis
1091 841 1283 885 odiorum
1302 842 1499 886 fomentis
1519 843 1732 890 maximae
1749 844 1882 890 inter·

313 917 414 961 dum
443 917 695 962 inimiciciae
726 920 769 961 et
796 915 951 961 infiniti
981 918 1146 963 labores
1179 923 1458 964 succrescunt.

317 1058 433 1106 310.
459 1060 671 1104 Wibaldus
692 1060 954 1104 stabulenses
975 1063 1157 1116 consulit,
1189 1079 1290 1106 num
1312 1065 1369 1106 eis
1390 1079 1588 1122 praeesse
1607 1072 1755 1113 cesset·
1785 1065 1878 1110 En-

454 1139 599 1196 ponit,
640 1154 714 1181 our
753 1154 804 1182 ex
841 1155 984 1182 eonem
1019 1142 1266 1184 monasterio
1303 1157 1347 1184 se
1387 1142 1493 1184 clam
1535 1142 1750 1187 Gon-bedam
1783 1144 1879 1188 sub·

462 1216 638 1258 duxerit.
1661 1218 1735 1274 (M.
1749 1219 1879 1275 293.)

431 1303 580 1348 Frater
599 1303 851 1359 W(ibaldus)
873 1304 953 1349 Dei
974 1305 1112 1361 gratia
1136 1306 1194 1362 id,
1226 1307 1338 1363 quod
1359 1310 1424 1351 est
1442 1307 1488 1351 in
1517 1307 1719 1353 aecclesia
1737 1309 1880 1354 catho—

312 1382 408 1438 lica,
438 1381 655 1436 R(oberto)
687 1382 844 1425 decano
867 1386 909 1426 et
930 1383 1079 1427 ceteris
1102 1383 1361 1428 Stabulensis
1393 1385 1619 1431 aecclesiae
1647 1385 1761 1444 filiis,
1788 1387 1878 1445 spi-

311 1461 398 1504 ritu
428 1460 594 1504 consilii
625 1463 668 1504 et
695 1460 955 1504 fortitudinis
987 1461 1211 1506 abundare.

430 1538 678 1582 Deliberare
709 1538 898 1593 cogimur
928 1538 980 1582 de
1004 1539 1132 1583 verbo
1163 1542 1207 1583 et
1236 1539 1290 1583 ad
1320 1538 1514 1584 effectum
1542 1541 1606 1585 rei
1634 1541 1876 1599 perducere,

313 1616 425 1673 quod
457 1629 556 1673 sepe
585 1616 632 1660 in
662 1619 870 1660 conventu
899 1619 1040 1660 vestro
1069 1619 1274 1661 tractasse
1303 1631 1380 1661 nos
1400 1618 1548 1662 recolit
1565 1622 1708 1664 vestra
1724 1620 1877 1665 fitter-

312 1695 445 1750 nitas,
483 1694 680 1738 videlicet
710 1693 822 1750 quod
851 1693 1011 1738 duobus
1041 1695 1309 1739 monasteriis
1339 1699 1428 1739 tam
1455 1695 1580 1752 longe
1609 1697 1876 1755 distantibus,

311 1776 401 1816 tam
439 1771 605 1829 amplae
639 1771 918 1829 possessionis
958 1775 1001 1816 et
1038 1772 1224 1817 familiae
1260 1787 1430 1831 preesse
1467 1788 1732 1832 nequaquam
1761 1775 1876 1820 suffi-

312 1850 466 1907 cimus,
503 1850 604 1894 licet
633 1850 659 1894 a
687 1849 902 1905 magistris
932 1850 1228 1894 aecclesiarum
1259 1854 1302 1895 et
1338 1865 1364 1895 a
1402 1851 1570 1896 domino
1604 1856 1749 1898 nostro
1777 1867 1876 1910 rege

313 1929 580 1972 serenissimo
619 1927 847 1972 clementer
885 1928 1192 1985 permittamur.
1241 1928 1406 1980 Quanta
1436 1930 1548 1973 enim
1577 1930 1742 1975 malitia
1767 1934 1877 1976 tem-

311 2006 484 2063 poribus
515 2005 609 2049 istis
639 2005 879 2060 increverit,
911 2005 1076 2061 quando
1106 2019 1185 2050 nec
1214 2020 1291 2063 per
1312 2007 1663 2052 aecclesiasticam
1691 2021 1779 2053 nec
1797 2022 1876 2067 per

313 2083 544 2128 secularem
572 2083 786 2127 iusticiam
816 2082 1083 2139 adiuvamur,
1123 2084 1376 2128 miserabilis
1405 2085 1594 2142 vexatio,
1635 2099 1742 2143 quae
1771 2075 1875 2131 'ecti-

312 2161 448 2204 dianis
479 2161 642 2218 rapinis
674 2164 716 2205 et
744 2160 1054 2205 incursionibus
1084 2163 1387 2206 monasterium
1406 2166 1594 2207 vestrum
1623 2163 1804 2222 dissipat
1830 2167 1875 2209 et

313 2237 483 2294 affligit,
524 2239 829 2295 experientiam
859 2241 1045 2282 vestram
1075 2240 1312 2284 crudelibus
1350 2241 1610 2285 documentis
1637 2241 1874 2298 intelligam

310 2316 511 2360 fecerunt.
561 2315 635 2359 Set
664 2316 773 2359 sicut
803 2315 856 2359 ad
886 2316 1074 2371 regimen
1103 2316 1367 2362 Corbeiensis
1404 2319 1650 2363 monasterii
1677 2319 1873 2379 precipiti

313 2394 540 2437 ambitione
570 2407 655 2437 non
686 2392 1001 2450 declinavimus,
1033 2398 1097 2438 set
1125 2399 1224 2453 post
1253 2395 1440 2439 divinam
1467 2409 1546 2453 per
1568 2390 1871 2441 electionisca-

312 2471 487 2516 nonicae
515 2471 686 2514 titulum
716 2471 978 2515 vocationem
1009 2476 1150 2516 vestra
1184 2473 1230 2516 in
1267 2473 1460 2517 omnibus
1495 2474 1744 2518 auctoritate
1773 2487 1871 2519 con-

313 2549 407 2594 silio
439 2552 482 2593 et
511 2548 773 2593 ordinatione
802 2549 869 2592 usi
899 2549 1077 2604 fuimus3
1109 2550 1170 2594 ita
1198 2563 1329 2606 nunc,
1360 2565 1503 2595 rerum
1532 2550 1799 2596 difficultates
1829 2555 1873 2597 et

311 2627 500 2686 pericula
520 2626 696 2671 sollicite
716 2630 941 2683 pensantes
963 2630 1006 2670 et
1024 2630 1142 2671 tanto
1162 2628 1339 2685 ponderi
1353 2629 1520 2685 penitus
1541 2629 1869 2686 succumbentes,

314 2706 367 2749 ad
404 2708 649 2749 consuetum
688 2704 817 2748 vestri
855 2705 1020 2748 consilii
1057 2705 1271 2749 oraculum
1307 2705 1556 2762 refugimus,
1594 2706 1709 2750 nullo
1745 2707 1870 2752 modo

313 2783 565 2838 dubitantes,
588 2782 689 2839 quin
709 2781 799 2837 hoc,
828 2782 938 2838 quod
958 2782 1002 2825 in
1022 2796 1069 2826 re
1089 2786 1176 2826 tam
1197 2783 1371 2840 ancipiti
1391 2786 1434 2827 et
1454 2784 1479 2827 a
1498 2787 1667 2828 nostrae
1687 2785 1869 2842 optionis

313 2861 544 2918 capacitate
578 2863 668 2904 tam
697 2861 859 2903 remota
888 2860 1008 2903 nobis
1041 2874 1066 2903 a
1094 2864 1258 2904 vestrae
1287 2861 1563 2905 fraternitatis
1594 2861 1868 2906 unanimitate

312 2938 440 2983 fuerit
467 2938 715 2993 iniunctum,
746 2937 773 2981 a
801 2936 944 2980 divina
973 2937 1029 2981 sit
1058 2938 1346 2982 misericordia
1374 2942 1417 2983 et
1441 2939 1751 2996 dispensatione
1769 2952 1867 2996 pro-
