1924 3288
299 139 388 184 536
803 150 1002 183 wmALm
1030 151 1250 184 nns'rom
1280 151 1352 184 402.

167 249 260 286 1152
302 238 438 290 officio
468 245 735 304 pontificatus
765 245 998 303 immineat,
1028 247 1322 306 perspeximus
1352 248 1570 294 contineri.
1613 247 1720 295 Gum
1749 250 1862 296 enim

146 299 222 338 ΑΨ
238 299 277 330 ¹⁷
300 324 346 367 in
376 324 601 368 aecclesiae
630 324 788 368 vertice
818 324 912 368 sitis
942 337 994 369 ex
1025 325 1168 370 divina
1196 326 1464 384 providentia
1483 326 1714 384 constituti,
1741 330 1792 387 ut
1809 328 1863 375 de

300 401 440 446 medio
461 402 564 458 eius,
597 415 703 459 quae
721 402 880 446 fuerint
906 402 1069 459 nociva,
1099 403 1347 461 propellere,
1379 418 1486 462 quae
1510 404 1646 462 utilia,
1675 405 1862 452 debeatis

302 483 460 524 attento
492 479 631 523 studio
661 493 922 536 conservare,
951 480 998 524 in
1017 494 1145 526 causa
1162 481 1259 538 ista,
1291 482 1400 526 sicut
1427 496 1481 527 ex
1500 483 1765 540 suggestione
1791 483 1863 529 lit-

300 561 489 602 terarum
518 560 754 602 vestrarum
783 557 904 602 nobis
934 559 1130 616 innotuit,
1161 566 1269 604 non·
1290 560 1391 616 quid
1414 561 1611 618 expediat
1640 560 1865 607 aecclesiae

301 635 396 691 Dei,
428 635 529 692 quid
559 648 773 680 sacrorum
804 649 1011 680 canonum
1042 638 1248 682 sanctioni
1278 638 1514 695 concordet,
1544 639 1645 696 quid
1667 638 1819 685 exinde
1837 639 1865 685 ό.

302 713 448 757 celesti
468 713 627 758 arbitro
648 714 954 771 comprobetur,
984 718 1049 759 set
1078 715 1179 772 quid
1205 716 1384 760 terrenis
1404 716 1667 774 principibus
1685 716 1864 775 placeat,

302 791 554 835 attendistis.
614 791 673 835 Et
702 791 775 848 qui
805 805 949 836 eorum
980 792 1141 836 animos
1181 794 1207 837 a
1242 807 1319 837 sua
1347 794 1487 838 minus
1516 797 1633 839 recta
1660 794 1864 840 debuistis

301 869 534 913 intentione
572 868 791 914 deflectere
829 873 954 927 atque
991 870 1065 915 ubi
1102 874 1213 915 esset
1249 871 1422 916 Domini
1457 872 1529 916 via
1564 872 1864 931 demonstrare,

301 961 387 991 non
416 947 686 1004 persuasistis
717 947 828 1004 quod
856 951 1018 992 rectum
1049 951 1126 1005 est,
1157 960 1235 992 nec
1265 949 1441 993 stetistis
1470 964 1616 995 murus
1642 964 1721 1009 pro
1740 950 1864 996 domo

301 1022 475 1086 Israel¹3
516 1025 617 1082 quin
655 1025 785 1069 immo
815 1025 921 1083 ipsis
929 1026 960 1082 b,
998 1029 1047 1070 ut
1077 1027 1138 1070 ait
1166 1026 1386 1084 propheta,
1416 1028 1623 1085 parietem
1652 1027 1865 1074 ediffican-

301 1103 428 1159 tibus,
459 1117 548 1159 vos,
581 1103 693 1160 quod
722 1103 814 1147 sine
833 1104 983 1159 grandi
1004 1104 1134 1148 animi
1154 1117 1328 1149 rancore
1347 1105 1422 1148 vix
1448 1105 1639 1163 dicimus,
1667 1105 1866 1152 linivistis

301 1180 422 1224 illum
450 1180 540 1224 11110
571 1181 726 1238 absque
755 1178 925 1238 paleis².
971 1182 1067 1226 Non
1104 1183 1166 1226 sic
1195 1182 1403 1227 sentiebat
1430 1183 1627 1242 princeps
1656 1184 1866 1243 apostolo-

301 1272 418 1315 rum,
458 1259 530 1316 qui
560 1272 614 1303 ex
642 1257 741 1302 fidei
771 1272 872 1303 suae
902 1260 1182 1317 confessione,
1219 1263 1268 1304 ut
1296 1261 1431 1305 tocius
1462 1261 1688 1308 aecclesiae
1714 1262 1866 1308 funda-

301 1339 492 1381 mentum
522 1338 652 1392 esset,
692 1337 874 1394 accepit3
914 1341 978 1382 set
1016 1339 1367 1383 comminantibus
1405 1339 1535 1384 seculi
1563 1338 1662 1385 filiis
1692 1343 1737 1386 et
1764 1354 1865 1400 apo-

302 1414 435 1471 stolis,
467 1414 505 1458 si
533 1414 802 1472 predicarent
830 1416 877 1459 in
906 1417 1075 1461 nomine
1104 1417 1213 1474 Iesu,
1243 1418 1392 1461 mortis
1414 1418 1710 1463 exterminium
1727 1411 1866 1464 inten-

301 1493 504 1548 tantibus,
536 1491 716 1537 confisus
747 1493 798 1537 de
826 1492 999 1537 Domini
1028 1495 1197 1551 virtute,
1227 1495 1463 1553 respondit:
1499 1496 1672 1554 Oportet
1701 1497 1866 1542 obedire

302 1571 396 1615 Deo
427 1573 563 1629 mayis
595 1587 723 1629 quam
752 1569 1023 1616 hominibus³.
1069 1572 1155 1617 Vos
1187 1576 1346 1629 autem,
1376 1587 1430 1618 ne
1460 1587 1487 1617 a
1514 1574 1694 1619 terrenis
1722 1574 1865 1620 videa-

302 1648 408 1692 mini
437 1649 699 1707 principibus
731 1649 975 1706 dissentire,
1010 1649 1074 1694 illi
1106 1663 1255 1695 causae
1285 1655 1473 1696 vestrum
1500 1651 1688 1697 favorem
1715 1652 1864 1712 inpen-

302 1726 423 1782 ditis,
460 1727 528 1770 cui
559 1730 602 1771 et
631 1727 964 1773 aecclesiasticae
995 1729 1221 1773 auctoritas
1251 1729 1558 1774 constitutionis
1589 1733 1632 1775 et
1660 1744 1866 1790 supernae

301 1803 531 1848 voluntatis
553 1819 729 1850 examen
749 1819 827 1864 pro
849 1809 962 1850 certo
982 1807 1166 1851 creditur
1186 1807 1368 1852 obviare.
1467 1807 1573 1852 Cum
1595 1808 1707 1853 enim
1725 1812 1864 1854 trans-

302 1881 480 1926 lationes
512 1882 806 1942 episcoporum
836 1884 927 1929 sine
955 1885 1203 1930 manifestae
1222 1885 1418 1930 utilitatis
1447 1889 1490 1930 et
1507 1886 1770 1932 necessitatis
1797 1887 1864 1932 in·

304 1959 412 2003 dicio
451 1960 617 2006 divinae
654 1961 759 2018 legis
799 1962 1014 2007 oraculum
1058 1962 1150 2007 fieri
1185 1977 1271 2008 non
1313 1964 1551 2022 permittat,
1596 1977 1691 2009 cum
1736 1964 1861 2010 etiam

303 2037 437 2081 multo
469 2038 650 2096 amplior
681 2053 807 2097 quam
836 2041 882 2084 in
913 2041 1007 2085 aliis
1039 2041 1310 2086 electionibus
1340 2041 1442 2086 cleri
1472 2045 1514 2087 et
1535 2042 1682 2101 populi
1702 2056 1773 2088 eas
1792 2042 1864 2089 de-

304 2115 402 2160 beat
430 2116 650 2174 prevenire
681 2117 926 2175 concordia,
956 2119 1002 2162 in
1030 2119 1224 2164 facienda
1251 2119 1526 2165 translatione
1555 2120 1607 2166 de
1634 2120 1866 2167 venerabili

303 2194 435 2238 fratre
462 2197 607 2238 nostro
628 2194 918 2251 C(uicmanno)
950 2196 1114 2242 Cicensi
1145 2198 1340 2256 episcopo
1370 2198 1500 2242 nichil
1528 2198 1675 2243 horum
1707 2202 1772 2244 est
1800 2201 1866 2245 set

305 2271 418 2316 solus
438 2272 558 2316 favor
577 2273 781 2331 principis
803 2279 1083 2332 exspectatus,
1115 2278 1158 2320 et
1179 2289 1257 2321 nec
1275 2276 1466 2335 inspecta
1483 2277 1732 2322 necessitate
1749 2276 1863 2323 illius

306 2349 530 2394 aecclesiae
559 2364 638 2396 nec
664 2352 927 2397 considerata
944 2353 1126 2398 utilitate
1145 2368 1363 2412 personae,
1394 2354 1503 2400 clero
1522 2354 1704 2412 nolente,
1732 2355 1863 2401 immo

304 2431 353 2472 ut
382 2428 537 2472 dicitur
567 2442 619 2473 ex
648 2430 836 2474 maxima
864 2435 986 2488 parte
1004 2431 1271 2489 reclamante,
1301 2433 1347 2477 in
1367 2432 1738 2490 Madeburgensem
1767 2447 1864 2479 eum

304 2506 444 2550 dicitis
484 2506 728 2551 aecclesiam
764 2509 1171 2566 transplantandum.
1236 2509 1371 2569 Super
1409 2525 1491 2568 quo
1526 2514 1644 2556 tanto
1682 2510 1862 2570 amplius

305 2585 592 2641 ammiramur,
624 2588 794 2642 quanto,
823 2600 1006 2643 persona
1024 2587 1099 2631 illa
1121 2588 1240 2632 cuius
1267 2589 1488 2645 gravitatis
1507 2589 1563 2633 sit
1582 2592 1707 2647 atque
1727 2589 1861 2635 scien-

303 2662 402 2719 tiae,
434 2663 487 2707 ab
519 2663 721 2708 anteactis
753 2665 997 2719 agnovimus
1029 2679 1078 2710 ac
1106 2666 1294 2724 perinde,
1325 2670 1527 2724 quantum
1547 2666 1771 2712 aecclesiae
1796 2666 1861 2712 illi

305 2741 361 2785 sit
378 2740 510 2797 utilis,
540 2754 626 2785 11011
644 2741 812 2799 penitus
839 2742 1093 2797 ignoramus.
1214 2743 1419 2797 Quoniam
1437 2745 1580 2802 igitur,
1611 2745 1859 2804 quicumque

399 2857 427 2878 a.
453 2857 515 2879 non
536 2859 593 2880 ona.
607 2848 677 2879 cod.
757 2848 788 2879 b.
814 2848 912 2887 ipsius
933 2861 960 2880 c.

400 2906 434 2943 1.
457 2905 593 2943 Ezech.
610 2906 665 2953 13,
682 2905 716 2943 5.
812 2905 846 2942 2.
871 2906 1005 2944 Ezeoh.
1025 2908 1157 2955 13,1o.
1250 2909 1285 2946 3.
1309 2907 1396 2948 Aet.
1412 2908 1446 2955 5,
1462 2908 1521 2947 29.
