1924 3262
495 215 695 248 wmALm
722 214 972 248 nms'ronffl
1001 214 1031 246 9.
1054 214 1103 246 10.
1177 210 1182 213 ’
1531 202 1588 247 83

19 318 253 356 censorum·
268 313 510 355 nostrorum
543 312 849 369 imperatorum
880 311 1102 367 excedere,
1140 309 1208 354 ius
1239 309 1438 354 ecclesiae
1470 309 1588 354 Casi-

18 389 162 435 nensis
192 389 247 434 ad
277 389 518 447 exemplum
547 388 718 433 illorum
746 390 792 433 in
821 389 938 434 nullo
958 389 1139 434 inminui
1157 389 1389 447 patiemur3
1422 401 1589 446 semper

20 467 135 514 enim
171 466 348 512 ecclesia
383 467 481 512 illa“
521 468 567 512 in
602 469 747 524 vigore
786 469 1002 525 religionis
1040 468 1275 526 permansit
1313 467 1590 524 omnibusque

19 545 157 601 forma
186 545 319 591 bonae
349 546 679 591 conversationis
705 547 798 591 fuit.
845 547 966 592 Unde
987 561 1112 592 nosse
1132 561 1206 592 vos
1226 545 1433 603 volumus,
1467 544 1589 603 quiab

21 623 222 670 domnum
255 622 475 669 abbatem¹
505 625 559 670 ad
588 639 665 669 nos
695 625 841 670 venire
870 626 1060 682 fecimus,
1095 626 1159 670 ita
1187 639 1359 670 causam
1391 624 1592 669 ecclesiae

19 705 187 748 vestrae
212 702 395 748 diffinire
403 711 431 760 ⁰,
462 706 510 747 ut
529 703 661 748 nichil
679 703 889 748 libertatis
911 717 1011 748 suae
1031 707 1223 762 tempore
1242 707 1387 748 nostro
1409 703 1589 748 amittat.

19 779 107 826 Vos
144 781 287 838 itaque
316 781 488 826 interim
519 785 562 826 et
591 795 758 840 semper
788 782 924 826 nostri
952 783 999 826 in
1031 782 1290 827 orationibus
1320 782 1474 827 vestris
1503 795 1592 826 me-

21 873 161 904 mores
180 862 328 917 estote,
354 860 631 918 impetrantes
661 860 742 904 hoc
772 860 886 918 apud
903 860 1056 916 Deum,
1082 865 1130 904 ut
1148 874 1299 918 pacem
1317 860 1474 905 nostris
1495 873 1594 904 con-

23 938 146 983 cedat
181 938 454 996 temporibus.
502 937 668 983 Salutat
696 952 772 984 vos
804 939 958 984 dilecta
987 942 1134 983 nostra
1163 939 1383 997 Rychyza,
1424 952 1596 983 causam

22 1019 209 1062 vestram
238 1030 335 1061 cum
365 1017 480 1061 omni
511 1017 732 1062 devotione
764 1017 879 1075 apud
907 1031 984 1061 nos
1015 1031 1263 1075 promovere
1286 1021 1496 1074 satagens,
1528 1020 1595 1061 ut-

24 1108 104 1153 que
141 1095 306 1141 abbatis
343 1109 470 1140 causa
507 1095 737 1140 efficaciam
775 1110 896 1140 suam
931 1095 1085 1141 habeat
1116 1096 1231 1140 omni
1261 1095 1481 1152 diligentia
1511 1094 1597 1140 ela-

23 1172 173 1219 borare
203 1173 379 1219 curabit.

31 1340 111 1388 10.
143 1342 372 1386 Lotharius
399 1344 628 1402 imperator
666 1344 854 1388 Wibaldo
883 1344 1070 1399 mandat,-
1101 1351 1148 1386 ut
1175 1344 1346 1387 Petrum
1378 1344 1600 1387 diaconum

147 1421 406 1472 Casinensem
436 1423 496 1465 ad
522 1438 565 1465 se
594 1421 763 1466 mittatd.

144 1508 369 1555 Lotharius
406 1510 489 1555 Dei
525 1512 663 1567 gratia
697 1511 984 1556 Romanorum
1021 1511 1255 1570 imperator
1293 1514 1495 1567 augustus
1537 1510 1599 1554 di-

26 1587 255 1633 lectissimo
301 1588 416 1633 fideli
453 1603 527 1633 suo
568 1589 776 1635 Guibaldo
817 1589 1038 1635 Casinensi
1076 1589 1303 1646 gerarchae
1343 1592 1385 1634 et
1421 1589 1601 1633 Romani

27 1666 197 1726 imperii
225 1667 477 1712 cancellario
509 1671 551 1712 et
580 1669 784 1724 magistro
816 1668 1032 1727 capellano
1065 1682 1114 1713 ac
1143 1668 1328 1727 principi
1358 1668 1475 1726 pacis
1505 1682 1601 1724 gra-

27 1745 134 1790 tiam
164 1759 286 1790 suam
316 1749 359 1790 et
387 1746 543 1790 bonam
571 1746 845 1791 voluntatem.

149 1824 264 1868 Tuae
293 1823 489 1868 fidelitati
518 1838 595 1883 per
624 1825 866 1883 imperialia
887 1826 1048 1883 scripta
1069 1824 1334 1881 mandamus,
1366 1828 1414 1868 ut
1433 1828 1603 1869 nostrae

32 1916 58 1947 a
86 1902 178 1947 Deo
215 1902 527 1947 conservandae
564 1904 791 1959 magestati
819 1902 1015 1959 Petrum,
1058 1903 1331 1947 Casinensem
1367 1903 1603 1959 diaconum,

32 1982 104 2039 qui
143 1996 169 2026 a
204 1985 352 2026 nostra
388 1981 601 2039 imperiali
639 1981 866 2025 serenitate
901 1981 1117 2037 logotheta
1153 1981 1343 2038 Italicus,
1392 1985 1603 2040 exceptor,

33 2060 282 2105 cartularius
314 2063 357 2104 et
387 2059 628 2118 capellanus
658 2058 839 2103 Romani
868 2059 1037 2118 imperii
1067 2059 1320 2104 constitutus
1352 2063 1429 2116 est,
1466 2063 1605 2103 trans-

33 2139 202 2184 mittere
233 2139 423 2193 studeas3
461 2141 730 2195 recepturus·
760 2151 838 2196 pro
870 2151 971 2182 suae
1001 2137 1218 2182 fidelitatis
1249 2137 1422 2182 servitio
1454 2138 1605 2193 dignae

33 2216 324 2262 retributionis
362 2216 611 2275 praemium.
663 2215 974 2260 Indubitanter‘
1005 2216 1118 2260 enim
1152 2216 1378 2272 noveritis,
1416 2219 1607 2260 nostram

34 2299 312 2352 magestatem
338 2298 380 2339 et
401 2294 661 2339 collaterales
680 2294 852 2352 imperii
881 2297 1056 2352 propter
1087 2295 1360 2352 antiquitates
1392 2297 1434 2338 et
1463 2308 1607 2338 rerum

35 2377 249 2431 gestarum
278 2373 504 2418 relationes
537 2373 626 2417 eius
657 2372 832 2416 minime
861 2372 947 2416 frui
968 2372 1158 2417 absentia
1177 2372 1298 2418 velle.
1336 2372 1458 2416 Mitte
1480 2373 1608 2416 etiam

35 2466 114 2511 per
143 2466 240 2497 eum
271 2452 413 2496 omnia
443 2454 671 2510 praecepta
702 2454 1015 2495 antecessorum
1043 2454 1308 2507 nostrorum,
1346 2464 1453 2507 quae
1484 2449 1524 2494 ei
1555 2450 1609 2493 ad

36 2530 181 2588 Aquas
205 2530 393 2575 Pensiles
425 2530 527 2574 olim
556 2543 634 2574 nos
666 2529 940 2573 custodienda
971 2529 1136 2573 dedisse
1167 2528 1449 2573 meminimus.
1497 2528 1610 2572 Data

38 2609 151 2668 apud
180 2609 428 2654 suburbium
458 2608 740 2668 Tyburtinum
770 2607 908 2664 pridie
938 2606 1032 2651 Kal.
1061 2606 1271 2652 Octubris.

133 2767 161 2789 a.
182 2758 342 2790 ecclesiam
361 2758 446 2790 illam
466 2758 514 2789 ed.
597 2756 628 2789 b.
651 2765 709 2798 que
731 2756 780 2789 ed.
864 2766 890 2788 c.
912 2756 1049 2787 volentes
1070 2757 1221 2788 eaecidim
1240 2756 1367 2787 videtur.
1441 2754 1471 2786 d.
1493 2757 1529 2787 In
1551 2756 1611 2787 hac

38 2812 168 2852 epistola
186 2813 384 2853 proponenda
406 2824 477 2844 usuc
498 2823 564 2843 eum
588 2810 818 2844 Wattenbachit
843 2810 973 2842 editione
996 2810 1163 2842 chronicae
1190 2809 1365 2840 monasterii
1385 2811 1558 2842 casinensis
1580 2809 1610 2840 t‘n

38 2867 125 2897 Mon.
142 2867 239 2898 cem.
253 2867 308 2898 SS.
333 2867 403 2898 VII.
421 2867 492 2897 840.
597 2876 624 2897 e.
651 2868 706 2898 sic.
810 2864 832 2896 f.
865 2864 1077 2896 Indubitanter
1107 2878 1141 2885 —
1173 2863 1311 2895 absentia
1341 2862 1421 2894 velle
1452 2874 1509 2895 om.
1541 2860 1610 2894 cod.

39 2920 113 2952 Cu.
135 2919 206 2951 267.

134 2984 169 3023 1.
201 2982 432 3031 Raynaldum
457 2981 774 3029 (Hetruriensem).

1273 3046 1326 3086 6-1-

1614 313 1707 349 1137

1624 362 1689 393 Iun.

1650 1518 1742 1554 1137

1624 1568 1707 1607 Sept.
1719 1568 1758 1598 30
