1930 3224
169 297 239 334 836

80 346 150 377 Mai.
162 348 212 378 22
223 348 263 378 23

136 1940 206 1971 Mai.
219 1940 257 1971 25

291 189 344 233 1’8
828 198 1114 232 TRANSLATIO
1144 199 1296 231 s.vrr1

286 293 511 351 Baltrudis‚
543 308 648 352 quae
678 308 801 340 caeca
829 294 910 338 fuit
940 294 1061 338 annis
1082 293 1278 351 quinque,
1310 296 1353 338 et
1371 306 1525 338 nomen
1544 293 1718 340 alterius
1737 291 1844 340 Ger-

285 371 448 427 lindis⁸‚
480 385 604 416 caeca
622 373 835 417 mensibus
865 372 1022 426 tribus3
1055 375 1180 428 atque
1209 372 1255 416 in
1283 372 1376 430 ipso
1396 371 1487 416 1000
1508 371 1844 417 00111181οω”10-

285 449 424 507 cipere
461 454 716 494 meruerunt.
777 450 929 493 Adfuit
966 449 1095 494 etiam
1125 449 1173 493 in
1201 449 1294 508 ipso
1324 449 1415 494 1000
1445 449 1650 507 puerulus
1673 449 1845 495 noln'ne

284 526 480 571 Warinus
518 528 605 572 fere
647 541 851 571 annorum
891 530 1006 583 octo,
1046 528 1120 584 qui
1148 530 1239 572 erat
1269 541 1322 571 ex
1352 528 1467 571 omni
1495 530 1617 586 parte
1646 526 1844 583 clsufflmg

285 607 327 649 et
370 618 470 648 mox
511 608 558 648 ut
594 604 770 649 accessit
807 604 862 648 ad
895 605 1122 662 feretrum,
1167 605 1229 650 ita
1265 604 1550 650 consolidatae
1585 608 1685 651 sunt
1719 604 1845 651 bases

285 682 394 738 eius,
431 686 480 726 ut
509 696 650 726 coram
680 682 872 726 omnibus
903 686 1146 739 exurgeret⁶
1177 686 1219 728 et
1247 683 1509 727 thuribulum
1538 696 1636 728 cum
1662 681 1845 741 thymin-

282 763 394 804 mate
429 759 702 817 vespertinali
746 759 881 806 officio
919 760 1055 806 circa‘¹
1092 760 1224 806 altare
1262 764 1306 806 et
1341 775 1419 819 per
1456 764 1591 806 totam
1626 759 1846 807 eeclesiam

281 840 452 894 portare
482 837 653 882 valeret.

400 914 574 959 Postera
604 915 671 959 die
700 915 784 960 iter
814 916 1032 972 agentibus
1061 916 1109 960 in
1137 916 1208 960 via
1237 917 1419 961 occurrit
1449 915 1655 973 quaedam
1674 914 1845 972 mulier,

281 991 419 1036 ferens
464 993 510 1036 in
554 992 740 1037 humeris
786 1007 965 1051 puerum
1004 993 1229 1052 parvulum
1263 997 1334 1038 ut⁰
1371 994 1602 1052 putabatur
1637 1006 1845 1039 annerum

281 1070 483 1126 quinque,
523 1070 567 1115 ar
595 1071 809 1116 mensibus
844 1085 944 1116 vero
982 1072 1162 1129 quinque
1193 1071 1421 1116 claudum⁸.
1477 1071 1592 1124 Quae
1627 1083 1725 1117 cum·
1757 1084 1845 1116 non

280 1147 439 1192 valeret
476 1162 579 1205 prae
608 1149 734 1193 turba
763 1162 859 1194 cum
887 1150 981 1207 ipso
1013 1150 1208 1194 accedere
1240 1150 1294 1194 ad
1322 1150 1546 1206 feretrum,
1583 1149 1769 1208 propriis
1796 1149 1845 1194 in

279 1228 439 1270 terram
484 1226 645 1270 dimisit
685 1227 738 1271 ab
774 1227 980 1283 humeris3
1027 1231 1070 1272 et
1105 1228 1301 1284 ingerens
1339 1241 1384 1272 se
1422 1228 1470 1271 in
1506 1227 1646 1272 medio
1681 1225 1844 1285 populi,

279 1303 451 1347 tandem
490 1305 684 1361 pervenit
721 1304 776 1348 ad
811 1304 1016 1361 loculum,
1061 1305 1135 1350 ubi
1173 1319 1324 1363 corpus
1360 1305 1574 1350 ferebatur
1610 1304 1845 1350 beatissnni

278 1382 502 1445 martyris,
549 1381 873 1439 expandensque
912 1396 1039 1440 super
1075 1383 1215 1440 ipsum
1252 1383 1450 1439 linteum,
1495 1383 1669 1427 Domini
1705 1381 1848 1440 coepit

278 1472 356 1516 pro
388 1459 568 1503 sanitate
597 1460 719 1517 pueri
750 1473 924 1504 exorare
949 1460 1228 1516 clementiam,
1261 1460 1468 1517 simulque
1489 1461 1624 1505 sancti
1642 1459 1845 1518 martyris

278 1535 470 1592 flagitare
509 1537 725 1581 auxilium.
787 1537 889 1581 Post
918 1537 1022 1582 haec
1052 1542 1193 1583 autem
1222 1552 1318 1583 cum
1347 1541 1628 1583 reverteretur
1658 1537 1713 1582 ad
1739 1551 1845 1596 pue-

279 1629 394 1670 rum,
431 1615 524 1672 ipse
559 1629 665 1672 puer
702 1629 828 1659 sanus
867 1618 909 1659 et
938 1615 1094 1672 laetus,
1134 1617 1206 1673 qui
1237 1619 1333 1660 ante
1363 1616 1611 1674 portabatur
1638 1615 1843 1660 maternis
1912 1643 1915 1645 >

279 1692 475 1748 brachiis,
505 1692 714 1750 propriish
745 1693 883 1751 coepit
911 1694 1039 1737 matri
1069 1707 1285 1738 occurrere
1314 1694 1504 1751 pedibus.

399 1771 517 1814 Tunc
553 1784 599 1814 se
638 1770 689 1814 de
718 1770 792 1813 illo
831 1770 922 1814 loco
958 1775 1173 1815 moventes
1204 1775 1479 1829 coeptumque
1507 1771 1590 1815 iter
1618 1770 1841 1826 tenentes‘,

279 1850 561 1905 pervenerunt
588 1848 634 1891 in
664 1847 808 1892 villam
839 1862 946 1904 quae
973 1848 1170 1892 vocaturk
1189 1849 1384 1892 Alnidus'
1397 1846 1428 1904 ¹3
1459 1849 1601 1905 ibique
1625 1851 1748 1893 nocte
1767 1847 1844 1893 1118

280 1929 536 1970 manserunt.
585 1925 691 1969 Cum
722 1929 863 1970 autem
892 1926 938 1969 in
967 1927 1197 1970 crastinum
1223 1926 1287 1970 sol
1313 1926 1574 1971 illucesceret
1591 1939 1846 1983 rursumque

280 2004 362 2047 iter
391 2006 605 2061 pararent,
636 2017 799 2047 moram
828 2003 913 2047 illis
942 2004 1192 2048 facientibus
1223 2007 1348 2061 atque
1376 2004 1602 2048 missarum
1621 2003 1845 2048 sollemnia

280 2084 328 2124 ut
366 2081 538 2137 dignum
576 2084 667 2125 erat
705 2081 1033 2138 celebrantibus,
1074 2082 1208 2126 adfuit
1245 2082 1415 2138 quidam
1454 2081 1626 2126 claudus
1663 2084 1842 2138 utroque

281 2172 403 2214 genu,
434 2158 530 2216 plus
552 2162 692 2203 autem
713 2159 899 2215 dextero,
922 2159 995 2216 qui
1012 2173 1148 2217 paene
1167 2159 1335 2204 natibus
1356 2159 1647 2204 cohaerebat-².
1683 2158 1841 2203 111-11111-

279 2250 383 2293 pens
413 2236 585 2280 turbae¹¹
615 2236 801 2280 medium
830 2250 921 2280 sese
940 2237 1119 2281 inseruit
1138 2237 1292 2281 virtute
1313 2250 1396 2293 qua
1414 2236 1559 2293 valuit,
1588 2235 1858 2293 tandemque.

282 2327 362 2370 quo
400 2314 524 2358 modo
562 2314 701 2371 potuit
738 2314 791 2358 ad
830 2314 1035 2359 cancellos
1067 2314 1233 2370 altaris,
1270 2314 1343 2359 ubi
1373 2317 1565 2358 sanctum
1592 2313 1840 2370 celebratur,

280 2392 484 2449 pervenit.
548 2391 654 2435 Cum
685 2395 824 2435 autem
853 2392 941 2436 fere
970 2406 1048 2450 per
1076 2405 1205 2436 unam
1234 2391 1430 2456 iacuisset
1458 2391 1618 2447 horam,
1653 2391 1841 2449 expleta·

282 2483 362 2526 que
392 2470 490 2513 diu⁰
522 2472 702 2524 orasset,
734 2473 962 2527 coeperunt
990 2470 1180 2514 membra
1209 2469 1298 2514 eius
1328 2468 1648 2514 contremiscere
1677 2471 1720 2514 01
1746 2468 1844 2526 ipse

282 2561 377 2592 cum
411 2561 563 2603 magno
601 2546 781 2603 strepitu
809 2548 1023 2605 suspirare
1053 2551 1178 2604 atque
1207 2546 1334 2592 simul
1361 2560 1518 2603 genua,
1555 2546 1652 2590 diu*
1681 2545 1843 2591 scilicet

375 2665 402 2686 a.
425 2656 506 2686 alias
529 2654 687 2686 Gertrudis
709 2654 737 2684 1.
800 2653 830 2684 b.
852 2654 1013 2686 sanitatem
1032 2654 1148 2685 -loco
1169 2665 1227 2686 om.
1244 2655 1274 2685 1.
1336 2661 1363 2684 c.
1383 2653 1520 2692 surgeret
1540 2653 1570 2684 2.
1631 2652 1662 2683 ᾱ.
1683 2653 1795 2684 circum
1809 2653 1839 2684 2.

283 2717 309 2738 e.
332 2710 363 2738 et
385 2710 413 2738 1.
496 2708 518 2739 f.
539 2717 558 2738 a
578 2719 635 2739 om.
651 2708 680 2737 1.
771 2715 798 2745 g.
826 2707 951 2739 claudus
971 2708 1066 2739 fuisse
1089 2709 1118 2739 1.
1199 2707 1232 2738 h.
1254 2706 1386 2747 propriis
1406 2718 1464 2738 om.
1478 2707 1507 2737 1.
1590 2706 1612 2737 i.
1631 2708 1788 2738 moventes
1809 2707 1839 2738 1.

283 2760 312 2790 k.
340 2761 503 2791 vocabatur
531 2762 558 2791 1.
630 2761 651 2791 l.
678 2760 822 2799 Alvum,
845 2762 927 2792 alias
949 2761 1091 2792 Aru-udus
1113 2762 1141 2792 1.
1213 2769 1253 2791 m.
1281 2759 1482 2792 cohaerebant
1510 2761 1539 2790 2.
1610 2769 1642 2790 n.
1670 2759 1789 2791 turbam
1809 2760 1839 2791 1.

284 2823 312 2843 o.
341 2815 371 2844 et
393 2816 411 2844 2
431 2826 487 2854 pro
510 2813 686 2853 expletaque
708 2814 770 2844 diu.
831 2823 863 2854 p.
885 2815 950 2845 eius
973 2815 1000 2845 1.

379 2884 411 2919 1.
435 2883 586 2930 Aulnay
603 2894 676 2920 aux
690 2883 882 2931 Planches‚
900 2883 948 2922 ab
963 2883 1088 2931 Augia
1102 2883 1151 2921 sd
1166 2882 1355 2929 orientem,
1377 2892 1402 2920 a
1417 2881 1616 2921 Catalauno
1631 2881 1729 2920 inter
1742 2882 1839 2921 oeci-

283 2941 430 2978 dentem
456 2946 494 2979 et
517 2943 717 2979 meridiem.
