1890 3216
1495 702 1555 730 με

120 771 150 808 1.
181 769 387 807 Translatio
411 767 528 805 saneti
550 767 628 805 Viti
669 793 677 801 .
729 793 735 800 .
846 792 1385 802 ..........
1460 765 1481 800 1
1496 783 1540 789 -
1554 763 1601 799 26

103 848 152 886 11.
182 847 343 885 Bovonis
367 846 414 883 de
438 846 495 883 sui
517 844 691 891 temporis
716 843 807 880 actis
830 843 1073 890 fragmentum
1144 869 1387 878 .....
1437 842 1482 878 27

89 925 154 963 ΠΙ.
183 924 344 962 Annales
369 922 610 961 Corbeienses
634 925 672 958 et
695 921 990 969 chronographus
1015 922 1246 959 Corbeiensis
1265 949 1271 956 .
1324 949 1331 956 .
1382 948 1389 955 .
1439 920 1486 957 28
1499 939 1544 946 —
1557 918 1604 955 65

278 1002 336 1038 Ex
360 1000 551 1037 annalibus
574 998 931 1037 Lindisfarnensibus
969 1025 1388 1034 ........
1438 998 1486 1034 32

278 1077 441 1115 Annales
465 1080 529 1114 aut
551 1077 856 1114 monasterienses
881 1080 945 1113 aut
969 1076 1241 1114 werthinenses
1266 1104 1272 1110 .
1324 1103 1331 1110 .
1383 1102 1390 1111 .
1439 1075 1486 1111 32

278 1155 441 1193 Annales
466 1154 704 1191 corbeienses
730 1180 1386 1190 ............
1439 1153 1486 1188 33
1500 1172 1544 1177 -
1557 1151 1604 1187 43

281 1231 586 1279 chronographus
611 1230 840 1268 corbeiensis
857 1257 1392 1266 ..........
1441 1229 1488 1265 43
1502 1249 1546 1254 -
1560 1228 1606 1264 65

91 1313 156 1351 IV.
189 1311 387 1358 catalogus
412 1309 585 1347 abbatum
610 1312 648 1346 et
671 1308 823 1345 fratrum
848 1307 1120 1346 Corbeiensium
1150 1333 1394 1344 .....
1443 1307 1489 1343 66
1502 1326 1546 1332 —
1561 1306 1607 1342 72

280 1389 397 1427 Notae
422 1386 660 1425 Corbeienses
675 1413 1212 1421 ..........
1251 1385 1270 1420 ’.
1322 1413 1329 1420 .
1383 1412 1391 1420 .
1441 1385 1498 1421 72.
1525 1383 1571 1420 73

110 1468 156 1506 V.
187 1467 305 1505 Notae
329 1465 565 1503 stabulenses
589 1464 635 1501 de
658 1463 829 1502 Wibaldo
855 1489 1391 1500 ..........
1441 1462 1498 1499 74.
1525 1461 1571 1498 75

94 1545 158 1584 VI.
189 1543 350 1584 wibaldi
373 1543 549 1591 epistolae
618 1567 1391 1577 ..............
1442 1541 1488 1577 76
1502 1559 1547 1566 —-
1560 1539 1630 1576 616

378 1626 409 1655 in
430 1624 475 1654 hes

285 1693 483 1740 Catalogus
508 1691 681 1730 abbatum
705 1690 1056 1729 walciodorensium
1094 1716 1393 1726 ......
1443 1689 1515 1725 498

285 1771 412 1808 Paetio
435 1771 610 1808 Frideriei
633 1771 651 1807 I
683 1770 781 1817 regis
811 1772 849 1806 et
871 1768 1020 1806 Bertolfi
1044 1769 1097 1807 IV
1127 1768 1231 1805 ducis
1260 1767 1307 1804 de
1332 1767 1396 1804 Ze-

333 1848 462 1895 ringen
506 1871 1395 1883 ................
1443 1844 1515 1881 514

288 1926 409 1972 Leges
438 1925 540 1972 pacis
570 1925 665 1962 inter
695 1924 899 1971 Eugenium
930 1925 984 1961 111
1012 1935 1145 1972 papam
1175 1927 1213 1961 et
1242 1922 1395 1959 Frideri-

335 2013 419 2040 cum
441 2003 460 2039 I
483 2013 607 2049 regem
682 2027 1395 2038 .............
1444 1999 1514 2036 546

288 2079 431 2117 Tabula
466 2081 792 2127 consanguinitatis
823 2080 996 2118 Frideriei
1019 2080 1037 2117 I
1067 2079 1164 2126 regis
1194 2082 1232 2116 et
1258 2078 1398 2115 Adelae

336 2158 485 2204 reginae
507 2182 1397 2193 ................
1446 2154 1514 2191 547

290 2235 407 2273 Notae
430 2235 757 2273 Halberstadenses
801 2259 1397 2270 ...........
1448 2232 1529 2268 602.
1555 2230 1624 2267 603

103 2343 212 2380 Initia
234 2342 467 2390 epistolarum
490 2342 596 2380 huius
620 2342 709 2380 tomi
746 2366 1400 2377 ............
1450 2339 1519 2375 617
1532 2358 1576 2364 -
1590 2338 1660 2374 622

103 2419 219 2458 Index
241 2430 362 2457 rerum
386 2419 671 2458 memorabilium
745 2441 1399 2454 ............
1449 2416 1519 2452 623
1533 2435 1576 2441 —
1590 2415 1659 2451 639

104 2497 328 2544 corrigenda
393 2519 1400 2533 ..................
1449 2492 1520 2529 640
