1924 3288
514 211 712 242 wmALm
740 211 990 242 nrrs'roLAE
1017 211 1086 242 253.
1113 211 1182 242 254.
1541 199 1626 243 379

70 309 212 353 vostra
239 306 375 364 pietas
407 307 550 350 videre
579 320 656 350 nos
686 309 851 350 tantum
872 306 1138 362 desideravit,
1170 310 1308 362 grates
1340 306 1508 363 quidem
1540 307 1627 363 agi-

69 397 185 438 mus;
215 384 354 442 ipsam
373 388 515 428 tamen
545 384 734 442 proinde,
767 385 877 441 quod
897 399 974 428 nos
993 385 1136 429 videre
1164 398 1248 428 non
1278 385 1423 441 valuit,
1454 385 1627 430 minime

69 461 208 507 dolere
237 475 454 518 rogamus,
492 463 749 520 presentiam
780 464 898 506 cuius
933 463 1068 507 nostri
1098 462 1234 506 cordis
1266 476 1291 506 a
1319 464 1522 507 memoria
1550 476 1628 508 nec

67 539 254 584 locorum
269 540 412 598 spacia
430 554 508 584 nec
528 545 737 591 tormenta
756 540 1013 584 infirmitatis
1031 541 1229 584 continua
1249 554 1440 585 amovere
1456 544 1625 598 queunt.

68 618 134 663 De
163 621 349 674 caetero,
389 620 586 675 quoniam
617 623 783 663 vestrae
814 619 1084 663 sublimitatis
1116 618 1363 663 excellentia
1398 633 1475 677 pro
1506 620 1626 663 nobis

68 710 200 753 usque
231 696 333 740 adeo
363 696 578 741 humiliari
607 711 691 741 non
722 698 984 753 dedignatur,
1018 697 1128 753 quod
1148 700 1318 741 nostrae
1337 697 1510 741 verbula
1529 711 1627 755 par-

67 774 212 818 vitatis
243 775 410 818 domino
439 779 584 819 nostro
615 789 750 833 papae
774 789 865 819 sese
886 775 994 819 velle
1025 775 1186 818 deferre
1217 775 1450 832 promittat,
1482 776 1521 820 ei
1549 775 1627 819 hu-

67 852 224 897 militer
252 852 526 897 inclinamur·
565 857 626 910 et,
665 857 714 897 ut
743 857 929 898 vestrum
965 854 1048 897 iter
1085 853 1256 908 angelus
1287 853 1459 897 Domini
1493 854 1626 898 bonus

68 930 303 987 comitetur,
335 931 443 975 votis
474 932 666 976 omnibus
698 935 903 989 optamus.
951 931 1009 975 Et
1037 931 1235 988 quoniam
1254 932 1299 975 in
1318 932 1626 989 presentiarum

69 1008 123 1052 ad
151 1008 390 1066 predictum
420 1009 635 1053 dominum
665 1013 876 1065 nostrum,
918 1010 1029 1066 quod
1060 1009 1315 1066 deferamus,
1354 1009 1483 1053 nichil
1514 1009 1627 1053 aliud

68 1086 283 1143 habemuS,
314 1090 479 1131 nostras
502 1088 540 1131 ei
561 1088 778 1132 continuas
798 1088 992 1131 mandari
1023 1087 1316 1144 oratiunculas,
1338 1087 1626 1132 infirmitatem

70 1178 246 1222 quoque,
277 1169 441 1210 vestrae
470 1166 672 1210 relatione
701 1166 862 1222 gratiae
891 1166 1098 1210 insinuari
1127 1179 1335 1222 rogamus.

72 1307 190 1355 254.
216 1310 375 1353 Daniel
403 1307 615 1367 episcopus
645 1311 866 1368 Praqensis
894 1311 1104 1364 Wibaldo,
1141 1326 1225 1353 sese
1252 1326 1394 1368 papae
1425 1326 1625 1353 commen-

217 1388 399 1441 daturo„
421 1389 581 1445 qratias
612 1389 698 1446 aqit
725 1404 952 1447 ‘munusque
981 1390 1112 1432 mittit.
1165 1390 1395 1432 Amoldum
1426 1389 1627 1432 cancella-

215 1466 324 1508 rium
353 1466 516 1508 salutat.
1412 1465 1485 1519 (Μ.
1508 1466 1625 1519 230.)

185 1553 412 1609 W(ibaldo)
444 1554 612 1599 domino
644 1557 687 1599 et
715 1555 828 1612 patri
859 1569 955 1612 suo,
994 1556 1333 1600 reverentissimo
1364 1555 1627 1600 Corbeiensis

71 1632 385 1678 Stabulonensis
407 1633 632 1677 aecclesiae
652 1633 884 1678 venerabili
905 1633 1060 1690 abbati,
1090 1633 1276 1689 D(aniel)
1298 1634 1395 1678 licet
1414 1634 1626 1690 indignus,

68 1710 149 1755 Dei
179 1714 320 1755 tamen
350 1711 486 1767 gratia
515 1710 790 1767 Pragensium
820 1712 1053 1769 episcopus,
1084 1725 1180 1756 cum
1207 1712 1446 1757 sinceritate
1467 1712 1629 1757 servitii

70 1789 241 1844 exiguas
273 1789 494 1833 orationes.

187 1865 410 1922 Regalibus
430 1880 504 1910 vos
525 1869 772 1923 occupatum
791 1867 969 1923 negotiis
991 1870 1033 1911 et
1052 1866 1184 1923 regali
1201 1867 1475 1912 assidentemb
1491 1867 1627 1924 lateri,

69 1944 341 2001 gratulamur.
388 1943 479 1988 Hoc
510 1944 621 1987 enim
651 1945 789 2000 gratia
808 1948 949 1989 vestra
979 1959 1031 1989 ex
1059 1946 1230 2002 antiquo
1252 1949 1354 2003 aput
1372 1946 1627 2003 parvitatem

69 2026 258 2067 nostram
287 2021 498 2066 beneficiis
535 2021 679 2065 multis
717 2022 918 2078 obtinuit,
957 2026 1005 2066 ut
1039 2023 1247 2080 profectui
1275 2027 1416 2068 vestro
1447 2037 1627 2080 congau-

70 2101 254 2145 deamus.
301 2100 601 2144 Verumtamen
641 2100 751 2156 quod
788 2100 951 2144 litteras
989 2104 1149 2145 vestras
1189 2102 1303 2145 omni
1341 2103 1547 2146 suavitate
1586 2106 1628 2147 et

70 2178 230 2223 mellita
259 2178 477 2222 dulcedine
507 2177 652 2235 plenas
690 2178 810 2222 nobis
845 2179 1012 2222 mittere
1051 2179 1246 2235 dignatus
1287 2180 1407 2236 estis,
1449 2184 1626 2237 quantas

70 2257 115 2300 in
144 2256 452 2314 presentiarum
471 2255 672 2311 valemus,
704 2256 960 2311 gratiarum⁰
982 2258 1164 2302 actiones
1194 2261 1361 2302 sanctae
1382 2259 1627 2315 paternitati

71 2338 235 2379 vestrae
263 2334 506 2388 referimus;
539 2336 582 2378 et
610 2333 708 2377 licet
726 2347 899 2391 corpore
929 2335 1158 2380 disiunctos
1190 2336 1411 2380 diversitas
1439 2336 1627 2380 locorum

72 2415 250 2470 separet,
281 2426 394 2456 nunc
413 2415 555 2456 tamen
577 2412 792 2469 presentia
819 2416 972 2469 vestra,
995 2414 1164 2471 spiritui
1184 2417 1327 2457 nostro
1349 2415 1520 2458 cottidie
1550 2428 1627 2472 pre

72 2490 202 2534 oculis
233 2490 388 2546 habita,
420 2504 497 2547 per
528 2491 686 2547 scripta
715 2493 856 2534 vestra
878 2494 942 2534 est
961 2495 1174 2535 renovata.
1222 2491 1286 2535 De
1317 2495 1494 2547 caetero,
1528 2492 1627 2548 quia

71 2571 233 2612 tantam
263 2568 441 2624 gratiam
472 2568 698 2612 humilitati
726 2571 893 2612 nostrae
913 2568 958 2612 in
980 2569 1108 2613 oeulis
1129 2570 1279 2613 vestris
1301 2569 1507 2613 Dominus
1529 2583 1626 2614 con-

72 2645 182 2702 tulit,
213 2649 261 2690 ut
289 2647 333 2690 in
365 2647 482 2691 curia
512 2660 675 2703 quoque
704 2645 893 2689 Romana
921 2647 1054 2690 nostri
1082 2661 1242 2691 memor
1274 2660 1365 2690 esse
1395 2647 1547 2702 velitiS,
1585 2650 1627 2692 et

72 2723 170 2768 inde
201 2724 369 2781 quidem
399 2725 555 2780 gratias
586 2725 704 2768 vobis
736 2727 904 2780 agentes
936 2724 1088 2768 obnixe
1115 2724 1388 2781 postulamus,
1421 2728 1625 2781 quatenus

72 2802 292 2846 inmeritae
321 2806 490 2847 nostrae
518 2815 721 2860 personae
751 2802 1011 2857 memoriam,
1043 2802 1449 2860 quantulamcunque
1480 2803 1625 2859 digna-

72 2879 233 2936 bimini,
265 2881 377 2938 apud
407 2880 605 2924 domnum
635 2880 908 2937 apostolicum
927 2880 1065 2924 facere
1084 2894 1167 2923 non
1197 2880 1402 2925 abnuatis.
1523 2880 1624 2926 Pre-

169 2984 196 3005 a.
222 2975 399 3006 inclinamus
422 2989 447 3007 c.
530 2975 559 3006 b.
586 2975 738 3006 assidente
761 2987 786 3006 c.
869 2984 894 3005 c.
922 2973 975 3013 gia
996 2987 1020 3005 c.

1653 310 1744 347 1150

1654 1561 1746 1597 1150
