1924 3288
569 219 770 249 wmALm
799 217 1019 249 EPISTOLA
1049 217 1119 246 324.
1539 205 1627 248 453

60 315 175 360 modi
206 315 388 361 suboriri
415 314 563 370 solent,
597 316 638 358 et
666 313 923 371 direptiones
949 326 1092 357 rerum
1113 311 1517 357 aecclesiasticarum
1537 310 1629 355 fieri
1657 313 1746 349 1151

61 384 308 438 auctoritate
336 396 483 438 nostra
511 392 794 450 prohibentes.
837 390 1130 435 Mandavimus
1153 390 1280 434 etiam
1301 389 1490 434 eiusdem
1510 390 1627 433 urbis
1658 363 1744 394 Mm'

60 471 172 517 clero
200 471 416 516 honoratis
448 474 490 515 et
517 469 689 528 populo,
720 472 769 513 ut
799 469 1001 527 depositis
1031 470 1219 526 partium
1247 467 1396 512 studiis
1425 481 1517 511 sese
1547 467 1629 511 ele-

59 549 190 594 ctioni
224 549 392 594 futurae
428 549 475 593 in
512 548 665 606 spiritu
703 548 951 592 concordiae
987 550 1028 591 61
1057 542 1309 590 humilitatis
1339 549 1628 604 prepararent,

58 641 137 672 1160
155 627 241 672 tale
262 627 420 685 aliquid
441 627 708 671 animositate
729 626 917 669 certandi
938 625 1262 680 committerent,
1288 625 1332 668 in
1356 638 1436 681 quo
1455 624 1629 669 libertas

60 706 275 751 electionis
307 705 531 750 canonicae
561 705 627 748 ius
656 704 865 748 libertatis
888 703 1081 747 amittere
1102 703 1431 746 convinceretur.
1472 702 1630 747 Verum

59 785 157 843 ipsi,
186 784 425 829 libertatem
445 783 616 841 pietatis
641 782 666 826 a
694 782 887 839 patribus
918 781 1126 825 indultam
1155 781 1201 824 111
1222 781 1414 824 velamen
1436 781 1629 825 maliciae
1698 836 1700 838 q

60 865 342 918 assumentes,
383 860 712 905 dissensionibus
753 863 794 904 et
833 860 1061 904 ambitione
1095 873 1187 903 rem
1217 862 1350 902 totam
1380 859 1630 916 perturbare

59 943 260 999 ceperunt
290 943 332 984 et
360 940 485 996 longo
516 942 706 996 tempore
737 941 900 982 tantam
924 939 1144 995 potestatis
1163 941 1254 981 tam
1273 937 1319 980 in
1339 937 1629 995 spiritualibus

60 1032 186 1077 quam
214 1019 261 1063 in
291 1018 547 1063 secularibus
568 1018 692 1061 rebus
713 1017 1047 1072 magnitudinem
1070 1016 1226 1072 absque
1246 1018 1409 1059 rectore
1427 1015 1630 1059 fluctuare

58 1097 353 1156 permiserunt.
396 1096 594 1141 Ceterum
615 1095 669 1139 ad
692 1096 880 1138 animum
908 1095 1090 1150 rediens,
1118 1094 1292 1137 maioris
1314 1093 1514 1138 ecclesiae
1533 1107 1630 1152 pre-

58 1175 221 1234 positus
259 1178 302 1220 et
341 1175 527 1220 eiusdem
563 1173 761 1218 ecclesiae
792 1173 972 1217 decanus
1003 1185 1100 1216 cum
1129 1172 1291 1229 reliquo
1322 1171 1433 1215 clero
1465 1175 1507 1215 et
1536 1173 1631 1216 uni-

59 1254 193 1298 versis
221 1253 432 1298 nobilibus
463 1252 652 1296 unanimi
683 1265 888 1295 consensu
917 1251 963 1294 in
991 1251 1190 1294 domnum
1212 1249 1531 1306 Herimannum,
1565 1264 1631 1294 ec-

59 1331 210 1376 clesiae
241 1331 377 1376 sancti
399 1329 601 1375 Gereonis
631 1330 676 1373 in
697 1329 871 1373 Colonia
899 1329 1176 1387 prepositum,
1208 1328 1347 1372 virum
1378 1328 1538 1372 scilicet
1565 1329 1631 1372 in-

58 1414 202 1467 tegrae
241 1410 352 1455 vitae
391 1412 433 1453 et
468 1408 637 1466 probati
673 1407 929 1463 testimonii,
974 1409 1270 1451 convenerunt.
1341 1406 1415 1450 Set
1461 1407 1631 1463 quidam

58 1488 354 1533 ministeriales
394 1487 583 1532 eiusdem
622 1485 843 1542 ecclesiae,
884 1485 1069 1528 tumultu
1101 1485 1213 1528 facto
1245 1485 1457 1541 armisque
1486 1485 1630 1542 illatis,

59 1570 284 1623 coegerunt
314 1566 517 1623 quosdam
547 1565 598 1608 de
629 1564 775 1608 eodem
807 1563 916 1608 clero
949 1563 1220 1607 denominare
1251 1567 1293 1607 et
1324 1563 1631 1620 quodammodo

60 1645 213 1702 eligere
242 1644 525 1689 Frithericum
554 1643 815 1700 prepositum
850 1642 984 1686 sancti
1009 1641 1181 1697 Georgii
1210 1642 1255 1685 in
1277 1641 1464 1698 Colonia,
1495 1642 1630 1686 homi—

58 1737 157 1768 nem
176 1723 372 1767 videlicet
400 1722 512 1766 infra
542 1724 724 1765 aetatem
756 1723 797 1763 et
827 1720 1009 1775 ordines,
1041 1719 1159 1763 cuius
1181 1720 1422 1776 ignorantia
1445 1721 1630 1765 fautores

58 1802 194 1860 ipsius
227 1801 279 1846 ad
303 1800 619 1844 subversionem
641 1798 840 1842 ecclesiae
872 1798 1156 1842 abuterentur.
1271 1797 1359 1841 Nos
1389 1799 1546 1855 itaque,
1579 1799 1630 1843 de

58 1883 202 1924 tantae
234 1878 432 1923 ecclesiae
461 1877 586 1921 ruina
616 1876 906 1934 compassione
937 1876 1134 1920 clementi
1164 1876 1445 1932 condolentes,
1477 1877 1629 1921 iterato

58 1958 252 2002 misimus
300 1957 360 2001 eis
400 1969 496 2000 cum
534 1955 746 2013 preceptis
784 1955 995 2011 regalibus
1032 1954 1211 2009 legatos,
1259 1954 1516 2011 imperantes
1554 1955 1628 2011 eis,

60 2036 256 2094 quatinus
282 2035 396 2078 omni
417 2034 633 2078 occasione
652 2033 891 2091 postposita
909 2033 1122 2076 mediante
1144 2032 1465 2089 quadragesima
1477 2029 1500 2088 ¹,
1523 2046 1630 2089 quae

59 2116 273 2158 transacta
304 2116 388 2168 est,
425 2115 568 2156 nostro
601 2126 691 2156 sese
723 2111 966 2169 conspectui
995 2113 1301 2168 presentarent,
1333 2111 1546 2168 accepturi
1577 2125 1629 2155 ex

59 2192 175 2248 regio
206 2205 325 2235 more
355 2191 669 2234 contentionum
698 2189 827 2234 finem
857 2193 899 2233 et
927 2189 1044 2233 urbis
1067 2202 1166 2233 suae
1187 2188 1418 2245 dominum,
1450 2190 1522 2246 qui
1541 2203 1629 2233 me-

57 2269 234 2314 lioribus
266 2267 475 2324 suffragiis
506 2268 734 2312 iuvaretur.
795 2267 924 2311 Venit
951 2267 1094 2324 itaque
1124 2267 1314 2324 prefatus
1345 2267 1628 2311 Herimannus

61 2348 114 2392 ad
142 2347 421 2406 presentiam⁸
442 2349 632 2390 nostram
662 2359 758 2390 cum
789 2345 875 2389 suis
897 2345 1159 2390 electoribus.
1206 2344 1280 2389 Set
1302 2345 1378 2401 illi,
1411 2346 1483 2402 qui
1512 2346 1628 2390 iuve-

60 2439 156 2470 nem
178 2425 404 2481 elegerant,
434 2423 675 2468 iuveniliter
701 2426 871 2479 agentes
902 2437 1037 2480 neque
1057 2427 1263 2467 venerunt
1292 2438 1428 2480 neque
1458 2424 1627 2467 canoni-

61 2517 154 2548 cam
185 2502 495 2547 excusationem
527 2515 600 2546 seu
629 2501 864 2556 legitimam
883 2501 1229 2555 transmiserunt3
1262 2502 1345 2544 nisi
1377 2501 1488 2558 quod
1506 2504 1628 2559 pater

59 2580 240 2639 predicti
259 2580 516 2634 F(ritherici)
541 2579 760 2637 prepositi,
795 2591 933 2622 comes
963 2578 1158 2622 videlicet
1187 2575 1438 2634 A(dolfus)¹,
1470 2578 1626 2635 absque

61 2659 328 2703 attestatione
359 2658 462 2702 cleri
492 2660 535 2702 et
562 2656 710 2715 populi
740 2658 782 2699 et
812 2656 935 2699 certis
963 2669 1039 2712 per
1060 2656 1259 2713 epistolas
1279 2655 1490 2699 mandatis
1511 2656 1627 2700 venit

62 2740 104 2782 et
132 2737 346 2792 negotium
370 2735 529 2780 differri
549 2734 790 2793 postulavit.
835 2733 987 2777 Verum
1012 2747 1102 2790 nos,
1125 2734 1311 2778 adhibito
1332 2733 1625 2791 episcoporum

158 2835 185 2857 8..
214 2828 259 2857 sic
279 2839 317 2857 ex
337 2825 485 2865 prefatam
507 2831 667 2856 correctum
689 2830 733 2855 est
755 2826 783 2854 in
807 2823 876 2854 cod.

156 2884 190 2920 1.
214 2884 239 2920 i.
257 2894 290 2920 e.
307 2883 492 2921 dominica
515 2884 694 2930 „Laetare
704 2881 732 2927 “,
759 2882 803 2917 18
820 2881 926 2917 Mart.
944 2880 1047 2916 1151.
1085 2880 1190 2916 Hanc
1207 2881 1345 2917 curiam
1362 2880 1624 2928 Nurenbergae

61 2942 226 2980 habitam
251 2953 343 2988 esse,
368 2943 478 2980 docet
493 2943 578 2980 Otto
595 2941 755 2988 Frising.
778 2940 867 2977 Vita
882 2939 1071 2985 Friderici,
1096 2940 1136 2976 L.
1152 2939 1179 2975 Ι.
1199 2950 1231 2975 0.
1246 2940 1305 2976 62.
1401 2941 1434 2976 2.
1461 2940 1508 2977 de
1524 2941 1623 2978 Huo·

62 3003 156 3039 vele.
183 3003 226 3039 V.
245 3002 380 3039 Annal.
397 3002 582 3050 Egmund.
602 3002 693 3038 1150
717 3001 829 3046 (Mon.
847 3000 970 3037 Germ.
988 2999 1053 3036 SS.
1068 2999 1169 3037 XVI.
1186 3000 1284 3045 456).
