1924 3178
602 179 800 210 wmALm
829 177 1049 209 nmsronA
1078 175 1149 206 104.
1581 162 1663 206 181

97 290 177 337 per
203 274 447 323 violentiam
477 274 700 334 spoliasset
730 277 773 319 et
804 274 855 318 de
885 272 987 317 villa
1018 285 1125 330 quae
1155 270 1309 315 dicitur
1337 268 1560 314 Novavilla
1590 283 1666 326 per
1706 272 1798 311 1148

96 356 186 400 vim
215 354 464 414 expulisset,
496 353 715 412 respondit
745 352 902 408 Guono,
933 354 1202 409 pretaxatam
1231 349 1377 393 villam
1407 362 1531 392 suum
1563 347 1665 392 allo-

96 434 214 479 dium
245 447 336 478 esse
367 437 409 477 et
439 433 492 476 ad
524 446 615 476 sese
645 432 736 475 iure
767 430 1049 489 proprietario
1079 429 1306 487 pertinere,
1339 431 1381 472 et
1402 427 1513 484 quod
1535 440 1665 470 avun-

96 512 214 558 culus
246 526 360 574 suus,
390 514 512 570 pater
534 510 699 569 puellae
720 523 827 567 quae
846 511 1062 566 nupserat,
1093 508 1232 566 ipsam
1251 505 1560 551 Novamvillam
1581 518 1666 548 non

95 591 143 635 in
179 589 380 636 beneficio
427 592 491 633 set
528 588 574 632 in
611 587 782 646 proprio
822 587 975 631 allodio
1013 588 1208 630 tenuerat
1245 585 1407 642 sibique
1447 584 1666 628 dimidiam

97 672 262 727 partem
291 682 369 727 pro
400 667 497 712 dote
527 667 675 710 matris
708 679 807 710 suae
837 665 883 708 in
912 665 1191 709 hereditatem
1222 664 1406 708 dederat.
1454 662 1490 706 E
1520 665 1667 706 contra

95 746 371 802 E(verardus)
404 745 635 801 asserebat,
669 758 768 802 sepe
800 744 957 787 dictam
986 742 1297 786 Novamvillam
1328 741 1380 785 ab
1412 755 1490 785 avo
1520 741 1665 784 uxoris

95 839 197 870 suae
228 824 467 870 Stabulensi
507 823 706 868 ecclesiae
743 823 789 866 in
818 822 884 866 ius
916 821 1189 879 proprietatis
1219 834 1297 878 pro
1330 833 1457 864 censu
1487 822 1666 877 quatuor

96 903 364 948 denariorum
398 902 528 946 fuisse
564 900 845 946 contraditam
877 903 919 944 et
947 903 1037 943 tam
1068 899 1120 943 ab
1150 899 1243 957 ipso
1276 913 1403 956 quam
1434 899 1460 942 a
1489 898 1665 942 caeteris

97 981 405 1027 successoribus
438 981 526 1025 eius
556 981 603 1024 in
631 978 832 1025 beneficio
864 979 916 1023 de
945 992 1076 1022 manu
1104 977 1267 1021 abbatis
1290 991 1381 1021 esse
1403 979 1663 1035 susceptam3

98 1060 209 1120 quod
239 1063 282 1104 et
311 1074 387 1104 nos
418 1073 565 1104 verum
594 1058 844 1114 fatebamur,
877 1060 919 1101 et
941 1071 1018 1115 per
1037 1056 1192 1112 legalia
1214 1056 1498 1099 instrumenta
1519 1069 1665 1099 secun-

98 1139 199 1183 dum
228 1138 455 1183 indubitati
483 1138 588 1182 iuris
618 1138 827 1181 rationem
854 1135 934 1179 hoc
954 1135 1134 1193 probare
1154 1135 1295 1193 parati
1317 1148 1496 1178 eramus.
1542 1133 1666 1178 Uter—

98 1231 198 1276 que,
239 1216 382 1261 Cuono
415 1216 610 1261 videlicet
640 1219 682 1260 et
711 1215 972 1271 Everardus,
1010 1228 1136 1272 super
1168 1213 1418 1269 allegatione
1447 1212 1668 1271 proposita

96 1296 290 1341 idoneam
327 1295 622 1354 probationem
661 1293 863 1339 offerebat
899 1297 941 1338 et
978 1292 1218 1337 iudicialem
1256 1291 1511 1336 sententiam
1541 1304 1668 1348 super

97 1375 177 1421 hoc
205 1375 387 1434 proferri
415 1373 667 1432 postulabat.
715 1372 968 1429 Interrogati
998 1385 1094 1416 cum
1127 1371 1389 1415 adiuratione
1420 1369 1563 1413 debita
1587 1369 1666 1412 mi-

97 1453 334 1499 nisteriales
354 1453 489 1497 nostri
511 1452 869 1507 adiudicaverunt,
900 1450 1150 1506 E(verardo)
1181 1449 1475 1507 probationem
1504 1448 1667 1491 incum-

97 1534 211 1590 bere,
243 1532 316 1590 qui
344 1531 516 1576 titulum
544 1530 692 1587 legalis
723 1528 916 1574 beneficii
947 1543 1022 1574 suo
1052 1529 1257 1585 litigatori
1289 1530 1555 1586 opposuerat,
1587 1527 1667 1570 1111-

99 1614 261 1656 scentes
299 1611 501 1655 nimirum
536 1610 766 1667 equitatem
796 1622 892 1652 cum
921 1608 1013 1652 iure
1045 1611 1087 1652 et
1116 1608 1339 1651 veritatem
1370 1619 1466 1650 cum
1496 1605 1665 1649 iudicio.

97 1689 266 1734 Primus
304 1689 351 1733 in
389 1687 565 1732 dicenda
600 1687 748 1731 iudicii
783 1686 992 1731 sententia
1021 1686 1102 1729 fuit
1131 1685 1315 1741 Franco,
1354 1684 1464 1728 lator
1493 1698 1667 1742 presen-

98 1768 219 1824 tium,
251 1768 426 1812 caeteris
446 1767 493 1810 in
512 1766 557 1810 id
576 1766 718 1823 ipsum
738 1765 1096 1809 consentientibus
1119 1767 1161 1808 et
1181 1763 1443 1808 concorditer
1462 1763 1507 1806 id
1526 1762 1668 1820 ipsum

98 1845 404 1904 profitentibus.
459 1844 496 1888 E
529 1844 739 1887 contrario
769 1844 988 1901 respondit
1019 1842 1212 1899 C(uono),
1243 1842 1507 1886 Franconem
1536 1841 1668 1886 fuisse

98 1924 324 1969 mentitum
370 1926 412 1967 et
448 1925 537 1966 tam
573 1923 715 1980 ipsum
752 1935 879 1979 quam
918 1921 1022 1965 alios
1060 1921 1215 1965 falsum
1254 1921 1412 1964 dixisse
1450 1919 1666 1963 iudicium.

99 2003 235 2048 Erant
266 2005 407 2046 autem
436 2014 610 2045 numero
642 2002 712 2044 21.
762 1999 897 2057 Super
926 1999 1006 2043 1100
1037 1999 1090 2043 ad
1119 2002 1284 2043 vestrae
1315 1998 1549 2042 maiestatis
1573 2012 1669 2055 pre-

101 2081 281 2126 sentiam
312 2079 552 2139 appellavit.
604 2078 714 2134 Nos,
747 2078 890 2122 audito
921 2078 1103 2121 caesaris
1141 2078 1310 2121 nomine
1343 2080 1384 2121 et
1415 2052 1668 2134 appellantis

100 2173 224 2216 voce,
264 2159 425 2203 nullam
462 2157 583 2201 nobis
621 2160 866 2214 reputantes
903 2157 1059 2200 factam
1096 2156 1317 2211 iniuriam,
1358 2155 1584 2213 procedere
1622 2156 1668 2198 in

101 2239 265 2283 actione
295 2236 566 2292 cessavimus,
597 2235 703 2279 bene
734 2235 785 2279 de
816 2234 998 2278 culmine
1027 2234 1167 2290 regiae
1197 2234 1430 2278 maiestatis
1458 2232 1667 2277 confiden-

101 2320 186 2361 tes:
219 2316 343 2373 quod,
376 2316 414 2359 si
439 2318 615 2371 uterque
637 2314 690 2357 ad
711 2316 918 2357 vestram³
940 2313 1100 2356 curiam
1121 2313 1297 2368 venerit,
1328 2313 1449 2355 iuxta
1468 2312 1668 2367 legalium

101 2395 414 2439 institutionum
457 2406 650 2437 normam
694 2391 762 2436 vel
799 2390 1105 2435 absolutionem
1142 2390 1211 2434 vel
1248 2390 1667 2447 condempnationem

103 2473 290 2518 debitam
328 2472 518 2530 accipiet.
568 2470 644 2515 Sin
679 2473 820 2514 autem
851 2469 1085 2527 appellator
1115 2469 1258 2513 venire
1288 2468 1543 2524 neglexerit,
1583 2482 1667 2511 non

104 2565 200 2596 eum
229 2554 370 2595 vestra
400 2563 578 2594 censura
599 2548 841 2606 inpunitum
860 2547 1082 2604 relinquet,
1113 2561 1191 2591 nec
1212 2547 1263 2590 de
1283 2546 1552 2590 frustratoria
1570 2560 1667 2604 pro-

103 2630 321 2674 vocatione
358 2628 590 2673 lucrabitur
625 2619 870 2671 dilationem
901 2638 1055 2682 penae3
1095 2628 1143 2668 ut
1175 2638 1318 2668 omnes
1350 2625 1507 2668 subditi
1538 2625 1668 2668 vestri

103 2708 282 2752 timeant
310 2721 406 2764 vos,
437 2707 648 2762 videntes,
688 2704 940 2763 sapientiam
970 2703 1051 2747 Dei
1083 2717 1173 2747 esse
1203 2703 1249 2746 in
1279 2703 1397 2746 vobis
1429 2702 1483 2745 ad
1511 2702 1667 2746 facien-

105 2786 206 2830 dum
234 2785 448 2830 iudicium.
496 2784 702 2842 Quicquid
731 2797 830 2827 vero
863 2795 988 2840 super
1007 2781 1086 2825 hoc
1107 2784 1248 2825 vestra
1268 2781 1384 2825 curia
1404 2780 1665 2838 iudicaverit,

105 2864 226 2908 nobis
264 2867 307 2908 et
336 2864 488 2908 domno
519 2862 751 2918 H(einrico)
781 2860 1004 2905 Leodiensi
1036 2859 1231 2918 episcopo
1264 2862 1307 2904 et
1335 2859 1567 2914 H(einrico)
1598 2873 1666 2904 00-

187 2967 215 2991 8.
242 2958 327 2991 nfam
348 2970 374 2990 c.
