1924 3288
156 310 249 347 1150

106 358 171 390 Oct.
184 376 216 380 —
226 359 290 390 Dec

319 199 411 244 430
828 213 1029 244 wmALm
1056 213 1276 246 nms'rom
1307 213 1378 244 soi.

320 309 438 350 euius
469 309 660 351 custodia
690 317 727 351 et
749 317 955 366 potestate
976 309 1208 367 privileqia
1237 309 1459 352 aecclesiae
1481 317 1651 354 nostrae
1668 316 1782 363 svm,
1798 310 1888 368 {4913

293 383 389 440 'ea,
429 401 522 429 eum
551 388 770 430 necessitas
793 389 1054 444 poposcerit,
1091 396 1273 446 tempore
1302 396 1340 431 et
1370 388 1458 431 loco
1489 396 1528 431 et
1547 401 1757 446 personae
1784 401 1883 431 oon-

316 466 486 522 9ruenti
512 464 731 521 releyenda
754 465 1013 522 presentabit
1049 491 1105 498 -—
1141 481 1219 509 nos
1249 468 1296 508 in
1327 466 1504 510 articulo
1534 466 1632 520 hoc,
1664 465 1886 510 aecclesiae

317 550 457 585 nostre
468 542 723 599 privileyia’
737 545 1098 600 pretermittentes,
1120 546 1367 587 auctoritate
1386 545 1533 588 domni
1542 557 1689 602 papae
1701 543 1888 601 Euqam'e'

318 621 580 674 roboramur,
599 622 842 664 sententiam
858 623 959 675 eius,
983 622 1034 664 de
1053 623 1326 665 incendiariis
1348 623 1491 665 datam
1501 617 1526 675 ¹,
1543 623 1652 668 sima
1669 622 1722 665 de
1739 622 1885 672 vm

317 700 380 742 ita
409 699 461 742 de
489 700 644 742 nostr-ts
676 698 892 742 observari
915 699 1186 757 postulantes.
1228 699 1286 744 Et
1308 698 1474 757 prolata
1500 697 1671 745 scedula
1694 697 1886 755 lectoque

318 775 502 833 capitulo
533 776 585 820 de
614 775 899 833 incendiariiS,
931 777 1180 822 auctoritate
1203 777 1347 821 domni
1365 790 1503 835 papae
1523 776 1886 827 sententiamsaius

317 853 370 898 de
405 853 676 898 incendiariis
713 854 869 899 nostris
903 857 1042 899 ratam
1073 869 1170 900 eum
1198 855 1354 900 habere
1384 858 1427 899 et
1456 854 1681 901 observare
1706 853 1885 910 urgebis*

316 944 424 976 mus.
468 931 669 988 Tandem,
700 932 904 976 adductus
924 932 993 977 vel
1022 933 1227 978 instantia
1254 936 1402 978 nostra
1419 932 1487 978 vel
1510 946 1566 977 ne
1580 931 1731 981 domm'.
1745 944 1885 991 papae

317 1008 519 1054 offensam
540 1010 785 1066 incurreret,
817 1010 939 1066 dixit,
971 1025 1015 1056 se
1034 1011 1268 1069 privilegiis
1287 1011 1400 1056 nolle
1420 1010 1642 1067 contraire,
1670 1010 1885 1068 preceptis

315 1101 415 1132 vero
446 1088 590 1133 domni
618 1102 755 1146 papae
784 1087 965 1133 libenter
983 1089 1092 1134 velle
1123 1090 1330 1134 oboedire.
1379 1089 1615 1146 Statimque
1643 1101 1884 1135 excommn-

314 1165 568 1210 uicationem
596 1166 643 1210 in
672 1166 953 1211 incendiarios
980 1171 1148 1212 nostros
1171 1168 1314 1212 datam
1334 1167 1648 1212 archidiaconos
1667 1178 1722 1212 ex
1741 1169 1884 1212 auoto-

313 1244 441 1288 ritate
471 1244 614 1288 domni
641 1257 779 1302 papae
806 1245 997 1302 precepit
1017 1245 1240 1290 observare
1248 1245 1278 1289 ¹³.
1319 1245 1407 1289 Illis
1426 1259 1527 1290 vero
1546 1245 1720 1290 nomina
1737 1257 1885 1292 sorum

315 1321 367 1366 de
395 1335 526 1366 manu
555 1322 643 1366 eius
673 1322 996 1379 requirentibus,
1029 1337 1124 1368 cum
1150 1323 1244 1381 ipse
1265 1337 1315 1367 ea
1333 1337 1410 1381 per
1431 1337 1476 1368 se
1497 1323 1599 1368 dare
1617 1321 1761 1379 nollet,
1792 1321 1884 1373 (ξω,

313 1400 360 1444 in
395 1402 564 1444 noctem
600 1403 827 1457 protracta.
891 1401 1079 1445 Tandem
1116 1401 1208 1458 ipse
1237 1402 1456 1445 nominum
1486 1400 1700 1446 scedulam
1727 1413 1885 1458 persae,

312 1478 493 1535 recepit3
524 1491 736 1535 nunquam
768 1479 853 1523 nisi
872 1482 1040 1523 coactus
1070 1479 1323 1523 sententiam
1353 1479 1405 1523 de
1434 1478 1705 1525 incendiariis
1723 1477 1882 1527 noemin

313 1555 622 1600 observaturus.
733 1556 798 1601 Ita
828 1557 880 1601 ab
912 1571 960 1601 eo
990 1557 1254 1612 recessimus,
1284 1570 1436 1614 parum
1467 1556 1603 1602 adhuc
1631 1556 1750 1612 certi,
1779 1555 1883 1614 quid

313 1647 441 1691 super
469 1633 548 1678 hoe
579 1634 723 1689 egerit.
823 1634 957 1678 Fama
987 1638 1078 1678 erat
1108 1638 1150 1679 et
1179 1635 1410 1691 constabat,
1442 1634 1554 1691 quod
1584 1621 1762 1679 domnus
1791 1633 1882 1692 epi-

313 1724 464 1768 scopus
500 1712 676 1756 nuncios
715 1725 811 1756 suos
852 1713 906 1756 ad
941 1712 1098 1757 Urbem
1138 1713 1361 1769 direxerit,
1401 1715 1444 1757 et
1481 1712 1592 1769 quod
1628 1711 1684 1756 ad
1718 1711 1881 1762 curium

310 1792 551 1847 presentem
589 1789 733 1834 domni
770 1791 881 1846 regis
918 1789 1202 1835 Wormaziam
1241 1791 1378 1835 iturus
1416 1793 1528 1846 erat,
1573 1789 1691 1834 mille
1725 1789 1881 1836 marnis

312 1867 422 1911 datis
461 1867 659 1912 domnum
697 1882 841 1924 regem
879 1868 925 1912 in
960 1869 1193 1926 perniciem
1230 1871 1273 1912 et
1310 1867 1679 1926 depopulationem
1713 1867 1880 1915 comitis

310 1944 587 1989 Namucensis
618 1946 886 1990 adducturus.
929 1945 1078 1990 Comes
1111 1950 1252 1990 autem
1272 1960 1348 2003 per
1369 1946 1563 1991 abbatem
1581 1945 1616 1997 F
1617 1943 1879 1994 lorefiensem

311 2036 387 2067 nos
424 2023 604 2067 multum
643 2023 906 2080 sollicitavit,
945 2026 994 2067 ut
1031 2024 1120 2068 eius
1151 2024 1326 2068 verbum
1365 2024 1479 2082 apud
1508 2023 1707 2071 domnum
1737 2035 1880 2080 regem

310 2100 637 2145 manuteneretis
683 2104 726 2145 et
769 2100 878 2145 bono
923 2099 1027 2156 fine,
1074 2102 1111 2145 si
1155 2101 1357 2159 possibile
1402 2105 1532 2157 esset,
1578 2101 1877 2147 terminaretis.

310 2178 545 2236 Episcopus
583 2181 626 2223 et
662 2191 802 2222 comes
837 2177 953 2222 nullo
990 2179 1115 2222 modo
1153 2193 1178 2223 a
1206 2193 1343 2224 werra
1379 2179 1580 2224 desistere
1609 2178 1775 2235 volunt,
1790 2181 1880 2232 set

310 2269 480 2300 rursum
499 2259 596 2313 post
614 2255 755 2299 natale
774 2252 971 2299 Domini²
991 2260 1143 2301 cuncta
1161 2257 1380 2301 devastare
1399 2257 1636 2302 intendunt.
1724 2256 1877 2303 Comes

311 2331 618 2388 God(efridus),
655 2336 704 2376 ut
733 2332 907 2389 dicitur,
942 2333 1135 2379 Harizeis
1164 2335 1318 2390 intrat,
1355 2337 1513 2379 terram
1540 2338 1731 2380 nostram
1759 2337 1805 2380 et
1819 2334 1877 2381 -in

311 2410 544 2456 Condrusio
573 2410 679 2455 etin
698 2410 900 2455 Ardenna
921 2411 1265 2470 depopulaturus,
1295 2412 1379 2456 nisi
1397 2412 1686 2469 redemptione
1704 2415 1877 2475 accepta

311 2489 550 2534 cessaverit.
671 2486 820 2532 Comes
850 2487 1057 2533 Henricus
1087 2490 1275 2534 nondum
1305 2489 1528 2534 convaluit.
1643 2489 1794 2535 Comes
1822 2489 1876 2538 de

310 2563 417 2611 Los⁸
437 2566 644 2612 Turnines
674 2569 864 2609 nostram
886 2568 1081 2624 vastavit,
1113 2571 1157 2612 et
1176 2567 1383 2612 Bosonem
1406 2570 1450 2612 et
1469 2566 1704 2612 Gozvinum
1721 2567 1874 2613 fian-es

310 2648 455 2702 captos
492 2647 620 2689 tenet.
741 2643 895 2688 Wellin
927 2645 1148 2703 episcopus
1178 2649 1276 2703 post
1304 2644 1444 2689 natale
1474 2658 1520 2688 se
1549 2644 1653 2688 dicit
1679 2643 1872 2692 incendio

309 2726 616 2777 vastaturum03
648 2721 759 2779 quod
790 2735 842 2765 ex
874 2723 1124 2767 auctoritate
1144 2723 1286 2768 domni
1305 2736 1443 2780 papae
1462 2735 1516 2766 ne
1534 2722 1692 2770 faceret
1709 2721 1873 2767 monui-

406 2856 434 2878 a.
462 2846 622 2887 privilegia
643 2846 765 2878 addidi.
848 2845 878 2876 b.
909 2846 1063 2878 observari
1084 2859 1111 2878 c.
1194 2856 1221 2878 c.
1243 2848 1426 2878 vastaturum
1448 2859 1473 2878 c.

404 2906 437 2941 1.
470 2905 510 2941 in
539 2904 697 2941 coneilio
728 2903 898 2941 Remensi
932 2914 966 2940 a.
995 2905 1099 2941 1148.
1142 2904 1189 2942 V.
1220 2905 1381 2952 Regesta
1411 2907 1515 2950 pont.
1538 2904 1692 2941 Roman.
1722 2913 1761 2952 p.
1787 2903 1868 2942 632.

310 2964 344 3000 2.
369 2967 453 3011 post
477 2964 523 3001 25
548 2963 720 3001 Decemb.
747 2964 852 3000 1150.
950 2965 983 3000 3.
1011 2963 1233 3001 Ludovicus.
