1924 3288
593 164 793 195 wmAnm
821 163 1043 196 EPISTOLA
1074 163 1144 194 108.
1562 151 1646 195 185

81 265 224 308 tamen
259 259 391 305 nolite
428 260 599 316 timere,
640 259 819 318 pusillus
857 273 980 316 grex,
1025 260 1223 317 quoniam
1254 258 1506 317 complacuit
1533 259 1647 317 patri
1672 262 1765 301 1148

81 342 220 384 vestro
256 339 357 383 dare
387 339 505 383 vobis
536 352 735 395 regnum3
777 338 988 383 ascendite
1020 352 1073 382 ex
1104 338 1292 399 adverso,
1325 338 1524 396 opponite
1554 352 1647 382 mu-

80 432 176 463 rum
211 431 289 476 pro
328 417 451 461 domo
482 417 624 461 Israel.
672 418 866 461 Eruditio
906 420 1048 461 vestra
1084 417 1259 462 reducat
1296 417 1349 461 ad
1386 417 1646 473 memoriam,

81 499 240 555 quanta
269 496 325 540 sit
343 495 459 540 Esau
487 496 719 552 ignominia
749 496 1004 540 cauteriatus
1036 509 1113 554 pro
1146 509 1208 552 eo,
1236 495 1347 552 quod
1365 496 1647 553 primogenita

81 589 159 620 sua
195 574 386 619 vendidit
421 588 498 632 pro
530 574 688 618 ventris
719 574 904 629 ingluvie
937 577 978 618 et
1007 573 1133 617 lentis
1166 573 1316 618 edulio,
1364 573 1570 618 Dominus
1602 575 1647 618 in

80 653 287 712 propheta
312 653 432 696 dicit:
467 653 560 711 Eyo
589 654 791 711 yloriam⁶
811 669 947 696 meam
978 654 1098 696 alteri
1116 669 1200 696 non
1226 654 1406 697 tribuam
1417 649 1439 696 ¹.
1489 654 1550 708 Si,
1581 653 1647 697 in-

81 731 185 789 quit,
215 748 305 776 sum
325 732 544 786 Dominus,
577 732 648 775 ubi
668 733 789 774 timor
809 730 948 774 meus?
996 731 1046 775 Si
1068 739 1206 789 pater,
1239 733 1310 775 ubi
1332 731 1465 775 honor
1484 729 1647 777 meusffff

82 809 156 854 Set
200 809 425 868 opponitur
469 808 587 853 vobis
634 809 946 852 sanctissimum
992 811 1117 865 atque
1162 809 1458 864 gravissimum
1494 824 1648 856 nomen

81 888 308 944 electionis,
340 901 446 944 quae
478 887 648 944 quidem
678 901 893 931 sacrorum
916 900 1123 931 canonum
1150 888 1399 932 auctoritate
1420 890 1649 934 constituta

81 969 145 1012 est
183 966 237 1011 ad
274 979 423 1024 pacem
463 965 662 1010 ecclesiae
704 969 746 1010 et
779 966 1103 1010 unanimitatem
1134 966 1441 1010 continendam.
1489 968 1647 1012 Verum

81 1045 133 1089 de
168 1045 249 1089 hoc
285 1045 393 1089 bono
432 1044 640 1102 principio
679 1058 731 1088 ex
765 1044 984 1088 hominum
1015 1044 1214 1089 abusione
1244 1045 1379 1089 multa
1408 1046 1522 1091 mala
1551 1062 1648 1105 pro-

81 1137 226 1180 gressa
265 1126 381 1179 sunt,
420 1123 482 1166 ita
518 1126 566 1166 ut
604 1123 818 1167 electionis
855 1122 1027 1167 licentia
1061 1137 1194 1181 usque
1232 1124 1286 1167 ad
1317 1124 1475 1169 cellarii
1508 1129 1549 1169 et
1580 1140 1648 1170 co-

82 1201 234 1259 quinae
272 1201 409 1246 claves
448 1204 490 1245 et
525 1201 803 1245 villicationes
836 1201 1089 1246 ordinandas
1122 1202 1384 1246 extendatur.
1433 1203 1647 1249 Pontificis

79 1278 279 1336 Romani,
316 1279 744 1338 archiepiscoporum,
777 1281 1070 1338 episcoporum
1101 1280 1324 1325 electiones
1356 1296 1476 1326 sacra
1507 1284 1648 1328 decre-

80 1362 220 1402 torum
259 1359 485 1402 auctoritas
517 1359 795 1415 demonstrat3
837 1359 1032 1403 monachi
1064 1363 1233 1404 sanctae
1263 1361 1407 1416 regule
1439 1363 1649 1420 scriptura

82 1437 304 1494 docentur,
345 1437 525 1494 qualiter
561 1441 603 1482 et
639 1438 805 1494 qualem
844 1438 997 1494 eligere
1035 1438 1213 1482 debeant
1244 1439 1458 1495 abbatem3
1501 1455 1648 1486 econo-

80 1529 246 1560 morum
277 1518 320 1560 et
350 1529 507 1572 eorum,
540 1516 611 1573 qui
641 1516 801 1560 nullam
831 1517 878 1560 in
906 1517 1111 1573 regimine
1143 1532 1217 1562 suo
1249 1520 1484 1577 suscipiunt
1505 1503 1655 1565 curam>

82 1594 330 1650 animarum,
363 1593 509 1638 electio
542 1608 624 1652 qua
648 1595 704 1639 sit
725 1596 983 1639 auctenticae
1005 1596 1212 1653 scripture
1231 1597 1459 1642 informata
1478 1599 1647 1657 iudicio,

81 1672 259 1717 necdum
290 1672 504 1717 addiscere
542 1674 769 1731 potuimus.
824 1673 980 1718 Beatus
1010 1674 1284 1732 Benedictus,
1327 1690 1422 1720 cum
1454 1677 1504 1721 de
1536 1679 1648 1723 ordi-

81 1750 256 1795 nandjsb
288 1750 456 1795 decanis
488 1755 612 1808 atque
634 1753 859 1810 prepositis
879 1757 1124 1811 preceptum
1146 1754 1278 1810 daret,
1312 1755 1365 1798 ad
1385 1759 1648 1813 postremum

81 1831 236 1885 videat,
268 1829 434 1886 inquid,
468 1832 605 1886 abbas,
644 1833 688 1874 in
720 1848 837 1890 quem
868 1848 1035 1875 securus
1057 1835 1275 1891 partiatur
1306 1850 1433 1878 onera
1463 1832 1574 1891 sua3,
1609 1837 1648 1880 ei

81 1906 277 1951 videlicet
322 1921 529 1950 summam
575 1908 737 1952 consilii
776 1909 1029 1966 attribuens,
1077 1911 1144 1954 cui
1180 1911 1373 1956 imminet
1410 1913 1647 1959 reddendae

80 1986 257 2030 rationis
295 1985 541 2043 periculum.
587 1985 646 2029 Et
681 1986 784 2031 haec
823 1988 991 2044 quidem
1030 1992 1154 2046 atque
1186 1989 1270 2033 alia
1299 1990 1540 2035 huiusmodi
1568 2007 1646 2051 pro

82 2066 225 2108 nostro
261 2067 389 2122 captu
419 2067 461 2108 et
490 2063 710 2120 facultate,
750 2066 787 2108 si
817 2066 1046 2111 venerabili
1076 2071 1216 2111 vestro
1248 2071 1471 2113 conventui
1502 2071 1648 2116 adesse

81 2142 281 2198 licuisset,
320 2142 526 2200 prolixius
559 2145 683 2199 atque
714 2143 939 2188 instantius
972 2145 1218 2202 diceremus,
1256 2147 1530 2204 supplicando
1562 2150 1646 2194 fra-

82 2221 216 2266 tribus
252 2221 430 2277 nostris,
472 2221 667 2278 quatinus
707 2225 851 2278 aperto
889 2223 1041 2266 mentis
1077 2224 1233 2268 intuitu
1263 2225 1485 2282 diligenter
1514 2228 1646 2286 inspi-

83 2302 238 2356 cerent,
261 2299 372 2356 quod
390 2300 478 2343 fere
498 2313 583 2343 non
604 2302 668 2343 est
689 2300 850 2355 domus,
873 2300 918 2343 in
939 2315 1021 2357 qua
1041 2316 1125 2345 non
1147 2303 1202 2346 sit
1220 2306 1410 2347 mortuus
1420 2302 1447 2361 ⁴,
1478 2306 1645 2350 darent-

84 2392 163 2435 que
201 2391 373 2436 operam
408 2378 504 2436 plus
547 2378 599 2421 ad
639 2378 980 2422 reformationem
1019 2380 1234 2437 religionis
1273 2396 1399 2438 quam
1430 2384 1483 2427 ad
1514 2385 1645 2428 susci-

83 2455 256 2500 tandam
285 2456 506 2500 materiam
537 2456 830 2512 contentioniS,
863 2459 904 2500 et
933 2471 1018 2501 non
1047 2460 1403 2515 transgredientes
1427 2461 1644 2519 terminos,

85 2548 188 2592 quos
225 2537 457 2592 posuerunt
493 2535 552 2579 eis
583 2538 726 2592 patres
758 2535 844 2591 sui,
882 2535 987 2580 tales
1018 2538 1064 2580 in
1093 2537 1231 2581 locum
1261 2539 1513 2595 provisionis
1546 2554 1645 2584 suae

85 2613 333 2670 adoptarent
362 2627 577 2671 personas,
610 2627 715 2670 quae
748 2617 789 2657 et
816 2614 966 2658 merito
987 2615 1100 2659 vitae
1122 2630 1234 2671 suae,
1267 2620 1309 2660 et
1327 2616 1409 2660 loci
1430 2618 1495 2661 sui
1516 2618 1644 2663 subli-

179 2753 207 2775 ε..
235 2733 331 2783 eglam
353 2745 420 2775 cod.
503 2745 534 2775 b.
562 2745 748 2776 ordinandus
771 2757 796 2775 c.

180 2814 214 2850 1.
239 2814 323 2851 Isai.
339 2814 397 2860 48,
415 2815 472 2851 11.
568 2816 601 2851 2.
627 2814 782 2851 Malach.
803 2816 834 2861 1,
853 2815 887 2851 6.
976 2815 1009 2851 3.
1036 2816 1079 2851 In
1103 2817 1251 2862 regulae
1276 2816 1312 2854 S.
1330 2818 1523 2856 Benedicti
1548 2830 1580 2856 c.
1597 2822 1643 2857 21

87 2873 227 2918 (Codex
251 2874 458 2921 regularum
482 2875 539 2911 ed.
566 2876 780 2912 Holstenius
804 2887 840 2921 p.
858 2876 918 2920 22)
943 2875 1116 2921 leguntur
1139 2875 1248 2913 haec:
1277 2877 1373 2925 „Qui
1398 2878 1528 2916 decani
1551 2880 1644 2917 tales

85 2933 278 2980 eligantur,
303 2934 341 2970 in
359 2934 493 2980 quibus
517 2945 669 2972 securus
689 2935 802 2972 abbas
818 2935 998 2982 partiatur
1013 2946 1124 2972 onera
1139 2947 1206 2973 sua
1214 2936 1242 2973 ⁴⁴.
1314 2938 1348 2974 4.
1375 2939 1491 2976 Exod.
1510 2941 1566 2986 12,
1584 2941 1643 2977 30.
