1930 3224
277 559 561 618 BOVONIS
607 558 695 614 DE
742 558 846 615 SUI
891 558 1224 615 TEMPORIS
1267 556 1461 614 ACTIS

381 675 384 678 ·
623 653 1112 710 FRAGMENTUM.

89 837 324 897 Bovonem
342 853 373 897 I
384 854 623 896 monasterii
644 853 895 896 corbeiensis
919 853 971 896 ab
995 868 1104 895 anno
1126 852 1218 895 879
1243 853 1302 895 ad
1321 853 1429 895 diem
1448 852 1507 895 29
1530 851 1651 896 Octo-

89 932 173 976 bris
203 946 242 974 a.
261 930 351 974 890
382 932 580 984 abbatm,
613 932 728 973 cuius
759 937 798 973 et
827 938 961 973 ortum
993 938 1031 972 et
1059 931 1225 973 virtutes
1256 937 1294 972 et
1322 931 1532 988 inqem'um
1561 930 1652 972 lau-

89 1009 207 1053 dibus
235 1009 507 1052 Widulcindus
538 1009 681 1052 extulit
691 1004 714 1062 ¹,
747 1009 798 1051 de
827 1009 894 1050 sui
922 1009 1116 1066 temporis
1152 1009 1252 1051 actis
1280 1009 1509 1065 empsisse,
1548 1022 1654 1050 vanus

87 1086 276 1130 Adamas
306 1087 541 1130 Bremensis
569 1087 614 1128 in
644 1085 862 1129 Gestorum
881 1085 1299 1143 Hammenburyensis
1330 1086 1520 1128 ecclesiae
1544 1101 1653 1143 pon-

88 1165 245 1224 &ficum
275 1163 328 1207 L.
351 1164 383 1207 I.
417 1180 448 1207 c.
469 1164 526 1207 41
537 1159 552 1182 ²
583 1171 873 1207 commemorat
903 1164 1103 1222 simulque
1135 1164 1339 1221 deperditi
1369 1165 1504 1221 operis
1534 1163 1655 1205 huius

77 1241 366 1301 fraymentwm
393 1241 530 1300 infert.
577 1240 670 1284 Hoc
699 1249 744 1284 ut
772 1243 999 1299 separatim
1024 1242 1238 1299 leyeretur,
1272 1241 1655 1299 Lappenberyiana

87 1320 244 1364 Adami
273 1321 449 1363 editione
477 1335 575 1362 usus
604 1335 707 1362 sum.

206 1398 396 1441 Berolim'
424 1398 453 1441 5
484 1397 580 1440 Kal.
607 1396 800 1441 Octobres
832 1413 869 1440 a.
892 1396 1021 1440 1863.

206 1498 313 1543 Cum
350 1498 562 1542 modernis
598 1498 858 1556 temporibus
896 1498 1036 1554 gravis
1082 1497 1357 1542 barbarorum
1393 1497 1573 1556 irruptio
1608 1498 1655 1542 in
1678 1503 1749 1540 884

87 1577 202 1621 omni
230 1590 338 1636 pene
367 1590 496 1632 regno
525 1575 782 1620 Francorum
813 1577 1054 1621 immaniter
1085 1576 1410 1620 debaccharetur
1420 1583 1447 1633 ⁸,
1479 1576 1656 1632 contigit

87 1654 235 1711 etiam,
276 1668 346 1699 eos
385 1654 526 1698 divino
555 1655 710 1698 iudicio
749 1654 803 1698 ad
834 1655 1043 1712 quendam
1071 1654 1257 1698 Frisiaeb
1287 1668 1445 1712 pagum
1476 1655 1653 1711 devolvi,

87 1733 160 1790 qui
189 1733 236 1777 in
271 1733 445 1777 remotis
483 1745 532 1776 ac
566 1733 677 1776 mari
713 1746 864 1788 magno
895 1733 1045 1777 vicinis
1083 1732 1186 1776 locis
1226 1732 1350 1789 situs,
1389 1732 1654 1777 Nordwidi⁶⁸

88 1810 325 1868 appellatur
333 1810 361 1853 ⁶.
408 1809 530 1854 Hunc
565 1811 715 1866 igitur⁰
748 1811 989 1855 subvertere
1029 1811 1216 1867 aggressi
1256 1814 1365 1854 sunt.
1412 1811 1548 1855 Erat‘.
1565 1811 1654 1856 illic

87 1902 136 1933 eo
166 1891 357 1946 tempore
386 1888 637 1933 venerabilis
679 1888 899 1946 episcopus
926 1886 1209 1944 Rimbertus⁴3
1241 1889 1360 1932 cuius
1391 1890 1652 1934 adhortacio-

86 1966 209 2011 nibus
241 1969 284 2010 et
313 1965 514 2010 doctrinis
535 1965 760 2010 confortati
781 1970 823 2011 et
841 1968 1051 2024 instructi,
1083 1967 1301 2011 christiani
1321 1969 1535 2024 congressi
1555 1972 1653 2013 sunt

87 2058 183 2088 cum
211 2043 427 2088 hostibus⁸
457 2047 499 2088 et
527 2047 846 2102 prostraverunt
876 2059 927 2089 ex
960 2046 1020 2090 eis
1051 2047 1160 2091 1037
1168 2048 1207 2103 7,
1245 2046 1436 2104 pluribus
1466 2047 1651 2105 insuper,

87 2122 188 2167 dum
216 2122 340 2178 fuga¹¹
371 2122 629 2180 praesidium
660 2126 887 2180 quaerunt,
918 2123 964 2167 in
993 2124 1176 2169 transitu
1203 2123 1427 2169 fluviorum
1456 2125 1614 2169 necatis
1623 2123 1650 2169 ⁵.

181 2245 208 2266 a,
231 2222 273 2266 el.
289 2235 498 2266 debaccharet.
561 2235 591 2266 b.
610 2237 651 2266 al.
666 2235 799 2266 Fresiae.
862 2246 888 2267 c.
905 2238 947 2268 al.
962 2237 1135 2276 Nordwide,
1158 2239 1200 2270 al.
1215 2237 1381 2269 Norduich.
1445 2239 1475 2269 d.
1492 2240 1534 2269 al.
1548 2238 1651 2278 appel-

86 2290 160 2327 lant,
183 2290 225 2320 al.
239 2288 320 2320 hunc
342 2288 504 2328 appellant.
576 2298 602 2319 e.
626 2290 668 2320 al.
683 2289 789 2327 Quem.
859 2290 880 2321 f.
903 2292 946 2322 al.
960 2291 1033 2322 Erat
1054 2292 1143 2322 enim.
1215 2300 1242 2330 g.
1265 2293 1308 2323 al.
1329 2293 1485 2331 congressi
1506 2294 1577 2323 sunt
1595 2292 1651 2323 ho-

87 2343 195 2374 stibus.
257 2342 288 2373 h.
311 2344 352 2372 al.
367 2341 447 2380 fuge.

181 2413 216 2450 1.
239 2411 366 2448 L.111.
392 2422 423 2448 c.
439 2412 462 2448 2
487 2412 598 2455 (Mon.
617 2411 740 2448 Germ.
762 2411 824 2449 SS.
843 2413 909 2449 III.
926 2413 1010 2459 451)
1035 2414 1159 2451 verbis
1187 2414 1260 2452 his:
1291 2435 1360 2461 „—-
1388 2415 1488 2451 omni
1512 2415 1651 2451 virtute

86 2483 131 2509 ac
155 2471 337 2518 sapientia
359 2471 493 2518 potior.
543 2471 618 2508 Sed
643 2475 681 2508 et
703 2472 782 2517 ipse
806 2482 922 2517 nepos
946 2476 1024 2509 erat
1047 2474 1200 2519 warini,
1230 2474 1294 2520 qui
1318 2485 1364 2511 ex
1389 2475 1506 2511 milite
1531 2473 1651 2511 factus

86 2534 144 2568 est
167 2531 368 2568 monachus
393 2534 431 2568 et
454 2532 593 2578 primus
615 2531 776 2568 omnium
794 2531 893 2577 apud
908 2532 1050 2569 Novam
1067 2533 1259 2570 Corbeiam
1277 2534 1494 2580 regulariter
1511 2534 1651 2570 electus

86 2593 143 2627 est
174 2591 213 2626 in
237 2594 378 2637 patrem
388 2591 416 2628 “.
512 2593 545 2628 2.
580 2591 636 2628 ed.
655 2591 915 2638 Lappenberg‚
947 2591 985 2628 in
1017 2593 1113 2629 Mon.
1138 2593 1261 2630 Germ.
1284 2592 1348 2630 SS.
1365 2593 1442 2630 Vll.
1467 2593 1553 2639 299,
1587 2593 1650 2630 ubi

87 2649 294 2697 fragmento
318 2651 519 2696 praemissa
544 2654 630 2688 sunt
653 2651 767 2687 verba
789 2650 898 2688 haec:
924 2651 1024 2697 „Sed
1048 2652 1162 2696 Bovo,
1188 2652 1364 2689 corbeiae
1389 2652 1494 2698 abba,
1520 2653 1566 2690 de
1591 2653 1650 2689 sui

86 2709 262 2756 temporis
278 2710 371 2747 actis
387 2710 563 2756 scribens,
576 2721 650 2747 non
666 2710 815 2747 reticuit
831 2710 991 2747 dicens“.
1066 2713 1100 2748 3.
1126 2712 1274 2748 Norden
1290 2712 1431 2749 Frisiae
1448 2712 1648 2749 orientalis.

86 2769 139 2866 §.S
147 2768 369 2806 Bremensis.
441 2770 474 2806 5.
500 2769 557 2808 De
580 2770 652 2807 hoc
671 2770 811 2816 proelio
830 2769 878 2807 cf.
895 2770 1029 2808 Annal.
1048 2771 1251 2809 Fuldenses
1268 2771 1338 2808 884
1354 2772 1393 2808 in
1408 2772 1504 2810 Mon.
1524 2772 1648 2810 Germ.

142 2855 151 2865 .
167 2828 197 2865 Ι.
215 2829 299 2866 400.
