1930 3242
493 202 898 236 onnonocmpnus
927 202 1222 236 comnmissis
1583 188 1640 233 63

75 299 205 349 belus·
225 299 272 344 in
300 298 400 344 filiis
431 300 507 356 ire,
538 299 654 344 Deus
684 299 730 343 in
759 298 858 343 filiis
885 299 1060 355 gratiae.
1106 297 1241 350 Quam
1261 310 1360 353 ergo
1382 296 1518 341 adhuc
1537 310 1641 354 pau·
1667 298 1760 384 {³⁴73

75 378 252 436 portatis
290 378 566 434 exiguitatem
603 377 844 433 requiritis?
899 376 1158 432 Subiungitis
1198 376 1326 420 etiam
1361 375 1499 418 famae
1536 374 1641 418 voli-

75 456 206 500 tantis
240 455 476 501 ministerio
507 455 773 511 cognovisse,
813 458 981 512 ceptum
1009 457 1198 499 vestrum
1227 453 1333 497 mihi
1363 452 1639 510 displicuisse.

75 532 196 586 Quod
217 547 295 578 nec
326 537 424 578 ante
454 537 646 591 acceptas
676 533 839 576 litteras
862 536 1023 576 vestras
1043 532 1309 590 propositum
1328 535 1517 576 vestrum
1538 530 1642 574 scie-

74 625 169 656 111111
198 612 404 668 extitisse,
434 611 547 655 unde
576 610 693 655 velut
722 611 914 666 ignotum
944 623 1021 654 nec
1052 609 1259 667 placuisse
1279 623 1357 654 nec
1377 609 1642 667 displicuisse

75 689 231 734 sciatis.
279 689 580 734 Verumtamen
610 689 757 733 subtili
788 688 982 732 examine
1012 688 1274 746 pensandum
1304 687 1472 744 suadeo,
1505 687 1642 744 quati-

73 781 168 824 nus,
199 768 238 812 si
267 770 487 825 tantopere
517 767 629 811 foras
661 767 804 823 egredi
826 766 1088 822 desideratis,
1119 766 1368 810 inconcussa
1398 766 1546 809 domus
1577 765 1643 808 in-

74 845 243 891 terioris
271 845 546 890 fundamenta
565 845 824 889 custodiatis.
871 843 1079 888 Locorum
1101 844 1256 901 quippe
1276 844 1458 887 mutacio
1478 856 1644 887 morum

75 937 162 968 non
190 923 327 968 solum
356 922 638 981 corruptelam
667 936 753 966 non
784 923 1000 978 abstergit,
1033 925 1097 966 set
1127 925 1169 965 et
1199 921 1447 979 quandoque
1478 935 1644 966 eorum-

77 1001 174 1047 dem
202 1002 248 1046 in
279 1001 486 1046 deteriora
516 1001 831 1045 conversionem
861 1001 985 1058 parit.
1047 999 1167 1044 Unde
1197 1003 1342 1057 poeta:

195 1079 368 1124 Coelum
396 1093 482 1123 non
512 1079 700 1123 animum
728 1082 906 1134 mutant,
941 1078 1012 1135 qui
1042 1081 1159 1121 trans
1190 1092 1308 1122 mare
1338 1081 1524 1122 currunt.

80 1157 306 1203 Vocatione
336 1171 434 1213 ergo
463 1171 546 1214 qua
563 1161 736 1201 vocatus
757 1157 873 1213 estis,
905 1156 959 1200 ad
987 1155 1106 1200 illam
1135 1155 1393 1200 Iherusalem
1422 1155 1644 1200 coelestem

78 1249 184 1293 quae
205 1250 371 1280 sursum
390 1239 467 1292 est,
500 1250 580 1293 que
601 1239 665 1280 est
687 1238 822 1279 mater
844 1237 1004 1290 nostra,
1026 1234 1248 1292 suspirate,
1271 1234 1496 1290 erigimini,
1526 1234 1645 1278 festi-

77 1317 197 1369 1131ος
228 1314 346 1358 cuius
375 1314 429 1358 ad
447 1314 648 1358 intuitum
668 1313 872 1371 plurimos
894 1313 1064 1370 quidem
1085 1312 1295 1368 anhelare,
1324 1315 1437 1357 certe
1457 1325 1543 1355 non
1562 1312 1646 1356 nisi

77 1391 222 1436 beatos
242 1395 407 1436 constat
425 1393 763 1450 appropinquare
772 1399 798 1435 ⁴.
838 1391 973 1435 Huius
995 1393 1148 1447 autem,
1179 1404 1259 1447 que
1279 1390 1330 1434 de
1351 1390 1547 1434 deorsum
1568 1393 1646 1446 est,

77 1469 200 1526 visio,
219 1470 338 1514 cuius
358 1470 519 1514 homini
539 1483 635 1514 cum
653 1470 802 1515 bestiis
823 1473 887 1514 est
907 1469 1158 1525 communio,
1191 1468 1229 1512 si
1247 1468 1438 1512 videntes
1460 1482 1646 1525 quosque

79 1551 252 1605 aspectu
290 1562 365 1592 suo
395 1547 626 1604 beatificat,
665 1548 813 1592 Iudam
842 1548 1091 1592 traditorem
1123 1550 1165 1592 et
1194 1546 1379 1591 Pilatum
1409 1561 1435 1590 a
1463 1547 1646 1591 beatitu-

80 1625 179 1670 dine
209 1640 294 1670 non
325 1627 591 1671 exterminat.
640 1625 714 1670 Set
743 1626 854 1670 absit
884 1640 910 1669 a
938 1625 1128 1670 fidelium
1158 1625 1367 1681 cordibus,
1400 1638 1470 1669 eos
1501 1625 1646 1669 beatos

79 1703 148 1749 vel
178 1704 375 1748 estimare
405 1704 472 1748 vel
502 1704 662 1760 dicere,
699 1717 802 1761 quos
833 1704 1051 1748 moenibus
1083 1703 1262 1748 caducae
1293 1703 1416 1747 huius
1448 1703 1646 1758 civitatis,

79 1781 299 1826 hominum
334 1782 608 1826 inestimabili
638 1782 841 1838 sanguine
870 1782 1116 1838 rubricatis,
1155 1782 1517 1840 appropinquare·
1549 1794 1647 1825 con-

80 1859 235 1916 tigerit.
283 1859 353 1903 Ad
382 1859 500 1903 illam
530 1874 643 1915 ergo,
676 1874 782 1916 quae
812 1860 858 1903 in
889 1860 1015 1904 coelis
1038 1860 1146 1904 vivis
1168 1863 1383 1904 exstructa
1410 1860 1519 1903 nitet
1538 1859 1647 1916 lapi-

81 1937 216 1993 dibus,
248 1937 365 1981 cuius
396 1937 505 1994 lapis
537 1937 750 1993 angularis
772 1937 963 1981 Christus
994 1939 1147 1982 missus
1180 1941 1256 1994 est,
1287 1938 1334 1981 in
1364 1952 1448 1994 qua
1476 1940 1647 1981 tronum

81 2029 203 2059 suum
241 2029 318 2060 rex
355 2015 426 2059 ille
465 2014 576 2059 filius
614 2015 726 2071 regis
764 2015 1008 2071 angelorum
1044 2016 1198 2071 iugiter
1238 2016 1481 2060 concinente
1521 2015 1646 2059 choro

82 2093 298 2151 expolivit,
328 2093 587 2149 festinemus,
620 2093 884 2148 anhelemus;
917 2093 1100 2138 civitatis
1121 2094 1245 2138 huius
1276 2093 1438 2138 incolae
1468 2106 1517 2137 ac
1548 2106 1645 2136 con-

81 2171 192 2215 cives
212 2170 306 2215 fieri
326 2174 577 2227 satagamus.
614 2171 710 2215 Non
730 2174 777 2214 ut
796 2171 1006 2227 ignoranti
1026 2171 1104 2215 hoc
1125 2186 1301 2228 suggero
1322 2186 1457 2228 neque
1479 2172 1648 2215 doctum

81 2249 273 2293 indoctus
303 2249 486 2305 instruo,
519 2252 583 2293 set
614 2249 651 2292 si
680 2263 822 2293 meum
853 2263 980 2307 super
1010 2249 1087 2293 hoc
1116 2251 1288 2306 negocio
1321 2249 1543 2294 consilium
1574 2249 1647 2292 ad-

81 2327 277 2382 mittitur,
310 2327 446 2371 dicam
474 2327 601 2385 plane
632 2327 743 2383 quod
774 2328 922 2371 sentio.
973 2327 1134 2383 Regula
1163 2328 1276 2372 beati
1304 2327 1522 2372 Benedicti
1552 2327 1647 2371 dili-

83 2408 230 2461 genter
259 2405 462 2462 inspecta‚
494 2405 729 2449 cordacitus
760 2405 984 2461 ruminata,
1017 2405 1215 2462 quicquid
1244 2409 1358 2450 vetet
1388 2409 1461 2449 aut
1490 2405 1646 2460 iubeat,

84 2496 169 2526 non
199 2482 456 2527 declinantes
487 2483 541 2526 ad
571 2483 789 2527 dexteram
819 2496 896 2526 nec
928 2483 981 2526 ad
1012 2483 1240 2539 sinistram,
1271 2483 1372 2527 totis
1392 2483 1552 2527 viribus
1575 2482 1647 2526 ad-

83 2560 245 2618 inplere
276 2561 467 2617 satagite,
498 2560 828 2618 prestolaturusb
856 2561 953 2604 hinc
972 2560 1165 2604 bravium
1185 2564 1282 2618 post
1301 2574 1516 2604 emensum
1536 2560 1647 2605 vitae

84 2639 291 2695 presentis
313 2639 506 2682 stadium.
556 2638 757 2696 Quodque
778 2638 1044 2694 subiungitis,
1068 2652 1141 2682 vos
1164 2638 1276 2682 domi
1296 2638 1463 2696 lapsum
1484 2641 1647 2682 susten-

84 2718 175 2760 tare
212 2729 297 2760 non
333 2730 478 2774 posse,
516 2730 602 2760 non
641 2718 701 2761 sic
735 2717 1029 2773 intelligimus,
1068 2717 1149 2760 nisi
1179 2729 1301 2760 nemo
1334 2716 1447 2774 apud
1475 2730 1550 2760 vos
1580 2715 1648 2761 vel

86 2794 294 2851 corporali
334 2794 402 2839 vel
445 2795 628 2852 spiritali
671 2795 885 2839 iuvamine
929 2795 1121 2850 indigens
1167 2794 1414 2852 reperiatur.
1478 2794 1647 2852 Optime

86 2870 262 2916 valete“.

184 2975 210 2997 a.
233 2962 461 3007 approqnqnare
483 2979 509 2997 c.
592 2967 621 2998 b.
643 2967 829 3006 iistalaturus
851 2980 877 2998 c.
