1924 3288
185 317 277 353 1148

173 375 200 397 c.
217 367 289 406 Apr.

316 206 401 252 164
779 209 975 252 wmALm
1003 218 1251 251 nrrsrronm
1278 218 1328 251 90.
1350 218 1400 251 ⁹1.

312 315 561 372 conditione,
591 315 786 359 videlicet
815 318 863 357 ut
890 317 1041 370 castra,
1071 315 1366 359 ministeriales
1387 318 1430 358 et
1448 314 1614 372 allodia,
1644 328 1722 359 sua
1749 314 1867 361 beni-

311 392 493 436 volentia
529 406 660 449 usque
697 392 751 436 ad
788 391 972 435 reditum
1008 395 1199 436 nostrum
1236 393 1474 450 possideas,
1511 393 1558 436 in
1590 391 1744 438 litteris
1781 393 1867 438 ms

312 470 526 514 audientes
557 473 723 525 gratum
753 469 966 513 habemus
1086 470 1336 514 Audivimus
1376 471 1503 514 etiam
1533 470 1584 514 de
1612 471 1872 515 ministeriae

310 547 420 592 libus
450 548 624 603 nostriS,
664 546 775 603 quod
805 547 974 603 quidam
1012 560 1156 590 eorum
1185 547 1333 591 devote
1372 561 1421 592 ac
1458 547 1638 592 fideliter
1664 551 1865 606 tanquam

310 625 430 668 nobis
461 625 539 669 tibi
570 624 789 680 servirent,
822 624 994 681 quidam
1013 638 1126 680 vero,
1156 628 1200 669 te
1224 625 1436 669 dominum
1459 639 1581 669 suum
1600 630 1773 684 propter
1791 626 1870 671 ab·

310 703 489 746 sentiam
517 705 706 745 nostram
736 702 1002 758 abnegantes,
1034 703 1202 747 servitio
1230 707 1303 747 tuo
1325 717 1369 746 se
1389 703 1698 748 subtraxerunt.
1743 702 1870 750 Unde·

310 779 480 835 dignam
511 780 760 823 sententiam
798 780 857 823 eis
894 779 1130 823 indicimus.
1192 780 1347 833 Quodsi
1378 780 1492 825 Deus
1522 792 1767 839 prosperum
1794 792 1864 826 re·-

310 857 445 900 ditum
480 857 600 901 nobis
637 857 909 913 concesserit,
949 857 1082 902 malos
1118 858 1228 902 male
1265 859 1510 916 perdemus,
1548 859 1680 903 bonos
1708 862 1862 916 autem,

309 932 452 978 fideles
471 938 566 978 tuos
586 935 746 979 scilicet
770 948 819 979 ac
836 939 1015 991 nostros,
1047 935 1172 992 digne
1201 936 1572 980 remunerabimus.
1618 936 1683 981 De
1712 937 1862 994 quibus

273 1049 277 1051 .
308 1011 438 1067 igitur
473 1013 848 1070 contemptoribus,
886 1012 1080 1056 videlicet
1114 1013 1199 1057 tuis
1237 1017 1300 1058 et³
1330 1014 1506 1070 nostiis,
1546 1014 1782 1072 specialiter
1816 1015 1862 1059 in

190 1894 283 1931 1148

310 1089 403 1134 aliis
439 1090 592 1134 litteris
629 1091 708 1135 tibi
743 1090 1054 1145 mandabimus3
1092 1091 1246 1135 iudicio
1286 1092 1426 1135 curiae
1461 1095 1558 1136 tuae
1594 1092 1863 1137 condemnari

308 1167 375 1212 vel
405 1168 430 1212 a
458 1182 587 1224 regno
618 1169 696 1212 eici
725 1182 796 1212 eos
826 1169 1091 1226 precipimus.
1213 1169 1318 1214 Item
1348 1170 1489 1213 omnia
1518 1170 1690 1214 servitia
1717 1173 1863 1215 nostra

309 1258 358 1288 ac
386 1245 546 1290 reditus
576 1249 756 1302 nostros,
788 1247 824 1290 si
853 1259 1025 1303 parcere
1055 1246 1115 1290 eis
1136 1260 1220 1290 non
1240 1247 1394 1303 valeas,
1424 1247 1573 1291 honori
1591 1251 1664 1292 tuo
1683 1247 1863 1293 libenter

308 1323 572 1380 dimittimus,
603 1327 745 1381 preter
773 1324 946 1380 reditus,
979 1337 1081 1381 quos
1110 1324 1272 1380 integre
1290 1325 1411 1369 nobis
1429 1325 1636 1369 reservari
1654 1325 1858 1370 volumina

309 1399 410 1444 Sani
442 1404 484 1444 et
511 1401 740 1445 incolumes
770 1401 1096 1459 lherosolymam
1124 1415 1255 1458 usque
1284 1403 1550 1459 pervenimus
1562 1399 1584 1446 ¹.
1679 1403 1863 1448 Henrico

307 1479 471 1522 notario
501 1482 644 1522 nostro
674 1480 944 1537 precipimus,
976 1479 1171 1535 quatinus
1200 1483 1400 1536 tanquam
1430 1480 1550 1524 nobis
1580 1480 1659 1525 tibi
1682 1480 1860 1526 fideliter

308 1556 475 1611 serviat,
497 1559 545 1600 ut
562 1560 659 1614 post
677 1557 859 1601 reditum
877 1560 1070 1601 nostrum
1089 1557 1467 1602 remunerationem
1481 1558 1651 1615 dignam
1668 1559 1858 1617 recipiat.-

311 1720 391 1767 91.
423 1723 632 1767 Wibaldus
674 1724 914 1767 Baldricum
959 1725 1199 1782 maqistrum
1235 1724 1483 1769 salutaribus
1511 1728 1747 1784 praeceptis
1782 1728 1857 1771 ad-

425 1802 549 1843 iuvat.
1673 1801 1745 1858 (M.
1769 1803 1856 1859 75.)

424 1888 573 1933 Frater
600 1888 821 1934 Wibaldus
851 1889 932 1934 Dei
969 1890 1106 1945 gratia
1143 1889 1189 1933 id
1226 1890 1337 1947 quod
1367 1894 1431 1935 est
1458 1891 1504 1934 in
1533 1891 1736 1937 catholica
1764 1906 1857 1938 aec-

291 1965 434 2029 clesia
463 1966 612 2011 dilecto
643 1967 766 2011 fratri
797 1971 838 2011 et
869 1967 1000 2010 amico
1033 1981 1107 2011 suo
1137 1967 1330 2012 Baldrico
1360 1967 1584 2024 magistro²
1603 1969 1856 2016 benedictio-

304 2058 401 2088 nem
432 2047 475 2088 et
503 2045 636 2088 vitam
665 2059 797 2102 usque
827 2046 872 2089 in
904 2044 1101 2090 seculum.

423 2121 624 2179 Expediti
653 2123 824 2167 tandem
856 2123 907 2167 ab
937 2123 1003 2167 his
1035 2123 1374 2180 occupationibus
1398 2124 1607 2182 maximis,
1639 2139 1745 2183 quae
1762 2139 1854 2184 nos,

304 2202 352 2243 ut
379 2199 470 2257 ipse
500 2201 625 2256 nosti,
664 2201 774 2245 ultro
805 2201 992 2258 citroque
1021 2200 1233 2258 inplicitos
1265 2201 1335 2245 diu
1364 2204 1600 2259 tenuerunt,
1634 2217 1758 2261 posse
1788 2216 1854 2254 cc·-

303 2276 442 2334 pimus
485 2277 706 2334 aliquando
747 2279 901 2323 amicos
940 2282 1105 2323 nostros
1143 2278 1325 2323 salutare
1363 2283 1405 2323 et
1441 2280 1598 2337 aliquid
1633 2281 1853 2326 tenerioris

305 2354 475 2399 affectus
506 2355 679 2413 depulso
712 2357 842 2400 animi
873 2371 1026 2413 angore
1057 2356 1264 2401 exhibere.
1314 2356 1550 2403 Salutantes
1580 2359 1709 2414 igitur
1736 2362 1852 2404 tuam

302 2432 567 2490 industriam,
599 2437 775 2491 paterno
807 2438 848 2478 et
876 2434 1027 2479 intimo
1057 2434 1207 2479 affectu
1235 2448 1429 2490 rogamus
1460 2438 1502 2480 et
1521 2435 1790 2482 exhortamur
1806 2437 1852 2482 in

302 2509 504 2566 Domino,
542 2514 590 2554 ut
627 2511 733 2556 illud
762 2515 882 2556 tuum
912 2512 1050 2557 nobile
1082 2515 1124 2556 et
1154 2512 1442 2557 acutissimum
1469 2513 1704 2571 ingenium,
1742 2514 1853 2572 quod

302 2587 380 2631 tibi
419 2591 633 2645 prestante
663 2589 753 2634 Deo
793 2590 818 2634 a
855 2593 1006 2634 natura
1042 2591 1216 2635 insitum
1254 2595 1318 2636 est
1347 2594 1389 2635 et
1419 2591 1587 2649 optimis
1617 2590 1776 2637 artibus
1805 2591 1851 2637 in

301 2664 515 2710 iuventute
545 2669 619 2710 tua
649 2667 883 2712 sublimiter
913 2668 1136 2725 excultum,
1169 2673 1334 2727 torpere
1353 2682 1429 2726 per
1457 2668 1589 2712 otium
1608 2683 1692 2714 non
1712 2670 1850 2726 sina83

301 2756 354 2787 ne
391 2743 543 2800 honos,
585 2745 656 2801 qui
693 2743 771 2789 tibi
811 2745 930 2802 quasi
967 2746 1137 2802 quidam
1175 2746 1330 2792 laboris
1365 2746 1524 2790 fructus
1563 2746 1615 2790 ob
1651 2747 1850 2799 scientiae

395 2846 423 2868 a.
450 2838 512 2868 tuis
533 2840 563 2869 et
584 2839 705 2870 addidi.

394 2902 426 2936 1.
454 2901 546 2937 1148
571 2911 603 2938 c.
628 2901 717 2948 Apr.
814 2903 849 2939 2.
873 2903 937 2949 qui
961 2903 1110 2950 scripsit
1129 2903 1242 2941 Gesta
1257 2903 1453 2941 Alberonis
1476 2904 1740 2954 archiepiscopi
1761 2907 1848 2945 Tre-

299 2959 463 2996 verensis
486 2961 660 3006 (Monum.
678 2961 802 2998 Germ.
819 2961 883 2998 SS.
901 2962 1002 3000 vm.
1018 2963 1088 2999 243
1104 2965 1187 3009 sq.)-
