1924 3288
138 293 232 330 1150

88 342 154 374 Oct.
165 359 198 364 —-
211 343 286 374 Dec.

302 183 389 228 428
808 194 1007 225 wmALm
1034 193 1255 226 nmsrom
1286 194 1357 225 300.

303 290 420 347 pacis
457 290 510 334 de
545 289 699 334 finibus
737 290 892 334 nostris
931 289 1268 334 exturbaverant.
1336 289 1442 333 Cum
1479 293 1620 334 autem
1655 289 1868 341 neminem

303 369 437 413 nostri
466 382 601 424 neque
630 382 708 412 nos
737 368 971 412 lederemus
1003 371 1045 412 et
1073 368 1119 412 in
1148 371 1343 412 neutram
1370 370 1536 425 partem
1554 367 1867 423 inclinaremur,

303 459 399 490 cum
443 447 528 489 iam
566 446 612 490 in
647 446 954 490 Namucensem
994 449 1036 489 et
1073 459 1170 490 suos
1206 446 1390 489 fautores
1430 445 1607 489 domnus
1647 445 1868 503 episcopus

303 525 554 568 sententiam
599 524 876 568 anathematis
923 523 1251 581 promulgasset,
1303 536 1442 566 comes
1487 521 1772 578 G(odefridus)
1792 548 1798 562 ‹.
1815 521 1868 567 de

301 601 443 646 Monte
463 601 601 646 Acuto
632 616 709 646 sua
739 605 782 646 et
811 602 955 645 domni
986 602 1170 659 episcopi
1201 601 1355 645 militia
1374 600 1520 644 villam
1546 604 1736 645 nostram
1753 599 1866 645 oko-

301 680 376 724 riis
398 680 634 724 devastavit
659 683 701 724 et
721 680 956 734 succendit;
989 694 1094 736 quae
1113 680 1202 723 fere
1221 679 1358 723 tribus
1378 678 1592 723 mensibus
1611 678 1866 723 monasterio

300 758 538 802 necessaria
567 758 847 802 ministrabat.
903 757 1089 801 Intendit
1119 757 1246 801 etiam
1277 760 1417 800 cetera
1446 756 1582 801 eidem
1610 755 1865 810 monasterio

301 836 556 893 pertinentia
576 823 809 891 devastare,
841 835 1103 891 succendere,
1124 835 1208 878 nisi
1228 835 1489 891 gravissimis
1508 833 1866 893 redemptionibus
1919 817 1924 826 ¹

302 916 344 958 ct
374 913 662 958 exactionibus
695 914 746 958 ab
767 914 846 957 hoc
867 927 941 956 suo
961 913 1177 970 proposito
1198 915 1428 957 revocetur.
1469 912 1527 956 Et
1545 925 1642 956 cum
1659 912 1866 957 violenter

301 994 446 1036 nostra
484 991 773 1047 devastentur,
811 991 1086 1048 diripiantur,
1126 994 1168 1034 et
1196 991 1275 1034 hoc
1305 990 1461 1034 auxilio
1491 991 1634 1035 domni
1664 991 1865 1049 episcopi,

301 1069 392 1113 sine
431 1083 512 1126 quo
550 1070 663 1113 idem
701 1083 838 1113 comes
870 1068 1154 1122 G(odefridus)
1191 1068 1270 1112 hoc
1307 1082 1392 1112 non
1426 1072 1708 1126 presumeret,
1747 1068 1867 1113 decet

300 1147 460 1203 regiam
496 1147 761 1191 maiestatem
790 1150 998 1203 vestram,
1037 1161 1135 1203 nos,
1176 1147 1248 1204 qui
1284 1147 1415 1190 vestri
1445 1160 1610 1203 sumus,
1649 1146 1866 1191 defensare

302 1228 344 1269 01
379 1226 624 1269 innocenter
655 1224 820 1269 afflictis
850 1239 1022 1268 manum
1053 1224 1366 1269 misericordiae
1395 1225 1624 1282 porrigere.
1683 1223 1866 1269 Proinde

301 1303 516 1359 dignitatis
548 1306 714 1347 vestrae
743 1303 1089 1359 magnitudinem,
1127 1317 1253 1359 quam
1284 1316 1451 1359 semper
1480 1301 1602 1346 nobis
1630 1302 1866 1360 propiciam

301 1382 521 1437 sensimus,
537 1381 751 1424 humiliter
767 1381 1044 1438 deposcimuS,
1065 1384 1126 1436 ut,
1149 1380 1186 1424 si
1201 1381 1377 1423 domnus
1395 1380 1616 1437 episcopus
1633 1380 1687 1423 ad
1700 1367 1866 1424 vestrae

299 1459 532 1503 maiestatis
563 1459 819 1516 presentiam
838 1459 1014 1515 venerit,
1046 1459 1098 1502 de
1126 1461 1272 1501 nostra
1303 1472 1328 1501 a
1358 1458 1445 1501 suis
1477 1461 1519 1501 et
1540 1460 1781 1501 nostrorum
1797 1457 1865 1501 in-

299 1537 412 1580 iusta
441 1537 734 1594 oppressione,
771 1537 880 1580 sicut
908 1550 983 1580 vos
1014 1537 1146 1592 decet,
1183 1550 1278 1580 eum
1310 1535 1566 1579 conveniatis
1575 1541 1603 1590 ⁸,
1634 1538 1678 1579 et
1705 1538 1864 1591 nostra,

301 1628 406 1671 quae
428 1614 563 1658 adhuc
584 1639 639 1645 —
661 1628 746 1658 non
767 1618 908 1658 tamen
936 1628 962 1658 a
981 1615 1068 1658 suis
1090 1639 1146 1644 —
1167 1614 1327 1657 intacta
1346 1616 1585 1671 supersunt,
1617 1617 1733 1669 quae'
1751 1612 1865 1657 idem

300 1692 585 1747 G(odefridus)
618 1693 707 1736 eius
739 1692 896 1735 auxilio
927 1691 1120 1736 demoliri
1148 1691 1336 1748 festinat,
1368 1694 1539 1749 accepta
1559 1690 1612 1735 ab
1632 1703 1681 1734 eo
1701 1690 1864 1747 dextra,

301 1771 410 1815 sicut
439 1774 550 1827 sunt,
582 1771 820 1815 conservari
849 1770 1027 1814 faciatis.
1077 1769 1123 1814 Si
1153 1773 1294 1814 autem
1325 1783 1419 1813 eum
1449 1782 1534 1812 non
1559 1768 1702 1812 venire
1731 1768 1864 1813 conti-

299 1849 428 1905 gerit,
468 1862 594 1906 super
622 1849 702 1893 hoc
732 1849 771 1892 01
802 1849 987 1892 severius
1019 1848 1237 1892 scribendo
1267 1850 1408 1891 vestra
1434 1846 1644 1904 precipiat
1670 1859 1864 1891 mansue-

298 1927 400 1971 tudo
432 1930 487 1983 et,
517 1930 566 1970 ut
597 1927 774 1971 eundem
795 1925 1103 1980 G(odefridum)
1134 1925 1331 1969 comitem
1362 1925 1387 1969 a
1415 1928 1655 1968 nostrorum
1677 1923 1864 1983 depopu-

297 2005 454 2049 latione
483 2007 571 2048 tam
601 2019 678 2062 per
708 2007 850 2048 vestra
880 2005 1037 2062 scripta
1076 2017 1201 2060 quam
1241 2017 1317 2047 sua
1355 2003 1604 2047 auctoritate
1633 2002 1862 2059 coherceat,

298 2083 526 2140 imperetis.
626 2082 713 2126 Nos
735 2082 860 2138 enim,
891 2083 937 2125 in
958 2095 1005 2126 eo
1027 2081 1268 2125 discrimine
1287 2081 1461 2139 positos,
1491 2080 1742 2125 addiderunt
1759 2079 1862 2125 Gor-

299 2161 488 2204 beienses
526 2173 734 2204 revocare.
806 2160 919 2204 Inter
957 2173 1060 2216 quos
1073 2156 1084 2177 ¹
1123 2173 1226 2216 quas
1264 2159 1500 2214 molestias,
1546 2172 1648 2215 quas
1685 2158 1862 2203 insidias

299 2239 603 2293 sustineamus,
641 2238 741 2294 quid
770 2252 870 2282 vero
901 2241 1047 2282 contra
1076 2251 1152 2280 nos
1185 2251 1232 2281 eo
1262 2231 1472 2294 tempore,
1505 2249 1586 2293 quo
1615 2236 1661 2280 in
1691 2235 1862 2280 servitio

299 2317 418 2372 regni
455 2318 496 2359 et
539 2318 679 2359 vestro
719 2315 894 2359 accincti
934 2329 1123 2371 eramus,
1169 2314 1363 2358 molitum
1401 2315 1457 2358 sit
1500 2313 1652 2371 quidve
1688 2314 1860 2371 factum,

299 2407 394 2438 cum
441 2393 494 2437 ad
533 2406 607 2436 vos
647 2393 907 2449 venerimus,
953 2394 1166 2438 maiestati
1203 2396 1367 2437 vestrae
1411 2391 1576 2449 plenius
1619 2391 1859 2449 referemus.

299 2470 633 2516 Deliberavimus
675 2475 835 2526 autem,
875 2472 911 2515 si
951 2471 1137 2528 quolibet
1172 2470 1296 2514 modo
1333 2469 1399 2513 his
1435 2469 1546 2513 curis
1577 2471 1620 2513 et
1647 2468 1860 2514 laboribus

298 2564 375 2593 nos
407 2549 635 2593 subducere
665 2562 901 2605 possumus,
933 2552 981 2592 ut
1010 2549 1054 2592 in
1083 2547 1373 2606 purificatione
1404 2550 1572 2590 sanctae
1593 2542 1775 2591 Mariae'
1806 2545 1860 2590 ad

299 2641 387 2683 vos,
418 2627 654 2683 ubicunque
684 2625 870 2669 locorum
901 2641 975 2670 vos
1007 2641 1097 2671 esse
1128 2626 1358 2682 scierimus,
1387 2625 1693 2683 perveniamus.

395 2743 422 2764 a.
450 2736 495 2764 sic
516 2745 555 2764 ει
575 2733 790 2764 commoneatis
812 2739 973 2763 correctum
995 2740 1038 2764 cst
1059 2735 1088 2763 ἱιι
1111 2733 1180 2764 cod.

396 2793 426 2827 1.
451 2790 701 2828 Corbeienses.
796 2790 831 2826 2.
858 2790 948 2826 1151
974 2790 1082 2827 Febr.
1099 2791 1134 2827 2.
