1924 3288
140 554 234 590 1153

93 612 119 634 c.
129 603 217 634 Mart.
230 614 276 634 ex.

299 204 390 249 550
806 214 1006 247 wmALm
1033 215 1255 248 merom
1285 216 1357 247 411.

301 309 421 356 411.
446 310 659 356 Wibaldus
689 310 878 355 Manueli
909 311 1165 356 Graecorum
1192 313 1436 370 imperatori
1464 313 1622 368 scribi&
1644 327 1691 357 ee
1711 313 1861 358 M

447 390 533 432 rico
553 389 585 432 I
605 390 695 447 reqi
708 390 975 448 persuasisse,
1004 397 1051 432 ut
1074 390 1230 448 duplici
1248 390 1541 434 necessitudine
1570 405 1662 434 etun
1679 405 1739 434 *eo
1768 392 1863 435 cun-

445 474 622 525 9eretur.
1535 512 1542 516 ,
1645 465 1718 522 (Μ.
1734 466 1862 523 388.)

419 548 633 605 Glorioso,
672 548 843 593 sublimi
879 562 928 594 ac
955 548 1164 608 precelso,
1201 549 1353 594 victori
1381 548 1603 606 magnifico
1633 563 1684 595 ac
1710 548 1864 609 prepo-

298 628 534 672 tentissimo
564 626 763 684 Manueli‚
794 627 1155 687 Porphirogenito‚
1187 627 1651 685 Constantinopolitano
1679 629 1864 687 impera-

298 706 382 750 tori
419 705 792 762 excellentissimo,
829 705 1047 750 Wiboldus
1077 706 1159 750 Dei
1189 706 1326 762 gratia
1356 705 1484 750 abbas
1515 705 1568 750 de
1595 706 1863 752 monasteriis

299 783 460 828 duobus
489 783 721 839 nobilibus,
758 782 935 828 Corbeia
963 783 1160 828 videlicet
1190 787 1233 828 et
1263 783 1510 841 Stabulaus,
1550 783 1740 829 assiduas
1769 795 1864 831 ora-

298 862 434 906 tiones
466 864 508 905 et
537 861 735 906 devotum
765 861 995 905 servitium.
1824 860 1858 883 '²

416 939 684 997 Imperialem
713 939 977 984 maiestatem
1008 939 1140 995 decet,
1170 952 1257 983 11011
1287 938 1423 983 solum
1444 937 1699 984 liberalitate
1716 949 1864 985 verm

299 1018 428 1062 etiam
466 1018 652 1074 gratiosa
687 1018 891 1061 memoria
936 1031 1028 1062 esse
1065 1017 1295 1075 preditam,
1341 1020 1390 1060 ut
1433 1015 1611 1061 nullius>
1633 1015 1761 1062 officii
1794 1017 1864 1064 vel

296 1095 513 1140 fidelitatis
545 1095 602 1139 sit
630 1095 869 1151 immemor;
907 1096 1105 1152 quoniam
1134 1095 1317 1151 benigna
1344 1094 1634 1139 recordatione
1664 1098 1708 1140 et
1735 1096 1865 1152 grati-

297 1174 443 1218 tudine
473 1174 679 1231 principis
710 1173 991 1218 subiectorum
1023 1172 1186 1217 affectio
1216 1172 1466 1231 propensius
1496 1173 1735 1218 excitatun·
1773 1173 1866 1219 Hoc

297 1255 524 1310 propterea
569 1251 852 1296 sacratissimo
897 1251 1075 1308 imperio
1111 1254 1251 1295 vestro
1288 1251 1504 1295 insinuare
1540 1264 1626 1294 non
1662 1250 1863 1309 dubitavi,

299 1330 409 1387 quod
449 1333 670 1386 augustam
708 1331 894 1373 mentem
929 1332 1115 1373 vestram
1150 1329 1393 1373 meminisse
1428 1342 1513 1372 non
1549 1327 1714 1386 diffido,
1734 1329 1864 1387 ,quod

297 1421 374 1466 per
418 1408 583 1452 litteras
623 1407 848 1465 parvitatis
886 1421 1006 1451 meae
1044 1410 1230 1451 vestram
1267 1406 1567 1451 sublimitatem
1605 1406 1786 1451 salutavi
1821 1410 1866 1452 et

297 1486 562 1530 beatissimos
595 1485 745 1529 affatus
765 1488 927 1529 vestros
956 1485 1143 1543 recipere
1172 1485 1320 1529 merui.
1365 1484 1604 1542 Eapropter
1634 1498 1686 1529 ex
1713 1485 1864 1530 devoto

296 1563 455 1608 famulo
491 1564 627 1608 factus
667 1563 963 1607 devotissimus
1001 1576 1168 1619 servus,
1209 1563 1263 1607 ad
1302 1565 1571 1618 augmentum
1607 1565 1650 1606 et
1685 1561 1864 1619 gloriam

299 1642 554 1686 sanctissimi
597 1641 766 1699 imperii
803 1641 934 1685 vestri
978 1641 1176 1685 insudare
1221 1643 1264 1685 et
1308 1640 1521 1684 decertare
1564 1653 1650 1684 non
1687 1641 1863 1699 cessavi,

298 1720 430 1764 donec
458 1719 729 1764 beatissimae
758 1719 1059 1763 recordationis
1090 1718 1438 1763 clementissimus
1467 1719 1698 1776 imperator
1726 1717 1863 1764 Coun-

298 1798 424 1841 radus
464 1797 518 1841 ad
555 1796 910 1854 magnificentiam
941 1800 1125 1841 vestram
1160 1797 1330 1840 nuntios
1369 1796 1544 1852 direxit,
1584 1796 1779 1853 quatinus
1803 1797 1864 1843 vad

299 1878 572 1932 augmentum
609 1876 782 1920 maioris
818 1876 929 1920 inter
958 1888 1033 1919 vos
1073 1878 1115 1919 et
1149 1875 1291 1932 ipsum
1327 1874 1573 1918 concordiae
1606 1882 1782 1919 uxorem
1810 1874 1864 1921 de

300 1957 440 1998 vestro
462 1953 666 2010 sanguine
687 1954 869 1998 duceret.
917 1952 991 1997 Set
1011 1966 1058 1996 eo
1078 1952 1249 1996 interim
1269 1952 1322 1997 ab
1341 1952 1420 1996 hac
1438 1951 1695 1996 mortalitate
1712 1952 1759 1997 in
1777 1956 1863 1998 ter-

300 2046 393 2075 ram
413 2032 648 2076 viventium
670 2031 848 2087 sublato,
881 2029 1012 2086 dolor,
1044 2031 1116 2087 qui
1137 2044 1189 2074 ex
1210 2030 1299 2074 eius
1319 2030 1501 2074 transitu
1520 2032 1704 2074 mentem
1723 2027 1862 2076 meam

302 2110 491 2154 acerbius
524 2112 814 2166 occupaverat,
844 2123 930 2153 non
947 2122 1125 2167 parvam
1149 2107 1476 2152 consolationem
1503 2107 1676 2165 recepit,
1705 2121 1784 2167 pro
1811 2121 1863 2154 00

302 2188 414 2245 quod
441 2201 573 2244 nepos
603 2187 706 2243 eius,
738 2187 810 2244 qui
839 2199 951 2230 1111110
971 2200 1113 2230 rerum
1133 2187 1306 2244 potitur,
1337 2183 1582 2241 magnificus
1604 2179 1862 2231 scilicet'imss·

300 2268 472 2323 perator
502 2264 765 2321 Fredericus,
796 2278 881 2308 non
911 2265 1046 2308 solum
1066 2264 1234 2322 imperii
1253 2263 1469 2320 fastigium
1489 2263 1685 2321 optinuit,
1714 2271 1862 2312 verum

303 2343 431 2387 etiam
463 2342 737 2398 exiguitatem
757 2356 896 2387 meam
915 2343 1010 2401 pari
1030 2346 1074 2386 et
1093 2341 1220 2386 simili
1240 2341 1522 2386 benivolentia
1543 2345 1587 2386 et
1613 2341 1862 2387 credulitate

302 2420 534 2465 honoravit.
582 2419 683 2464 Inde
704 2423 780 2476 est,
814 2420 924 2477 quod
942 2421 1149 2465 instanter
1167 2419 1420 2478 persuadere
1448 2432 1534 2463 non
1555 2418 1728 2475 cessavi,
1758 2431 1860 2476 qua-

302 2503 424 2544 tenus
454 2497 623 2542 inclitus
656 2501 779 2554 atque
809 2499 944 2542 victor
980 2498 1172 2543 dominus
1209 2511 1327 2541 meus
1356 2496 1601 2541 Fredericus
1629 2496 1861 2555 imperator

303 2590 400 2621 cum
429 2575 768 2620 constantissimo
805 2576 982 2633 imperio
1012 2580 1151 2620 vestro
1189 2575 1310 2619 fedus
1341 2575 1549 2619 amicitiae
1578 2574 1707 2618 iniret
1735 2577 1780 2619 et
1805 2574 1860 2619 do

303 2654 506 2711 sanguine
521 2656 660 2698 vestro
680 2667 854 2697 uxorem
875 2654 1055 2698 duceret.
1093 2653 1213 2706 Quod
1228 2653 1355 2697 etiam
1369 2656 1510 2696 vestra
1525 2652 1733 2709 sapientia
1745 2665 1859 2696 00111-

303 2733 420 2791 plere
448 2731 735 2776 indubitanter
764 2731 1004 2775 maturabit.
1123 2731 1338 2775 Inmensae
1358 2729 1514 2786 gratias
1534 2743 1610 2785 ego
1635 2734 1678 2774 et
1705 2729 1857 2774 fratres

302 2811 387 2855 mei
422 2809 641 2854 referimus
678 2821 756 2866 pro
787 2809 990 2852 exsamito
1022 2808 1116 2853 albo
1146 2808 1266 2853 nobis
1296 2806 1541 2852 transmisso
1555 2804 1578 2863 ¹,
1614 2811 1658 2852 et
1684 2807 1857 2852 devotas

302 2901 448 2946 preces
469 2900 547 2944 pro
567 2885 703 2930 salute
730 2885 899 2943 imperii
918 2887 1047 2930 vestri
1077 2886 1132 2930 ad
1150 2885 1288 2931 Deum
1316 2884 1489 2930 fundere
1518 2898 1603 2928 non
1631 2898 1853 2930 cessamus.

399 2970 432 3006 1.
457 2968 502 3006 V.
527 2978 584 3015 ep.
602 2967 672 3005 325
696 2977 806 3014 supra
827 2977 863 3012 p.
881 2966 962 3003 455.
