1924 3288
317 222 407 267 460
765 235 963 265 1111οΑ11111
991 234 1240 267 EPISTOLAE
1269 235 1339 266 329.
1361 236 1432 266 830.

203 332 294 369 1151
318 329 458 374 dinem
489 332 531 374 et
560 329 902 374 consuetudinem
930 333 1131 386 nostram,
1162 333 1403 374 consuetam
1422 330 1662 376 alimoniam
1679 330 1878 390 expecta-

216 382 287 413 M⁸¹
317 421 458 452 remus
489 421 566 451 nec
598 407 650 452 ab
681 421 729 451 eo
761 408 983 464 quicquam
1014 409 1316 467 acciperemus,
1345 408 1502 466 inpasti
1530 408 1807 466 surreximus&
1835 413 1879 455 et

316 485 455 529 Deum
493 485 722 529 secundum
760 486 950 530 ordinem
986 490 1198 543 nostrum,
1238 490 1383 531 euntes
1421 487 1474 531 ad
1505 485 1779 543 ecclesiam,
1781 487 1878 532 cuin

315 563 478 621 psalmo
517 562 820 607 benediximus,
883 562 1036 607 Statim
1072 565 1202 620 igitur
1237 564 1283 607 in
1316 577 1446 607 unum
1477 563 1738 622 congregati,
1775 565 1878 623 quid

315 641 426 684 facto
458 654 563 698 opus
595 644 718 696 esset,
748 641 794 684 in
824 654 1043 686 commune
1074 642 1358 686 consuluimus
1389 644 1443 698 et,
1474 645 1522 686 ut
1545 642 1709 686 vestrae
1736 640 1878 700 patera

315 718 440 762 nitati
477 718 587 762 hanc
622 719 916 763 necessitatem
946 719 1138 764 celeriter
1165 720 1496 776 insinuaremus,
1535 719 1750 764 internos
1777 728 1879 764 11011·-

286 828 287 835 ,
315 796 519 840 venimus.
590 796 764 840 Interim
810 800 950 842 autem
993 798 1116 842 fratri
1152 797 1413 852 A(delberto)
1453 797 1683 842 camerario
1718 800 1878 855 nostro,

315 873 415 918 licet
450 874 582 917 invito
621 877 663 918 et
699 873 878 918 multum
914 875 1133 932 renitenti,
1170 876 1279 919 hanc
1314 888 1459 931 curam
1497 874 1777 932 iniunximus,
1813 877 1877 932 ut,

316 951 448 996 donec
477 951 622 996 redeat
650 953 828 996 nuncius
857 956 1001 997 noster
1025 954 1050 997 a
1069 953 1201 1009 vobiS,
1232 967 1386 1010 panem
1407 955 1450 996 et
1467 951 1629 1010 potum,
1648 952 1877 997 undecum-

317 1043 396 1086 que
426 1030 562 1087 possit
584 1033 728 1074 mutuo
751 1034 980 1089 acceptum,
1011 1031 1131 1075 nobis
1151 1031 1382 1088 provideat.
1420 1030 1478 1074 Et
1502 1030 1735 1087 argentum,
1766 1029 1877 1088 quod

316 1106 370 1151 ad
410 1107 715 1166 sarcophagum
752 1108 831 1152 hoc
869 1122 978 1152 anno
1013 1109 1383 1166 deputaveramus,
1422 1108 1469 1152 in
1497 1109 1672 1166 pignore
1702 1108 1874 1167 accepit.

315 1184 521 1237 Quoniam
550 1186 693 1242 itaque
722 1186 1013 1230 imminentem
1035 1187 1156 1231 nobis
1176 1187 1469 1231 necessitatem
1488 1186 1654 1242 videtis,
1685 1186 1876 1231 obsecra-

314 1277 408 1306 mus
440 1263 636 1307 dilectam
665 1263 786 1308 nobis
816 1265 1114 1321 paternitatem
1135 1268 1333 1320 vestram,
1364 1267 1412 1308 ut
1434 1265 1675 1321 quantotius
1692 1264 1872 1308 reditum

314 1344 501 1385 vestrum
533 1341 584 1385 ad
614 1355 691 1385 nos
724 1342 976 1398 acceleretis,
1007 1345 1054 1386 ut
1085 1342 1135 1386 de
1158 1342 1334 1386 instanti
1352 1341 1538 1400 periculo
1557 1355 1635 1386 nos
1655 1345 1699 1386 et
1718 1340 1875 1386 aeecle-

313 1419 422 1463 siam
452 1420 656 1477 eripiatis,
688 1419 798 1476 quod
828 1420 918 1463 sine
942 1420 1157 1477 presentia
1175 1423 1317 1464 vestra
1337 1420 1514 1464 evadere
1532 1433 1618 1464 non
1636 1433 1872 1478 possumus.

317 1560 432 1608 330.
458 1563 669 1606 Wibaldus
709 1563 1008 1606 Corbeiensium
1047 1564 1256 1620 anyustt'as
1293 1564 1410 1607 dolet.
1471 1564 1540 1607 De
1581 1563 1875 1622 Lothan’nyt'ae

459 1639 772 1699 difficultatibuss
816 1641 944 1683 addit.
998 1641 1179 1700 Confidit
1203 1641 1324 1698 fore,
1363 1650 1409 1684 ut
1438 1641 1585 1699 paullo
1623 1649 1723 1700 post
1765 1643 1874 1685 diem

460 1717 516 1760 11
547 1717 659 1760 Iunii
689 1718 748 1760 ad
776 1733 843 1760 eos
871 1725 1109 1761 revertatur.
1658 1717 1730 1772 (Μ.
1753 1718 1871 1772 305.)

171 1809 262 1888 11051
428 1805 578 1850 Frater
607 1804 859 1861 W(ibaldus)
897 1806 978 1850 Dei
1015 1807 1152 1863 gratia
1182 1806 1444 1851 Corbeiensis
1482 1807 1610 1852 abbas
1640 1806 1872 1863 meinrioo)

243 1868 288 1888 ‘³¹'
310 1884 444 1943 priori
485 1887 526 1928 et
563 1883 712 1927 ceteris
743 1883 1005 1928 Corbeiensis
1045 1884 1244 1929 ecclesiae
1272 1885 1474 1929 fratribus
1505 1888 1548 1929 et
1574 1883 1672 1928 filiis
1701 1884 1872 1929 benedi-

312 1962 494 2006 ctionem
525 1964 568 2005 et
597 1962 728 2005 vitam
758 1975 890 2018 usque
920 1962 965 2005 in
996 1962 1194 2006 seculum.

431 2039 551 2092 Quod
579 2040 689 2083 tanti
714 2042 756 2083 et
774 2042 863 2083 tam
884 2053 1074 2084 enormes
1096 2040 1280 2084 defectus
1299 2043 1490 2098 tempore
1507 2039 1587 2084 hoc
1604 2040 1651 2084 111
1671 2038 1872 2084 aecclesia

312 2117 555 2162 Corbeiensi
600 2117 866 2173 contingunt,
912 2117 1230 2175 precordialiter
1265 2117 1356 2162 Deo
1394 2120 1502 2162 teste
1538 2117 1747 2172 dolemus;
1793 2120 1870 2174 set,

310 2208 463 2251 magno
494 2208 635 2238 rerum
665 2195 832 2238 turbine
863 2195 1125 2253 deprehensi,
1155 2195 1317 2239 nullum
1349 2194 1540 2239 effectum
1568 2195 1702 2240 bonae
1723 2194 1871 2239 volun-

310 2273 410 2316 tatis
440 2276 610 2316 nostrae
641 2272 837 2330 operibus
868 2272 1156 2317 demonstrare
1185 2273 1385 2317 valemus.
1428 2272 1502 2316 Set
1527 2286 1658 2317 unum
1674 2273 1721 2317 in
1740 2273 1870 2317 tantis

309 2350 434 2394 malis
463 2353 633 2394 nostrae
662 2350 859 2394 miseriae
890 2350 1086 2394 solatium
1116 2351 1259 2394 divina
1279 2350 1416 2408 pietas
1435 2350 1635 2408 providit,
1665 2350 1776 2407 quod
1796 2362 1869 2394 vos

308 2428 413 2472 haec
447 2427 712 2472 incommoda
740 2430 829 2471 tam
858 2428 1117 2485 inordinata,
1155 2431 1245 2472 tam
1273 2428 1482 2484 inaudita,
1521 2441 1627 2485 quae
1655 2440 1869 2485 nunquam

310 2505 486 2550 antehac
505 2504 745 2549 Corbeiensi
778 2505 976 2549 ecclesiae
997 2506 1196 2550 accidisse
1217 2505 1440 2561 credimus,
1470 2506 1743 2563 patienter-et
1762 2517 1868 2562 equo

309 2583 449 2627 animo
481 2582 754 2641 supportatis,
785 2596 920 2639 neque
951 2583 1182 2628 absentiam
1212 2586 1414 2638 nostram,
1446 2596 1553 2639 quae
1571 2582 1724 2627 vestris
1750 2581 1867 2626 utili·-

307 2661 466 2705 tatibus
504 2659 669 2705 officere
706 2663 899 2717 putatur,
946 2661 1092 2705 acerbo
1130 2660 1465 2719 reprehensionis
1502 2660 1629 2704 verbo
1657 2659 1864 2716 fatigatis.

308 2738 356 2782 In
387 2752 467 2795 quo
498 2741 687 2782 nostram
716 2737 1039 2782 sollicitudinem
1069 2739 1283 2782 artissima
1300 2738 1418 2782 vobis
1445 2738 1619 2782 caritate
1640 2738 1864 2783 obnoxiam

307 2816 369 2860 ita
399 2816 634 2872 devincitis,
662 2818 713 2859 ut
740 2815 879 2859 nullus
911 2816 962 2860 de
992 2819 1130 2860 cetero
1159 2815 1278 2860 labor
1307 2816 1376 2871 sit,
1405 2815 1523 2859 nulla
1541 2816 1708 2872 iniuria,
1738 2828 1864 2873 quam

307 2907 384 2951 pro
414 2897 557 2938 vestra
594 2893 815 2937 dilectione
853 2896 896 2937 et
933 2894 1143 2937 communi
1180 2894 1348 2938 iusticia
1385 2893 1525 2938 subire
1564 2896 1606 2938 et
1639 2893 1749 2938 ferre
1784 2906 1863 2951 pro

306 2971 466 3015 viribus
486 2984 737 3015 recusemus.
820 2970 1027 3027 Ceterum,
1053 2971 1205 3016 fratres
1225 2972 1452 3027 karissimi,
1472 2971 1653 3015 reditum
1672 2974 1863 3015 nostrum
