1924 3288
305 196 389 240 194
738 209 935 240 wmAnm
963 208 1211 240 nmsronm
1240 209 1299 239 us
1311 224 1343 230 -
1355 208 1424 240 ιω.

183 304 275 341 1148
300 306 342 347 et
378 302 604 348 clementer
639 304 876 361 respondit,
925 307 967 347 et
1004 303 1232 362 plurimum
1269 305 1420 349 vestris
1459 303 1766 350 calamitatibus
1803 317 1855 351 ex

299 381 438 425 animo
476 381 709 437 condoluit,
747 382 1017 439 promittens,
1059 396 1103 426 se
1140 385 1278 426 totum
1313 385 1355 426 et
1383 396 1451 426 res
1481 396 1578 427 suas
1607 395 1686 441 pro
1713 386 1858 428 vestra

297 458 543 503 liberatione
573 462 615 502 et
643 472 878 516 pauperum
906 463 1154 516 vestrorum,
1186 460 1223 503 si
1244 473 1348 517 opus
1378 460 1518 516 fuerit,
1548 461 1784 518 positurum
1814 463 1857 504 et

298 549 350 580 ex
380 540 519 581 vestro
550 537 816 594 potissimum
847 537 1021 582 consilio
1051 551 1141 582 rem
1172 551 1339 582 omnem
1367 540 1657 582 tractaturum.
1687 539 1690 542 ’
1775 544 1777 546 ’
1846 547 1849 551 ’

304 679 326 724 1
340 678 416 724 19.
448 680 660 724 Wibaldus
681 681 731 724 G.
751 683 964 742 aunficem
994 681 1194 736 hortatur,
1227 689 1274 724 ut
1300 689 1487 740 suscepta
1511 697 1640 740 opera
1651 682 1858 743 perficere

435 757 618 816 festinet.
1641 748 1715 813 (Μ.
1740 758 1856 812 100.)

179 856 272 893 1148
414 845 564 890 Frater
586 845 831 902 W(ibaldus)
862 846 944 891 Dei
979 847 1115 903 gratia
1144 847 1209 903 id,
1248 847 1358 904 quod
1389 851 1454 891 est
1482 848 1527 891 in
1557 846 1760 892 aecclesia
1787 860 1857 892 ca-

295 923 462 980 tholica,
495 923 646 968 dilecto
675 924 762 968 filio
793 939 868 968 suo
899 923 949 968 G.
975 924 1136 969 aurifici
1166 924 1344 969 salutem
1375 928 1418 968 et
1447 924 1790 970 benedictionem.
1840 951 1842 953 -

415 1001 562 1046 Solent
597 1002 788 1046 homines
828 1003 931 1047 artis
970 1006 1068 1047 tuae
1102 1003 1361 1060 frequentius
1391 1016 1477 1046 non
1506 1002 1730 1048 observare
1758 1016 1856 1061 pro-

295 1079 437 1135 missa,
469 1079 569 1123 dum
598 1079 723 1137 plura
753 1080 806 1124 ad
837 1081 1095 1138 operandum
1124 1081 1348 1138 recipiunt,
1379 1094 1506 1137 quam
1535 1079 1736 1138 perficere
1758 1093 1858 1140 pos-

295 1161 413 1211 sunt3
446 1157 568 1200 radix
599 1158 787 1201 omnium
816 1158 1024 1202 malorum
1054 1158 1274 1215 cupiditas.
1323 1158 1396 1202 Set
1425 1161 1546 1202 tuum
1574 1157 1714 1203 nobile
1731 1157 1859 1215 inge-

294 1235 433 1290 nium,
473 1238 570 1279 tuae
607 1235 765 1279 alacres
798 1239 839 1279 et
867 1235 1052 1280 illustres
1082 1250 1231 1280 manus
1264 1249 1431 1280 omnem
1459 1235 1591 1280 falsae
1620 1236 1859 1294 sponsionis

295 1316 439 1356 notam
470 1311 680 1368 effugient.
726 1313 877 1357 Artem
906 1317 1023 1358 tuam
1053 1313 1156 1358 fides
1188 1314 1470 1370 commendet,
1501 1327 1606 1371 opus
1636 1317 1757 1358 tuum
1784 1327 1859 1358 ve·-

294 1391 399 1434 ritas
437 1391 680 1446 comitetur,
726 1392 895 1448 sponsio
935 1395 1010 1435 tua
1046 1391 1238 1436 effectum
1277 1392 1483 1447 obtineat,
1523 1391 1746 1448 promissio
1783 1394 1858 1435 tua

294 1468 476 1525 tempori
505 1468 767 1525 respondeat.
815 1468 872 1512 Et
901 1468 1006 1531 haec
1035 1470 1204 1526 quidem
1232 1469 1283 1513 de
1304 1469 1502 1526 promissi
1520 1469 1585 1512 tui
1605 1468 1857 1524 obligatione

297 1545 560 1589 admonenda
595 1546 860 1602 putavimus,
899 1546 1096 1602 quoniam
1134 1547 1185 1590 de
1223 1546 1318 1590 dolo
1357 1549 1400 1590 et
1428 1545 1613 1590 falsitate
1642 1545 1759 1591 nulla
1787 1559 1856 1590 su-

295 1623 427 1680 spicio
467 1627 530 1666 est
565 1623 611 1666 in
648 1627 737 1666 tam
777 1623 978 1679 elegantis
1017 1624 1175 1680 ingenii
1212 1623 1434 1668 domicilio.
1482 1623 1690 1676 Quorsum
1725 1623 1855 1669 haec?

296 1700 502 1745 Videlicet
547 1704 595 1744 ut
640 1701 835 1758 operibus
873 1702 1049 1758 nostris,
1098 1715 1203 1758 quae
1240 1702 1319 1745 tibi
1355 1701 1547 1746 facienda
1581 1701 1855 1758 iniunximus,

296 1777 481 1821 studiose
510 1778 695 1834 insistas,
727 1792 805 1822 nec
836 1778 977 1835 aliqua
1005 1779 1177 1823 interim
1197 1793 1399 1835 assumas,
1431 1793 1537 1836 quae
1555 1779 1856 1836 perfectionem

295 1859 536 1900 nostrorum
571 1857 817 1914 impediant.
866 1856 977 1913 Scis,
1016 1870 1093 1900 nos
1131 1871 1223 1901 esse
1262 1857 1468 1902 currentis
1499 1860 1541 1901 et
1570 1856 1717 1901 celeris
1747 1856 1855 1902 desi-

296 1933 422 1988 derii3
467 1938 509 1977 et
537 1934 601 1990 id,
640 1935 751 1991 quod
781 1934 995 1990 volumus,
1035 1935 1180 1978 statim
1209 1935 1414 1979 volumus.
1462 1934 1620 1979 Seneca
1649 1934 1701 1979 de
1730 1934 1855 1979 bene-

294 2010 421 2054 ficiis:
463 2013 540 2055 Bis
572 2014 663 2066 dat,
705 2014 776 2072 qui
807 2015 883 2056 vito
917 2014 999 2056 dat.
1120 2012 1301 2057 Posthac
1330 2013 1409 2057 tibi
1437 2011 1644 2070 prolixius
1673 2011 1855 2057 scribere

294 2089 550 2132 intendimus
591 2089 642 2133 de
679 2102 780 2133 cura
818 2093 860 2133 et
896 2090 1136 2147 provisione
1167 2090 1313 2134 domus
1343 2094 1462 2146 tuae,
1500 2089 1551 2133 de
1580 2090 1784 2145 regimine
1811 2093 1855 2135 et

295 2167 557 2211 ordinatione
594 2167 779 2211 familiae
816 2171 933 2223 tuae,
973 2167 1024 2212 de
1063 2168 1352 2212 observatione
1387 2171 1429 2211 et
1458 2166 1683 2224 disciplina
1710 2167 1854 2212 uxoris

294 2247 403 2288 tuae.
451 2244 566 2289 Vale.

301 2385 414 2432 120.
446 2388 496 2432 G.
522 2387 689 2447 (samse-‘c
714 2388 902 2431 Wibaldo
926 2390 1156 2446 respondet,
1189 2395 1356 2446 accepta
1369 2388 1552 2445 pecunia
1570 2403 1613 2431 se
1634 2403 1763 2445 opera
1782 2403 1851 2432 ac-

444 2466 716 2508 celeratur-um
746 2481 840 2508 esse.
1637 2463 1710 2518 (M.
1736 2464 1851 2520 101.)

179 2563 271 2599 1148
415 2553 596 2597 Domino
627 2567 702 2598 suo
727 2552 950 2608 W(ibaldo)
972 2552 1052 2598 Dei
1080 2553 1218 2609 gratia
1238 2551 1546 2597 Stabulensium
1567 2556 1610 2597 et
1628 2552 1852 2599 Corbeien-

297 2631 406 2674 sium
437 2631 579 2675 abbati
609 2645 708 2675 suus
739 2630 788 2675 G.
813 2630 991 2675 salutem
1022 2634 1065 2675 et
1094 2630 1280 2675 debitum
1310 2630 1538 2674 servitium.
1783 2614 1787 2622 ‚

416 2707 576 2752 Monita
605 2712 691 2765 tua,
723 2723 776 2752 ex
806 2708 1110 2753 benivolentiae
1141 2712 1183 2753 et
1206 2707 1435 2766 sapientiae
1455 2707 1651 2752 thesauro
1671 2708 1849 2766 prolata,

297 2789 388 2829 tum
416 2786 592 2830 iocunde
622 2790 712 2830 tum
743 2783 1007 2844 disciplinate
1037 2786 1224 2843 suscepi3
1256 2798 1335 2842 que
1354 2785 1553 2828 nimirum
1579 2785 1851 2843 acceptabilia

298 2866 385 2907 tam
416 2877 557 2907 rerum
588 2863 702 2907 utilis
734 2864 919 2919 gravitas
945 2877 1072 2921 quam
1092 2862 1296 2907 mittentis
1315 2862 1415 2906 fecit
1434 2863 1671 2907 auctoritas.
1717 2863 1849 2920 Igitur

298 2941 523 2985 memoriae
555 2941 751 2984 mandavi
781 2944 823 2984 et
853 2941 971 2996 quasi
1002 2940 1080 2984 sub
1110 2954 1204 2984 sera
1233 2940 1414 2997 reposui,
1446 2943 1579 2984 artem
1608 2954 1745 2986 meam
1767 2939 1848 2984 fide
