1924 3288
529 220 728 251 wmALm
756 219 1007 251 iamsi-omn
1039 219 1109 249 233.
1132 218 1202 249 234.
1562 206 1648 250 353

81 309 265 359 timum
285 311 350 358 De
381 318 518 359 cetero
548 315 856 359 fraternitatem
886 318 1092 371 vestram,
1125 315 1176 358 de
1207 327 1291 371 qua
1319 311 1521 358 nimirum
1552 326 1648 357 con·
1674 316 1768 397 ἓξὲξ)

81 382 263 449 flainus,
293 391 509 437 humiliter
540 394 817 451 exposcimus,
848 396 896 437 ut
926 393 1197 437 dilectissimo
1228 391 1396 436 domino
1427 395 1572 435 nostro
1603 406 1648 435 m

82 466 243 515 occulto
274 472 529 527 suggeratis,
565 474 613 515 ut
643 486 669 515 a
700 472 851 516 domno
883 471 1072 517 Welfone
1103 471 1272 528 suisque
1303 469 1649 515 ministerialibus

82 542 291 606 quendam
327 549 685 605 consanguineum
723 564 863 594 meum
902 553 943 594 et
981 550 1116 607 ipsius
1157 549 1300 593 domni
1335 549 1446 605 regis
1483 547 1649 593 fidelem

81 623 325 672 Enim-icum
361 628 551 684 nomine,
590 628 679 672 sine
710 642 837 672 causa
867 629 1147 686 captivatum,
1187 628 1324 685 primo
1358 631 1420 684 et,
1459 627 1568 671 sicut
1598 627 1650 670 de

80 705 188 764 ipso>
203 704 469 763 confidimus,
506 707 715 763 requirat,
749 710 791 751 et
821 709 908 750 tam
939 720 1017 764 pro
1048 706 1168 750 nobis
1201 719 1327 763 quam
1356 719 1434 763 pro
1465 705 1556 750 Deo
1587 705 1651 748 di-

80 784 194 828 mitti
221 784 376 829 iubeat.

85 938 202 986 2¹34.
227 941 438 985 Wibaldus
451 940 694 984 Hermanno
712 943 902 1000 episcopo
920 942 1218 985 constantiensi
1237 942 1386 996 scribit,
1412 957 1562 999 reqem,
1591 942 1652 985 vi-

216 1013 360 1063 'otoo-ia
380 1016 431 1062 εἰη
455 1018 641 1077 Weifone
655 1027 798 1077 parta,
827 1035 911 1062 non
932 1035 993 1074 ea,
1018 1035 1144 1078 quam
1163 1036 1229 1062 res
1239 1019 1418 1079 flaqitet,
1441 1021 1653 1063 severitate

230 1113 400 1140 usurum
422 1113 517 1140 esse.
546 1098 615 1141 De
631 1097 840 1149 Heinrico,
868 1097 1067 1155 Weifom‘s
1087 1100 1261 1155 captivo,
1285 1099 1413 1140 addit.
1443 1097 1514 1151 (M.
1537 1097 1652 1151 186.)

97 1245 102 1249 ·
200 1172 443 1231 Reverendo
481 1186 595 1243 patri
634 1200 708 1230 suo
750 1189 792 1230 et
830 1186 998 1230 domino
1029 1186 1305 1240 H(ermann0)
1345 1190 1513 1231 sanctae
1545 1186 1654 1231 Con-

83 1264 325 1309 stantiensis
366 1263 590 1308 aecclesiae
627 1264 856 1309 venerabili
896 1264 1090 1322 episcopo
1127 1264 1259 1308 frater
1288 1263 1541 1320 W(ibaldus)
1572 1265 1653 1309 Dei

83 1343 219 1399 gratia
255 1342 300 1386 id
340 1341 449 1399 quod
489 1345 554 1386 est
589 1343 635 1386 in
676 1343 877 1387 aecclesia
918 1342 1143 1399 catholica,
1184 1342 1363 1387 salutem
1393 1344 1438 1386 in
1470 1357 1539 1400 eo,
1582 1343 1654 1400 qui

82 1420 257 1465 mandat
285 1420 442 1464 salutes
472 1419 594 1465 Iacob
607 1417 630 1464 ¹.

200 1498 282 1543 Pro
313 1499 613 1556 moderatione,
646 1513 730 1556 qua
758 1498 926 1556 predita
956 1502 1020 1543 est
1051 1498 1183 1543 dulcis
1216 1499 1357 1543 anima
1377 1503 1531 1555 vestra,
1563 1498 1654 1556 pla-

84 1577 171 1621 cuit
187 1561 189 1565 ,
208 1577 459 1633 benignitati
488 1580 654 1621 vestrae
692 1577 896 1632 gratulari
933 1577 1099 1641 regiaew
1113 1578 1274 1634 curiae,
1316 1577 1427 1634 quod
1465 1579 1653 1620 nostram

85 1655 124 1699 ei
160 1668 272 1699 nunc
312 1655 478 1700 assidue
516 1655 787 1700 exhibeamus
825 1656 1095 1712 presentiam.
1169 1655 1242 1699 Set
1280 1669 1378 1711 nos,
1418 1655 1654 1699 venerande

83 1736 224 1791 pater,
261 1747 346 1777 non
385 1748 528 1777 sumus
558 1737 772 1777 momenta
808 1747 951 1777 rerum
986 1747 1064 1777 nec
1102 1734 1282 1791 publicis
1322 1734 1507 1788 negociis
1539 1734 1653 1789 quic-

86 1825 211 1868 quam
240 1825 463 1869 possumus
495 1811 765 1855 emolumenti
796 1812 984 1855 conferre
1016 1815 1071 1868 et,
1102 1815 1150 1855 ut
1179 1815 1324 1855 nostra
1353 1812 1436 1855 fert
1466 1811 1622 1868 opinio,

282 1889 369 1933 Nos
399 1903 597 1933 numerus
630 1903 772 1933 sumus
805 1893 847 1933 et
876 1890 1017 1945 fruges
1049 1903 1294 1935 consumere
1324 1890 1416 1933 nati
1425 1886 1452 1934 ².

87 1966 302 2025 Siquidem
332 1971 430 2025 post
459 1968 718 2024 insperatam
749 1970 791 2011 et
821 1967 873 2011 ab
905 1968 1020 2011 omni
1051 1967 1232 2011 humano
1264 1967 1439 2011 consilio
1467 1970 1508 2010 et
1529 1980 1653 2024 opere

85 2045 216 2090 ferme
247 2045 428 2089 alienam
460 2049 502 2088 et
524 2045 575 2089 de
599 2045 699 2089 celis
719 2045 920 2089 traditam
938 2046 1172 2102 victoriam,
1203 2046 1411 2090 voluimus
1444 2048 1498 2100 et,
1522 2058 1653 2101 quan-

87 2127 177 2168 tum
213 2124 258 2168 in
286 2138 333 2168 re
363 2124 538 2168 militari
569 2124 775 2181 oportuit,
817 2124 1048 2180 suasimus,
1086 2127 1134 2167 ut
1165 2124 1358 2168 dominus
1389 2126 1533 2166 noster
1563 2137 1653 2178 rex,

88 2215 212 2259 quem
241 2202 431 2259 propicia
462 2202 659 2245 divinitas
690 2201 809 2245 miris
842 2205 884 2245 et
906 2201 1180 2246 clementibus
1201 2201 1413 2246 beneficiis
1435 2204 1656 2244 conservat

88 2282 130 2324 et
156 2280 367 2337 provehit,
398 2294 484 2323 non
514 2282 697 2323 cessaret
728 2292 943 2324 successus
973 2294 1124 2335 urgere
1155 2294 1264 2336 suos,
1298 2283 1340 2324 et
1369 2279 1510 2323 hostes
1543 2293 1653 2334 suos,

88 2357 428 2415 incomparabili⁸
467 2358 649 2414 dampno
690 2355 858 2400 affectos
897 2360 1094 2414 metuque
1134 2362 1176 2402 et
1212 2372 1366 2413 angore
1398 2358 1529 2401 animi
1559 2371 1655 2414 per-

89 2435 246 2492 culsos,
285 2436 524 2492 invaderet,
565 2449 613 2478 ac
650 2449 741 2478 sese
772 2434 995 2490 aliquando
1028 2436 1082 2479 ad
1111 2436 1350 2480 faciendum
1380 2436 1581 2479 iudicium
1614 2439 1656 2478 et

88 2513 320 2570 iusticiam,
354 2514 407 2558 ad
438 2512 769 2558 subveniendum
798 2512 926 2556 matri
956 2527 1056 2556 suae
1089 2513 1333 2569 aecclesiae,
1366 2517 1537 2570 accepta
1566 2516 1654 2556 tam

88 2591 272 2635 mirabili
307 2593 609 2649 oportunitate,
650 2589 879 2647 expediret.
942 2590 1266 2635 Contradicebat
1295 2592 1552 2635 inveteratus
1583 2590 1655 2634 ille

89 2668 319 2725 Achitofel,
366 2671 438 2726 qui
468 2670 540 2713 vix
578 2670 790 2725 ingentem
830 2668 1096 2712 dissimulare
1134 2669 1360 2712 tristiciam
1395 2671 1562 2725 poterat
1599 2671 1654 2722 et,

91 2750 308 2804 assumpta
337 2748 558 2791 sanctioris
590 2746 802 2791 amiciciae
833 2759 1025 2802 persona,
1059 2746 1110 2790 de
1140 2750 1329 2803 tempore
1361 2749 1402 2790 et
1423 2747 1535 2789 auris
1558 2759 1655 2789 cau-

91 2824 274 2880 sabatur,
297 2828 338 2869 et
355 2826 628 2870 sacratissimi
644 2824 788 2868 ieiunii
804 2823 1048 2879 religionem
1063 2824 1320 2880 predicabat,
1338 2827 1380 2868 et
1395 2822 1652 2868 astruebatb:

186 2929 213 2950 a.
241 2922 373 2961 sequitur
394 2922 495 2952 litura.
578 2920 607 2951 b.
630 2920 800 2951 asstruebat
822 2931 847 2949 c.

185 2978 218 3014 1.
243 2978 302 3014 Ps.
320 2978 378 3024 43,
396 2979 430 3014 5.
525 2979 558 3014 2.
584 2978 672 3014 Hor.
691 2978 756 3023 Ep.
776 2978 803 3013 Ι.
822 2977 855 3023 2,
877 2977 933 3013 27.

151 3041 255 3077 ains,
278 3044 468 3074 Bibliotheca
490 3045 512 3074 1.
1322 3042 1368 3079 23

1678 1195 1697 1229 1
1703 1195 1721 1229 1
1726 1194 1772 1230 50

1681 1243 1768 1274 Febr.
