1924 3288
530 203 728 235 wmALm
756 202 1006 235 ems'romn
1035 202 1106 233 42⁷.
1127 201 1199 233 428.
1559 190 1647 235 565

83 299 172 344 siae
209 311 357 344 causas
393 299 681 358 provehendas
720 298 966 354 assumatis,
1005 301 1048 342 et
1084 297 1137 342 de
1174 297 1446 354 benignitatis
1483 301 1648 343 vestrae
1677 301 1767 338 1153

83 377 325 422 defensione
355 376 463 422 filios
492 381 668 434 vestros,
700 378 773 434 qui
801 377 847 420 in
878 376 1023 421 eodem
1054 375 1308 420 monasterio
1327 375 1418 420 Deo
1448 375 1647 433 militant,
1698 361 1743 382 ‘³¹'

83 454 313 512 letificetis,
357 456 466 513 quod
505 459 623 500 tanto
660 456 810 500 fortius
851 454 905 499 ad
943 453 1135 499 effectum
1172 453 1402 511 perducere
1437 454 1646 511 poteritis,

83 536 239 590 quanto
279 534 420 578 verius
451 534 639 578 eiusdem
675 533 756 577 loci
794 533 986 577 miserias
1025 531 1192 576 oculata
1226 530 1308 576 fide
1345 531 1645 589 perspexistis3

82 614 223 656 vester
253 614 394 656 autem
424 611 597 667 collega,
629 611 822 655 dominus
852 610 1048 655 videlicet
1077 612 1221 654 noster
1240 608 1480 654 Bernardus
1510 610 1647 654 cardi-

81 688 204 745 nalis,
236 689 308 746 qui
337 690 383 733 in
404 689 645 734 Corbeiensi
675 688 929 733 monasterio
959 688 1149 733 habitare
1178 687 1480 746 aliquantisper
1499 687 1645 743 voluit,

81 766 251 822 negotia
280 767 467 811 eiusdem
498 767 661 812 cenobii
690 766 976 825 promovenda
1005 767 1192 823 recipere
1227 780 1312 810 non
1342 769 1528 820 recuset;
1567 765 1646 810 hac

82 840 225 888 tamen
253 845 505 902 interposita
540 846 724 901 ratione,
764 848 831 901 ut,
872 844 982 888 sicut
1010 858 1142 888 unum
1181 844 1227 888 in
1264 844 1475 900 legatione
1504 847 1646 888 vestra

80 922 321 980 peragenda
340 922 686 968 indissolubiliter
713 923 867 979 fuistis,
898 922 959 966 ita
979 935 1110 966 unum
1130 922 1175 968 in
1196 922 1482 980 oportunitate
1501 926 1646 967 nostra

80 1000 317 1046 adiuvanda
350 1002 568 1046 maneatis.

79 1179 198 1228 428.
225 1180 350 1240 Huyo
383 1182 433 1224 de
464 1181 626 1224 Baucio
666 1180 901 1224 Wibaldwm
929 1187 1068 1238 φοραί,
1106 1186 1154 1222 ut
1189 1194 1232 1223 se
1261 1179 1478 1223 Friderico
1507 1179 1534 1223 Ι
1558 1181 1646 1238 reqi

227 1260 488 1303 commendet.
1430 1255 1501 1310 (M.
1526 1257 1644 1311 396.)

196 1347 421 1403 Wfibaldo)
447 1347 528 1392 Dei
558 1347 696 1404 gratia
727 1345 967 1391 Stabulensi
998 1346 1154 1403 abbati,
1188 1345 1539 1391 excellentissimo
1571 1347 1644 1391 do-
1671 1355 1763 1391 1153

79 1427 192 1471 mino
223 1440 313 1483 suo,
345 1425 501 1482 Hu(go)
533 1425 585 1470 de
615 1422 795 1469 Baucio¹
826 1428 868 1469 et
896 1425 1047 1469 fratres
1079 1421 1191 1469 eius²
1222 1424 1414 1468 salutem.

197 1504 330 1557 Quem
351 1518 450 1560 erga
470 1504 694 1562 imperium
717 1518 742 1547 a
758 1503 896 1560 longis
915 1507 1027 1547 retro
1043 1502 1303 1560 temporibus
1319 1505 1441 1560 pater
1456 1505 1621 1547 noster’
1632 1499 1646 1521 ³

77 1583 224 1628 habuit
265 1582 480 1638 affectum,
518 1582 652 1639 ipsius
690 1578 929 1639 presentia⁴
959 1584 1001 1625 et
1035 1581 1188 1625 litteris
1230 1580 1318 1625 eius
1359 1580 1413 1624 ad
1441 1594 1516 1624 vos
1548 1595 1647 1639 sepe

79 1661 248 1705 directis
278 1663 420 1705 vestra
438 1660 557 1704 novit
577 1660 793 1704 serenitas.
839 1659 926 1703 Nos
949 1659 1077 1703 etiam
1104 1672 1189 1702 non
1213 1672 1356 1702 sumus
1377 1659 1646 1704 immemores

78 1737 290 1795 beneficii,
331 1738 442 1795 quod
470 1738 593 1782 fratri
624 1741 767 1781 nostro
800 1736 1070 1790 G(uilhelmo)
1103 1740 1144 1780 et
1173 1750 1250 1794 per
1280 1736 1420 1794 ipsum
1450 1737 1570 1781 nobis
1602 1737 1646 1781 in

79 1817 197 1861 curia
225 1816 494 1874 imperatoris
533 1815 720 1860 conferre
758 1814 991 1859 studuistis.
1039 1813 1121 1858 Pro
1153 1828 1234 1871 quo
1265 1814 1383 1859 vobis
1419 1814 1575 1859 iterum
1605 1818 1647 1859 et

79 1895 232 1939 iterum
253 1894 552 1951 supplicanteS,
583 1907 706 1938 omne
727 1893 959 1948 servitium,
992 1892 1027 1935 si
1047 1892 1162 1936 locus
1185 1895 1226 1936 et
1245 1895 1411 1950 tempus
1433 1906 1477 1937 se
1497 1892 1644 1937 nobisb

79 1971 248 2028 offerat,
287 1972 574 2016 indubitanter
604 1971 723 2015 vobis
760 1970 1059 2028 promittimus·
1107 1969 1337 2028 Propterea
1366 1970 1519 2014 obnixe
1548 1985 1644 2028 pre-

79 2064 237 2106 camur,
258 2053 462 2107 quatenus
483 2063 560 2107 per
579 2049 839 2108 presentium
858 2048 1035 2092 latorem
1056 2047 1201 2092 audire
1221 2048 1465 2104 dignemini,
1487 2052 1645 2106 quanta

78 2127 191 2172 mala
228 2141 366 2172 comes
396 2125 739 2172 Barcinonensis⁵
770 2126 891 2171 nobis
927 2125 1104 2171 contulit
1141 2129 1183 2170 et
1213 2125 1402 2170 conferre
1431 2125 1643 2183 moliatur,

80 2206 179 2263 quia
207 2204 351 2250 fideles
383 2206 479 2250 huic
509 2206 600 2262 regi
630 2219 721 2250 esse
752 2204 956 2249 volumus.
1003 2203 1154 2248 Preces
1185 2207 1350 2248 nostras
1382 2207 1480 2249 ante
1508 2204 1642 2262 impe-

79 2287 262 2328 ratorem
301 2284 531 2339 admittite,
571 2286 612 2327 et
647 2297 724 2327 nos
754 2283 907 2327 vestris
945 2285 1042 2326 ante
1071 2282 1212 2340 ipsum
1249 2281 1430 2336 munite3
1471 2286 1513 2326 et
1543 2283 1643 2340 quid

80 2350 132 2406 de
162 2361 251 2406 eius
283 2359 488 2406 adventu⁶
520 2375 689 2419 sperare
720 2360 959 2417 debeamus,
995 2374 1071 2404 nos
1102 2360 1340 2404 cerciorate.
1389 2360 1493 2404 Tam
1523 2374 1641 2406 mens

80 2442 221 2484 vestra
251 2454 377 2497 quam
408 2439 518 2495 regis
550 2438 742 2483 voluntas
774 2438 930 2496 scripto
961 2441 1100 2483 vestro
1131 2438 1252 2482 nobis
1283 2437 1483 2494 signetur.

176 2545 203 2566 a.
231 2536 268 2567 u’r
291 2548 317 2566 c.
400 2535 429 2565 b.
457 2535 543 2565 vobis
565 2547 590 2565 c.

176 2594 209 2629 1.
235 2593 273 2629 in
297 2592 504 2629 Provincia.
573 2593 581 2604 ⁵
602 2592 635 2628 2.
662 2590 901 2636 Guilhelmus,
927 2589 1163 2636 Bertrandus,
1189 2589 1403 2627 Gerbertus.
1500 2591 1534 2627 3.
1559 2591 1640 2628 Rei-

81 2652 240 2689 mundus
271 2663 395 2689 comes
425 2652 472 2688 de
499 2651 648 2688 Baucio.
744 2650 778 2686 4.
811 2649 1055 2686 Reimundum
1088 2650 1260 2686 comitem
1292 2650 1339 2686 de
1370 2650 1509 2687 Baucio
1540 2650 1641 2688 d.1o

80 2711 242 2758 Augusti
269 2712 361 2748 1145
379 2711 613 2757 wirceburgi
637 2709 762 2755 fuisse,
786 2709 896 2746 docet
919 2709 1078 2747 Gonradi
1095 2709 1149 2745 111
1173 2709 1298 2746 tabula
1316 2720 1374 2755 ap.
1393 2710 1519 2756 Papon
1543 2711 1638 2747 Hist.

81 2771 128 2807 de
152 2772 260 2808 Prov.
278 2772 325 2808 11.
350 2782 477 2817 preuv.
503 2781 539 2816 p.
559 2770 614 2806 14.
698 2771 731 2806 5.
759 2768 985 2806 Reimundus
1009 2769 1255 2816 Berengarius
1279 2769 1343 2806 IV.
1431 2770 1465 2806 6.
1491 2770 1529 2806 in
1554 2770 1639 2807 Pro-

80 2840 250 2867 vmciam.
