<?xml version="1.0" encoding="UTF-8"?>
<!DOCTYPE html PUBLIC "-//W3C//DTD XHTML 1.0 Transitional//EN"
    "http://www.w3.org/TR/xhtml1/DTD/xhtml1-transitional.dtd">
<html xmlns="http://www.w3.org/1999/xhtml" xml:lang="en" lang="en">
 <head>
  <title>
</title>
<meta http-equiv="Content-Type" content="text/html;charset=utf-8" />
  <meta name='ocr-system' content='tesseract 3.04.00' />
  <meta name='ocr-capabilities' content='ocr_page ocr_carea ocr_par ocr_line ocrx_word'/>
</head>
<body>
  <div class='ocr_page' id='page_1' title='image "bibliothecarerum01wattuoft_0098.png"; bbox 0 0 1924 3262; ppageno 0'>
   <div class='ocr_carea' id='block_1_1' title="bbox 323 193 1403 238">
    <p class='ocr_par' dir='ltr' id='par_1_1' title="bbox 323 193 1403 238">
     <span class='ocr_line' id='line_1_1' title="bbox 323 193 1403 238; baseline -0.004 0"><span class='ocrx_word' id='word_1_1' title='bbox 323 193 381 238; x_wconf 90' lang='grc'>80</span> <span class='ocrx_word' id='word_1_2' title='bbox 798 205 997 236; x_wconf 72' lang='lat' dir='ltr'>wmALm</span> <span class='ocrx_word' id='word_1_3' title='bbox 1024 203 1271 235; x_wconf 57' lang='lat' dir='ltr'>amsi-onim</span> <span class='ocrx_word' id='word_1_4' title='bbox 1299 203 1403 234; x_wconf 79' lang='lat'>4-6.</span> 
     </span>
    </p>
   </div>
   <div class='ocr_carea' id='block_1_2' title="bbox 141 296 1884 1366">
    <p class='ocr_par' dir='ltr' id='par_1_2' title="bbox 170 296 1880 355">
     <span class='ocr_line' id='line_1_2' title="bbox 170 296 1880 355; baseline 0.001 -12"><span class='ocrx_word' id='word_1_5' title='bbox 170 303 263 338; x_wconf 86' lang='grc'><strong>1136</strong></span> <span class='ocrx_word' id='word_1_6' title='bbox 323 299 443 344; x_wconf 88' lang='lat' dir='ltr'>Unde</span> <span class='ocrx_word' id='word_1_7' title='bbox 472 299 600 344; x_wconf 84' lang='lat' dir='ltr'>etiam</span> <span class='ocrx_word' id='word_1_8' title='bbox 630 299 889 354; x_wconf 90' lang='lat' dir='ltr'>confidimus,</span> <span class='ocrx_word' id='word_1_9' title='bbox 920 299 1072 342; x_wconf 84' lang='lat' dir='ltr'>vestris</span> <span class='ocrx_word' id='word_1_10' title='bbox 1094 298 1351 342; x_wconf 87' lang='lat' dir='ltr'>orationibus</span> <span class='ocrx_word' id='word_1_11' title='bbox 1373 297 1486 355; x_wconf 89' lang='lat' dir='ltr'>apud</span> <span class='ocrx_word' id='word_1_12' title='bbox 1503 296 1641 345; x_wconf 71' lang='lat' dir='ltr'>Deum</span> <span class='ocrx_word' id='word_1_13' title='bbox 1658 297 1880 355; x_wconf 61' lang='lat' dir='ltr'>hocqtoeoe</span> 
     </span>
    </p>

    <p class='ocr_par' dir='ltr' id='par_1_3' title="bbox 141 351 1884 1366">
     <span class='ocr_line' id='line_1_3' title="bbox 141 351 1883 434; baseline 0.001 -13"><span class='ocrx_word' id='word_1_14' title='bbox 141 351 223 391; x_wconf 41' lang='lat' dir='ltr'>sept</span> <span class='ocrx_word' id='word_1_15' title='bbox 237 351 300 382; x_wconf 58' lang='lat' dir='ltr'>⁰⁰t&#39;</span> <span class='ocrx_word' id='word_1_16' title='bbox 324 377 518 434; x_wconf 88' lang='lat' dir='ltr'>optineri,</span> <span class='ocrx_word' id='word_1_17' title='bbox 548 381 596 421; x_wconf 84' lang='lat' dir='ltr'>ut</span> <span class='ocrx_word' id='word_1_18' title='bbox 627 378 811 434; x_wconf 86' lang='lat' dir='ltr'>quietem</span> <span class='ocrx_word' id='word_1_19' title='bbox 839 375 1068 420; x_wconf 88' lang='lat' dir='ltr'>universali</span> <span class='ocrx_word' id='word_1_20' title='bbox 1097 375 1247 420; x_wconf 90' lang='lat' dir='ltr'>reddat</span> <span class='ocrx_word' id='word_1_21' title='bbox 1277 375 1476 420; x_wconf 86' lang='lat' dir='ltr'>ecclesiae</span> <span class='ocrx_word' id='word_1_22' title='bbox 1495 378 1539 419; x_wconf 82' lang='lat' dir='ltr'>et</span> <span class='ocrx_word' id='word_1_23' title='bbox 1557 388 1707 433; x_wconf 72' lang='lat' dir='ltr'>pacem</span> <span class='ocrx_word' id='word_1_24' title='bbox 1723 374 1883 422; x_wconf 67' lang='lat' dir='ltr'>nustria</span> 
     </span>
     <span class='ocr_line' id='line_1_4' title="bbox 323 451 1882 512; baseline -0.001 -14"><span class='ocrx_word' id='word_1_25' title='bbox 323 455 524 498; x_wconf 89' lang='lat' dir='ltr'>concedat</span> <span class='ocrx_word' id='word_1_26' title='bbox 552 455 824 512; x_wconf 80' lang='lat' dir='ltr'><strong>temporibus.</strong></span> <span class='ocrx_word' id='word_1_27' title='bbox 871 453 978 498; x_wconf 86' lang='lat' dir='ltr'>Cum</span> <span class='ocrx_word' id='word_1_28' title='bbox 1007 467 1106 509; x_wconf 82' lang='lat' dir='ltr'>ergo</span> <span class='ocrx_word' id='word_1_29' title='bbox 1138 467 1191 498; x_wconf 88' lang='lat' dir='ltr'>ex</span> <span class='ocrx_word' id='word_1_30' title='bbox 1210 451 1882 510; x_wconf 59' lang='lat' dir='ltr'>privilegio&#39;antiquaoroligfflnia</span> 
     </span>
     <span class='ocr_line' id='line_1_5' title="bbox 324 530 1884 589; baseline 0.001 -14"><span class='ocrx_word' id='word_1_31' title='bbox 324 545 423 575; x_wconf 90' lang='lat' dir='ltr'>suae</span> <span class='ocrx_word' id='word_1_32' title='bbox 454 532 629 576; x_wconf 90' lang='lat' dir='ltr'>ecclesia</span> <span class='ocrx_word' id='word_1_33' title='bbox 655 535 796 575; x_wconf 88' lang='lat' dir='ltr'>vestra</span> <span class='ocrx_word' id='word_1_34' title='bbox 823 531 1062 589; x_wconf 78' lang='lat' dir='ltr'>specialiter</span> <span class='ocrx_word' id='word_1_35' title='bbox 1083 531 1136 575; x_wconf 90' lang='lat' dir='ltr'>ad</span> <span class='ocrx_word' id='word_1_36' title='bbox 1154 531 1388 575; x_wconf 84' lang='lat' dir='ltr'><strong>Romanam</strong></span> <span class='ocrx_word' id='word_1_37' title='bbox 1407 530 1884 588; x_wconf 70' lang='lat' dir='ltr'>dignitatom&#39;strospime</span> 
     </span>
     <span class='ocr_line' id='line_1_6' title="bbox 324 607 1883 665; baseline 0 -13"><span class='ocrx_word' id='word_1_38' title='bbox 324 609 485 664; x_wconf 89' lang='lat' dir='ltr'>debeat,</span> <span class='ocrx_word' id='word_1_39' title='bbox 517 623 828 653; x_wconf 90' lang='lat' dir='ltr'>commonemus</span> <span class='ocrx_word' id='word_1_40' title='bbox 848 623 922 653; x_wconf 87' lang='lat' dir='ltr'>vos</span> <span class='ocrx_word' id='word_1_41' title='bbox 949 609 1200 665; x_wconf 85' lang='lat' dir='ltr'>mandando,</span> <span class='ocrx_word' id='word_1_42' title='bbox 1232 612 1292 665; x_wconf 84' lang='lat' dir='ltr'>ut,</span> <span class='ocrx_word' id='word_1_43' title='bbox 1325 609 1362 652; x_wconf 91' lang='lat' dir='ltr'>si</span> <span class='ocrx_word' id='word_1_44' title='bbox 1382 609 1532 652; x_wconf 89' lang='lat' dir='ltr'>timore</span> <span class='ocrx_word' id='word_1_45' title='bbox 1553 607 1728 652; x_wconf 81' lang='lat' dir='ltr'>alicuius</span> <span class='ocrx_word' id='word_1_46' title='bbox 1748 607 1883 652; x_wconf 80' lang='lat' dir='ltr'>coacti</span> 
     </span>
     <span class='ocr_line' id='line_1_7' title="bbox 325 682 1884 744; baseline 0 -14"><span class='ocrx_word' id='word_1_47' title='bbox 325 687 376 730; x_wconf 91' lang='lat' dir='ltr'>ab</span> <span class='ocrx_word' id='word_1_48' title='bbox 414 687 576 730; x_wconf 90' lang='lat' dir='ltr'>unitate</span> <span class='ocrx_word' id='word_1_49' title='bbox 615 686 813 731; x_wconf 89' lang='lat' dir='ltr'>ecclesiae</span> <span class='ocrx_word' id='word_1_50' title='bbox 846 688 1136 744; x_wconf 82' lang='lat' dir='ltr'>exorbitastis,</span> <span class='ocrx_word' id='word_1_51' title='bbox 1176 687 1230 730; x_wconf 89' lang='lat' dir='ltr'>ad</span> <span class='ocrx_word' id='word_1_52' title='bbox 1261 701 1357 731; x_wconf 89' lang='lat' dir='ltr'>eum</span> <span class='ocrx_word' id='word_1_53' title='bbox 1369 684 1392 742; x_wconf 91' lang='lat'>¹,</span> <span class='ocrx_word' id='word_1_54' title='bbox 1434 699 1559 743; x_wconf 87' lang='lat' dir='ltr'>quem</span> <span class='ocrx_word' id='word_1_55' title='bbox 1586 682 1884 730; x_wconf 58' lang='lat' dir='ltr'>totavcolesifi</span> 
     </span>
     <span class='ocr_line' id='line_1_8' title="bbox 322 759 1883 822; baseline 0.001 -15"><span class='ocrx_word' id='word_1_56' title='bbox 322 767 487 821; x_wconf 92' lang='lat' dir='ltr'>patrem</span> <span class='ocrx_word' id='word_1_57' title='bbox 523 766 784 822; x_wconf 78' lang='lat' dir='ltr'>recognovit,</span> <span class='ocrx_word' id='word_1_58' title='bbox 823 765 1018 809; x_wconf 87' lang='lat' dir='ltr'>redeatis.</span> <span class='ocrx_word' id='word_1_59' title='bbox 1138 765 1224 809; x_wconf 89' lang='lat' dir='ltr'>Nos</span> <span class='ocrx_word' id='word_1_60' title='bbox 1255 778 1354 808; x_wconf 89' lang='lat' dir='ltr'>vero</span> <span class='ocrx_word' id='word_1_61' title='bbox 1392 764 1438 807; x_wconf 86' lang='lat' dir='ltr'>in</span> <span class='ocrx_word' id='word_1_62' title='bbox 1474 762 1670 808; x_wconf 69' lang='lat' dir='ltr'>omnibus</span> <span class='ocrx_word' id='word_1_63' title='bbox 1683 759 1883 808; x_wconf 66' lang='lat' dir='ltr'>¹debitam</span> 
     </span>
     <span class='ocr_line' id='line_1_9' title="bbox 322 841 1880 899; baseline 0 -14"><span class='ocrx_word' id='word_1_64' title='bbox 322 842 545 885; x_wconf 87' lang='lat' dir='ltr'>tuitionem</span> <span class='ocrx_word' id='word_1_65' title='bbox 576 843 774 886; x_wconf 89' lang='lat' dir='ltr'>ecclesiae</span> <span class='ocrx_word' id='word_1_66' title='bbox 803 846 970 887; x_wconf 74' lang='lat' dir='ltr'>vestrae</span> <span class='ocrx_word' id='word_1_67' title='bbox 1001 843 1167 887; x_wconf 84' lang='lat' dir='ltr'>exibere</span> <span class='ocrx_word' id='word_1_68' title='bbox 1197 842 1406 897; x_wconf 88' lang='lat' dir='ltr'>volentes,</span> <span class='ocrx_word' id='word_1_69' title='bbox 1438 855 1565 899; x_wconf 82' lang='lat' dir='ltr'>quam</span> <span class='ocrx_word' id='word_1_70' title='bbox 1593 841 1880 898; x_wconf 61' lang='lat' dir='ltr'>cognoscimus</span> 
     </span>
     <span class='ocr_line' id='line_1_10' title="bbox 322 919 1883 977; baseline 0.001 -14"><span class='ocrx_word' id='word_1_71' title='bbox 322 919 612 976; x_wconf 85' lang='lat' dir='ltr'>imperialibus</span> <span class='ocrx_word' id='word_1_72' title='bbox 651 920 840 964; x_wconf 91' lang='lat' dir='ltr'>dotatam</span> <span class='ocrx_word' id='word_1_73' title='bbox 879 921 1180 977; x_wconf 80' lang='lat' dir='ltr'>oblationibus,</span> <span class='ocrx_word' id='word_1_74' title='bbox 1218 920 1467 964; x_wconf 84' lang='lat' dir='ltr'>mandamus</span> <span class='ocrx_word' id='word_1_75' title='bbox 1501 919 1659 975; x_wconf 66' lang='lat' dir='ltr'>vobis,</span> <span class='ocrx_word' id='word_1_76' title='bbox 1679 922 1760 975; x_wconf 54' lang='lat' dir='ltr'>ut,y</span> <span class='ocrx_word' id='word_1_77' title='bbox 1774 931 1883 965; x_wconf 63' lang='lat' dir='ltr'>nm</span> 
     </span>
     <span class='ocr_line' id='line_1_11' title="bbox 322 993 1882 1056; baseline 0 -15"><span class='ocrx_word' id='word_1_78' title='bbox 322 998 507 1054; x_wconf 88' lang='lat' dir='ltr'>primum</span> <span class='ocrx_word' id='word_1_79' title='bbox 537 998 728 1055; x_wconf 76' lang='lat' dir='ltr'>partibus</span> <span class='ocrx_word' id='word_1_80' title='bbox 757 998 844 1041; x_wconf 87' lang='lat' dir='ltr'>illis</span> <span class='ocrx_word' id='word_1_81' title='bbox 875 999 1299 1056; x_wconf 78' lang='lat' dir='ltr'>appropiaverimus⁸,</span> <span class='ocrx_word' id='word_1_82' title='bbox 1339 997 1466 1042; x_wconf 89' lang='lat' dir='ltr'>abbas</span> <span class='ocrx_word' id='word_1_83' title='bbox 1495 993 1669 1045; x_wconf 67' lang='lat' dir='ltr'>vester²„</span> <span class='ocrx_word' id='word_1_84' title='bbox 1683 1004 1785 1043; x_wconf 77' lang='lat' dir='ltr'>&#39;cum</span> <span class='ocrx_word' id='word_1_85' title='bbox 1814 1009 1882 1041; x_wconf 80' lang='lat' dir='ltr'>sa-</span> 
     </span>
     <span class='ocr_line' id='line_1_12' title="bbox 322 1073 1884 1133; baseline 0.001 -15"><span class='ocrx_word' id='word_1_86' title='bbox 322 1075 599 1132; x_wconf 87' lang='lat' dir='ltr'>pientioribus</span> <span class='ocrx_word' id='word_1_87' title='bbox 631 1090 685 1119; x_wconf 92' lang='lat' dir='ltr'>ex</span> <span class='ocrx_word' id='word_1_88' title='bbox 714 1076 833 1120; x_wconf 86' lang='lat' dir='ltr'>vobis</span> <span class='ocrx_word' id='word_1_89' title='bbox 862 1076 984 1120; x_wconf 88' lang='lat' dir='ltr'>nobis</span> <span class='ocrx_word' id='word_1_90' title='bbox 1015 1080 1221 1133; x_wconf 87' lang='lat' dir='ltr'>occurrat,</span> <span class='ocrx_word' id='word_1_91' title='bbox 1251 1079 1300 1120; x_wconf 92' lang='lat' dir='ltr'>ut</span> <span class='ocrx_word' id='word_1_92' title='bbox 1319 1076 1371 1119; x_wconf 91' lang='lat' dir='ltr'>de</span> <span class='ocrx_word' id='word_1_93' title='bbox 1390 1075 1470 1131; x_wconf 90' lang='lat' dir='ltr'>his,</span> <span class='ocrx_word' id='word_1_94' title='bbox 1502 1088 1611 1132; x_wconf 80' lang='lat' dir='ltr'>quae</span> <span class='ocrx_word' id='word_1_95' title='bbox 1623 1075 1686 1120; x_wconf 64' lang='lat' dir='ltr'>«ad</span> <span class='ocrx_word' id='word_1_96' title='bbox 1701 1073 1884 1121; x_wconf 61' lang='lat' dir='ltr'>tuendae</span> 
     </span>
     <span class='ocr_line' id='line_1_13' title="bbox 322 1152 1883 1212; baseline 0.001 -16"><span class='ocrx_word' id='word_1_97' title='bbox 322 1167 390 1197; x_wconf 88' lang='lat' dir='ltr'>res</span> <span class='ocrx_word' id='word_1_98' title='bbox 420 1156 582 1197; x_wconf 86' lang='lat' dir='ltr'>vestras</span> <span class='ocrx_word' id='word_1_99' title='bbox 614 1154 853 1211; x_wconf 83' lang='lat' dir='ltr'>expediant,</span> <span class='ocrx_word' id='word_1_100' title='bbox 883 1154 1073 1212; x_wconf 88' lang='lat' dir='ltr'>plenarie</span> <span class='ocrx_word' id='word_1_101' title='bbox 1103 1154 1410 1198; x_wconf 82' lang='lat' dir='ltr'>conveniamus.</span> <span class='ocrx_word' id='word_1_102' title='bbox 1531 1152 1731 1198; x_wconf 80' lang='lat' dir='ltr'>Latorem</span> <span class='ocrx_word' id='word_1_103' title='bbox 1753 1160 1883 1210; x_wconf 61' lang='lat' dir='ltr'>m</span> 
     </span>
     <span class='ocr_line' id='line_1_14' title="bbox 324 1228 1884 1290; baseline 0.001 -16"><span class='ocrx_word' id='word_1_104' title='bbox 324 1231 520 1287; x_wconf 86' lang='lat' dir='ltr'>sentium,</span> <span class='ocrx_word' id='word_1_105' title='bbox 552 1232 589 1275; x_wconf 87' lang='lat' dir='ltr'>si</span> <span class='ocrx_word' id='word_1_106' title='bbox 620 1246 724 1290; x_wconf 91' lang='lat' dir='ltr'>opus</span> <span class='ocrx_word' id='word_1_107' title='bbox 753 1232 998 1288; x_wconf 87' lang='lat' dir='ltr'>habueritis,</span> <span class='ocrx_word' id='word_1_108' title='bbox 1029 1233 1183 1277; x_wconf 88' lang='lat' dir='ltr'>iterum</span> <span class='ocrx_word' id='word_1_109' title='bbox 1213 1232 1268 1276; x_wconf 89' lang='lat' dir='ltr'>ad</span> <span class='ocrx_word' id='word_1_110' title='bbox 1295 1245 1372 1275; x_wconf 91' lang='lat' dir='ltr'>nos</span> <span class='ocrx_word' id='word_1_111' title='bbox 1391 1230 1632 1287; x_wconf 83' lang='lat' dir='ltr'>remittatis,</span> <span class='ocrx_word' id='word_1_112' title='bbox 1664 1228 1884 1288; x_wconf 66' lang='lat' dir='ltr'>quia-fide-</span> 
     </span>
     <span class='ocr_line' id='line_1_15' title="bbox 322 1308 964 1366; baseline 0.002 -14"><span class='ocrx_word' id='word_1_113' title='bbox 322 1308 419 1353; x_wconf 88' lang='lat' dir='ltr'>liter</span> <span class='ocrx_word' id='word_1_114' title='bbox 449 1322 620 1353; x_wconf 88' lang='lat' dir='ltr'>causam</span> <span class='ocrx_word' id='word_1_115' title='bbox 649 1313 835 1354; x_wconf 89' lang='lat' dir='ltr'>vestram</span> <span class='ocrx_word' id='word_1_116' title='bbox 865 1310 964 1366; x_wconf 83' lang='lat' dir='ltr'>agit.</span> 
     </span>
    </p>
   </div>
   <div class='ocr_carea' id='block_1_3' title="bbox 963 1405 1246 1410">
    <p class='ocr_par' dir='ltr' id='par_1_4' title="bbox 963 1405 1246 1410">
     <span class='ocr_line' id='line_1_16' title="bbox 963 1405 1246 1410; baseline 0 0"><span class='ocrx_word' id='word_1_117' title='bbox 963 1405 1246 1410; x_wconf 95' lang='lat' dir='ltr'> </span> 
     </span>
    </p>
   </div>
   <div class='ocr_carea' id='block_1_4' title="bbox 1809 1404 1866 1415">
    <p class='ocr_par' dir='ltr' id='par_1_5' title="bbox 1809 1404 1866 1415">
     <span class='ocr_line' id='line_1_17' title="bbox 1809 1404 1866 1415; baseline 0 -5"><span class='ocrx_word' id='word_1_118' title='bbox 1809 1404 1866 1415; x_wconf 54' lang='grc' dir='ltr'>..Γπ</span> 
     </span>
    </p>
   </div>
   <div class='ocr_carea' id='block_1_5' title="bbox 327 1463 1881 1599">
    <p class='ocr_par' dir='ltr' id='par_1_6' title="bbox 327 1463 1881 1599">
     <span class='ocr_line' id='line_1_18' title="bbox 327 1463 1881 1523; baseline -0.001 -14"><span class='ocrx_word' id='word_1_119' title='bbox 327 1464 372 1510; x_wconf 87' lang='grc'>5.</span> <span class='ocrx_word' id='word_1_120' title='bbox 411 1466 588 1509; x_wconf 75' lang='lat' dir='ltr'>Rickiza</span> <span class='ocrx_word' id='word_1_121' title='bbox 611 1467 856 1523; x_wconf 67' lang='lat' dir='ltr'>imperatrix</span> <span class='ocrx_word' id='word_1_122' title='bbox 880 1466 1164 1509; x_wconf 73' lang='lat' dir='ltr'>casinensibus</span> <span class='ocrx_word' id='word_1_123' title='bbox 1193 1465 1510 1508; x_wconf 72' lang='lat' dir='ltr'>benevolentiam</span> <span class='ocrx_word' id='word_1_124' title='bbox 1538 1479 1658 1507; x_wconf 74' lang='lat' dir='ltr'>suam</span> <span class='ocrx_word' id='word_1_125' title='bbox 1686 1463 1881 1508; x_wconf 71' lang='lat' dir='ltr'>dedan-at.</span> 
     </span>
     <span class='ocr_line' id='line_1_19' title="bbox 415 1540 1419 1599; baseline -0.002 -13"><span class='ocrx_word' id='word_1_126' title='bbox 415 1542 698 1586; x_wconf 76' lang='lat' dir='ltr'>Seniorectwm</span> <span class='ocrx_word' id='word_1_127' title='bbox 729 1545 916 1587; x_wconf 83' lang='lat' dir='ltr'>abbatem</span> <span class='ocrx_word' id='word_1_128' title='bbox 946 1544 1005 1586; x_wconf 85' lang='lat' dir='ltr'>ad</span> <span class='ocrx_word' id='word_1_129' title='bbox 1031 1559 1074 1586; x_wconf 76' lang='lat' dir='ltr'>se</span> <span class='ocrx_word' id='word_1_130' title='bbox 1103 1544 1241 1586; x_wconf 79' lang='lat' dir='ltr'>venire</span> <span class='ocrx_word' id='word_1_131' title='bbox 1272 1540 1419 1599; x_wconf 60' lang='lat' dir='ltr'>eupitb.</span> 
     </span>
    </p>
   </div>
   <div class='ocr_carea' id='block_1_6' title="bbox 142 1628 1913 2312">
    <p class='ocr_par' dir='ltr' id='par_1_7' title="bbox 142 1628 1913 2235">
     <span class='ocr_line' id='line_1_20' title="bbox 173 1628 1883 1689; baseline -0.002 -12"><span class='ocrx_word' id='word_1_132' title='bbox 173 1643 264 1678; x_wconf 80' lang='lat'>1136</span> <span class='ocrx_word' id='word_1_133' title='bbox 443 1631 643 1689; x_wconf 87' lang='lat' dir='ltr'>Rychyza</span> <span class='ocrx_word' id='word_1_134' title='bbox 662 1631 742 1676; x_wconf 89' lang='lat' dir='ltr'>Dei</span> <span class='ocrx_word' id='word_1_135' title='bbox 772 1633 910 1687; x_wconf 82' lang='lat' dir='ltr'>gratia</span> <span class='ocrx_word' id='word_1_136' title='bbox 928 1631 1212 1675; x_wconf 88' lang='lat' dir='ltr'>Romanorum</span> <span class='ocrx_word' id='word_1_137' title='bbox 1241 1630 1490 1688; x_wconf 87' lang='lat' dir='ltr'>imperatrix</span> <span class='ocrx_word' id='word_1_138' title='bbox 1515 1629 1718 1674; x_wconf 83' lang='lat' dir='ltr'>fratribus</span> <span class='ocrx_word' id='word_1_139' title='bbox 1738 1628 1883 1683; x_wconf 62' lang='lat' dir='ltr'>Sancti</span> 
     </span>
     <span class='ocr_line' id='line_1_21' title="bbox 142 1691 1854 1765; baseline -0.002 -12"><span class='ocrx_word' id='word_1_140' title='bbox 142 1691 302 1730; x_wconf 41' lang='lat' dir='ltr'>semna·</span> <span class='ocrx_word' id='word_1_141' title='bbox 325 1708 542 1753; x_wconf 83' lang='lat' dir='ltr'>Benedicti</span> <span class='ocrx_word' id='word_1_142' title='bbox 572 1710 753 1765; x_wconf 85' lang='lat' dir='ltr'>gratiam</span> <span class='ocrx_word' id='word_1_143' title='bbox 783 1723 903 1753; x_wconf 89' lang='lat' dir='ltr'>suam</span> <span class='ocrx_word' id='word_1_144' title='bbox 934 1713 976 1753; x_wconf 89' lang='lat' dir='ltr'>et</span> <span class='ocrx_word' id='word_1_145' title='bbox 1004 1709 1158 1753; x_wconf 87' lang='lat' dir='ltr'>bonam</span> <span class='ocrx_word' id='word_1_146' title='bbox 1187 1708 1457 1752; x_wconf 88' lang='lat' dir='ltr'>voluntatem.</span> <span class='ocrx_word' id='word_1_147' title='bbox 1851 1728 1854 1735; x_wconf 92' lang='lat'><strong>·</strong></span> 
     </span>
     <span class='ocr_line' id='line_1_22' title="bbox 446 1784 1881 1844; baseline -0.001 -13"><span class='ocrx_word' id='word_1_148' title='bbox 446 1787 644 1844; x_wconf 88' lang='lat' dir='ltr'>Magnam</span> <span class='ocrx_word' id='word_1_149' title='bbox 689 1787 819 1831; x_wconf 90' lang='lat' dir='ltr'>fuisse</span> <span class='ocrx_word' id='word_1_150' title='bbox 866 1801 918 1830; x_wconf 87' lang='lat' dir='ltr'>ex</span> <span class='ocrx_word' id='word_1_151' title='bbox 965 1787 1135 1844; x_wconf 86' lang='lat' dir='ltr'>antiquo</span> <span class='ocrx_word' id='word_1_152' title='bbox 1182 1786 1382 1830; x_wconf 86' lang='lat' dir='ltr'>ecclesiae</span> <span class='ocrx_word' id='word_1_153' title='bbox 1416 1788 1585 1830; x_wconf 88' lang='lat' dir='ltr'>vestrae</span> <span class='ocrx_word' id='word_1_154' title='bbox 1623 1784 1881 1842; x_wconf 80' lang='lat' dir='ltr'>religionem,</span> 
     </span>
     <span class='ocr_line' id='line_1_23' title="bbox 327 1862 1882 1922; baseline -0.002 -13"><span class='ocrx_word' id='word_1_155' title='bbox 327 1866 575 1909; x_wconf 87' lang='lat' dir='ltr'>audivimus.</span> <span class='ocrx_word' id='word_1_156' title='bbox 638 1865 758 1909; x_wconf 90' lang='lat' dir='ltr'>Unde</span> <span class='ocrx_word' id='word_1_157' title='bbox 795 1865 1044 1909; x_wconf 89' lang='lat' dir='ltr'>memoriam</span> <span class='ocrx_word' id='word_1_158' title='bbox 1079 1865 1214 1908; x_wconf 90' lang='lat' dir='ltr'>nostri</span> <span class='ocrx_word' id='word_1_159' title='bbox 1252 1864 1364 1922; x_wconf 90' lang='lat' dir='ltr'>apud</span> <span class='ocrx_word' id='word_1_160' title='bbox 1393 1877 1468 1907; x_wconf 91' lang='lat' dir='ltr'>vos</span> <span class='ocrx_word' id='word_1_161' title='bbox 1498 1862 1644 1907; x_wconf 81' lang='lat' dir='ltr'>haberi</span> <span class='ocrx_word' id='word_1_162' title='bbox 1673 1871 1882 1919; x_wconf 75' lang='lat' dir='ltr'>rogamus,</span> 
     </span>
     <span class='ocr_line' id='line_1_24' title="bbox 326 1934 1884 2000; baseline -0.002 -13"><span class='ocrx_word' id='word_1_163' title='bbox 326 1944 522 2000; x_wconf 90' lang='lat' dir='ltr'>quatinus</span> <span class='ocrx_word' id='word_1_164' title='bbox 554 1947 693 1987; x_wconf 90' lang='lat' dir='ltr'>vestro</span> <span class='ocrx_word' id='word_1_165' title='bbox 733 1943 906 1988; x_wconf 89' lang='lat' dir='ltr'>obtentu</span> <span class='ocrx_word' id='word_1_166' title='bbox 936 1942 1051 1986; x_wconf 88' lang='lat' dir='ltr'>Deus</span> <span class='ocrx_word' id='word_1_167' title='bbox 1087 1956 1236 2000; x_wconf 91' lang='lat' dir='ltr'>pacem</span> <span class='ocrx_word' id='word_1_168' title='bbox 1275 1941 1472 1986; x_wconf 86' lang='lat' dir='ltr'>ecclesiae</span> <span class='ocrx_word' id='word_1_169' title='bbox 1510 1953 1611 1984; x_wconf 87' lang='lat' dir='ltr'>suae</span> <span class='ocrx_word' id='word_1_170' title='bbox 1645 1940 1693 1984; x_wconf 86' lang='lat' dir='ltr'>in</span> <span class='ocrx_word' id='word_1_171' title='bbox 1726 1934 1884 1985; x_wconf 69' lang='lat' dir='ltr'>nosti-is</span> 
     </span>
     <span class='ocr_line' id='line_1_25' title="bbox 325 2014 1913 2081; baseline -0.002 -17"><span class='ocrx_word' id='word_1_172' title='bbox 325 2022 526 2065; x_wconf 90' lang='lat' dir='ltr'>concedat</span> <span class='ocrx_word' id='word_1_173' title='bbox 555 2022 827 2079; x_wconf 88' lang='lat' dir='ltr'>temporibus.</span> <span class='ocrx_word' id='word_1_174' title='bbox 875 2020 962 2064; x_wconf 90' lang='lat' dir='ltr'>Nos</span> <span class='ocrx_word' id='word_1_175' title='bbox 995 2021 1136 2076; x_wconf 88' lang='lat' dir='ltr'>etiam,</span> <span class='ocrx_word' id='word_1_176' title='bbox 1168 2023 1370 2077; x_wconf 90' lang='lat' dir='ltr'>quantum</span> <span class='ocrx_word' id='word_1_177' title='bbox 1398 2014 1629 2076; x_wconf 86' lang='lat' dir='ltr'>poterimus</span> <span class='ocrx_word' id='word_1_178' title='bbox 1653 2017 1883 2062; x_wconf 68' lang='lat' dir='ltr'>auxiliante</span> <span class='ocrx_word' id='word_1_179' title='bbox 1911 2079 1913 2081; x_wconf 12' lang='grc' dir='ltr'><strong><em>ι</em></strong></span> 
     </span>
     <span class='ocr_line' id='line_1_26' title="bbox 324 2095 1883 2157; baseline -0.003 -14"><span class='ocrx_word' id='word_1_180' title='bbox 324 2099 428 2155; x_wconf 91' lang='lat' dir='ltr'>Deo,</span> <span class='ocrx_word' id='word_1_181' title='bbox 460 2113 537 2157; x_wconf 92' lang='lat' dir='ltr'>pro</span> <span class='ocrx_word' id='word_1_182' title='bbox 570 2099 782 2143; x_wconf 78' lang='lat' dir='ltr'>salvandis</span> <span class='ocrx_word' id='word_1_183' title='bbox 812 2099 937 2143; x_wconf 90' lang='lat' dir='ltr'>rebus</span> <span class='ocrx_word' id='word_1_184' title='bbox 969 2098 1168 2142; x_wconf 91' lang='lat' dir='ltr'>ecclesiae</span> <span class='ocrx_word' id='word_1_185' title='bbox 1197 2101 1363 2141; x_wconf 87' lang='lat' dir='ltr'>vestrae</span> <span class='ocrx_word' id='word_1_186' title='bbox 1393 2095 1687 2152; x_wconf 78' lang='lat' dir='ltr'>cogitabimus3</span> <span class='ocrx_word' id='word_1_187' title='bbox 1718 2098 1883 2140; x_wconf 84' lang='lat' dir='ltr'>tantum</span> 
     </span>
     <span class='ocr_line' id='line_1_27' title="bbox 324 2164 1880 2235; baseline -0.002 -15"><span class='ocrx_word' id='word_1_188' title='bbox 324 2177 502 2220; x_wconf 89' lang='lat' dir='ltr'>domnus</span> <span class='ocrx_word' id='word_1_189' title='bbox 541 2174 695 2222; x_wconf 76' lang='lat' dir='ltr'>abbas²</span> <span class='ocrx_word' id='word_1_190' title='bbox 734 2177 983 2235; x_wconf 86' lang='lat' dir='ltr'>tempestive</span> <span class='ocrx_word' id='word_1_191' title='bbox 1018 2176 1139 2220; x_wconf 92' lang='lat' dir='ltr'>nobis</span> <span class='ocrx_word' id='word_1_192' title='bbox 1184 2188 1279 2219; x_wconf 86' lang='lat' dir='ltr'>cum</span> <span class='ocrx_word' id='word_1_193' title='bbox 1317 2173 1639 2232; x_wconf 84' lang='lat' dir='ltr'>sapientioribus</span> <span class='ocrx_word' id='word_1_194' title='bbox 1675 2164 1880 2230; x_wconf 70' lang='lat' dir='ltr'>occurrat,</span> 
     </span>
    </p>

    <p class='ocr_par' dir='ltr' id='par_1_8' title="bbox 323 2239 1549 2312">
     <span class='ocr_line' id='line_1_28' title="bbox 323 2239 1549 2312; baseline -0.004 -13"><span class='ocrx_word' id='word_1_195' title='bbox 323 2257 372 2298; x_wconf 92' lang='lat' dir='ltr'>ut</span> <span class='ocrx_word' id='word_1_196' title='bbox 402 2255 456 2299; x_wconf 91' lang='lat' dir='ltr'>de</span> <span class='ocrx_word' id='word_1_197' title='bbox 485 2254 550 2299; x_wconf 88' lang='lat' dir='ltr'>his</span> <span class='ocrx_word' id='word_1_198' title='bbox 582 2258 624 2299; x_wconf 90' lang='lat' dir='ltr'>et</span> <span class='ocrx_word' id='word_1_199' title='bbox 654 2255 705 2299; x_wconf 87' lang='lat' dir='ltr'>dc</span> <span class='ocrx_word' id='word_1_200' title='bbox 736 2255 829 2298; x_wconf 90' lang='lat' dir='ltr'>aliis</span> <span class='ocrx_word' id='word_1_201' title='bbox 860 2254 1082 2299; x_wconf 90' lang='lat' dir='ltr'>convenire</span> <span class='ocrx_word' id='word_1_202' title='bbox 1111 2252 1299 2312; x_wconf 87' lang='lat' dir='ltr'>plenarie</span> <span class='ocrx_word' id='word_1_203' title='bbox 1327 2239 1549 2310; x_wconf 87' lang='lat' dir='ltr'>possimus.</span> 
     </span>
    </p>
   </div>
   <div class='ocr_carea' id='block_1_7' title="bbox 965 2349 1247 2354">
    <p class='ocr_par' dir='ltr' id='par_1_9' title="bbox 965 2349 1247 2354">
     <span class='ocr_line' id='line_1_29' title="bbox 965 2349 1247 2354; baseline 0 0"><span class='ocrx_word' id='word_1_204' title='bbox 965 2349 1247 2354; x_wconf 95' lang='lat' dir='ltr'> </span> 
     </span>
    </p>
   </div>
   <div class='ocr_carea' id='block_1_8' title="bbox 328 2400 1881 2548">
    <p class='ocr_par' dir='ltr' id='par_1_10' title="bbox 328 2400 1881 2548">
     <span class='ocr_line' id='line_1_30' title="bbox 328 2400 1881 2470; baseline -0.003 -15"><span class='ocrx_word' id='word_1_205' title='bbox 328 2408 373 2456; x_wconf 88' lang='lat'>6.</span> <span class='ocrx_word' id='word_1_206' title='bbox 413 2412 639 2455; x_wconf 76' lang='lat' dir='ltr'>Lotharius</span> <span class='ocrx_word' id='word_1_207' title='bbox 667 2412 894 2470; x_wconf 78' lang='lat' dir='ltr'>imperator</span> <span class='ocrx_word' id='word_1_208' title='bbox 922 2411 1158 2454; x_wconf 68' lang='lat' dir='ltr'>casinenses</span> <span class='ocrx_word' id='word_1_209' title='bbox 1188 2410 1399 2466; x_wconf 64' lang='lat' dir='ltr'>admonet,</span> <span class='ocrx_word' id='word_1_210' title='bbox 1420 2413 1468 2450; x_wconf 75' lang='lat' dir='ltr'>ut</span> <span class='ocrx_word' id='word_1_211' title='bbox 1494 2421 1571 2451; x_wconf 72' lang='lat' dir='ltr'>sua</span> <span class='ocrx_word' id='word_1_212' title='bbox 1598 2400 1800 2451; x_wconf 57' lang='lat' dir='ltr'>mandata</span> <span class='ocrx_word' id='word_1_213' title='bbox 1828 2407 1881 2451; x_wconf 81' lang='lat' dir='ltr'>ab</span> 
     </span>
     <span class='ocr_line' id='line_1_31' title="bbox 415 2488 1400 2548; baseline -0.005 -15"><span class='ocrx_word' id='word_1_214' title='bbox 415 2488 621 2548; x_wconf 68' lang='lat' dir='ltr'>Adenoffo</span> <span class='ocrx_word' id='word_1_215' title='bbox 654 2497 693 2532; x_wconf 80' lang='lat' dir='ltr'>et</span> <span class='ocrx_word' id='word_1_216' title='bbox 719 2488 903 2547; x_wconf 63' lang='lat' dir='ltr'>Vertuffo</span> <span class='ocrx_word' id='word_1_217' title='bbox 935 2489 1063 2532; x_wconf 80' lang='lat' dir='ltr'>allata</span> <span class='ocrx_word' id='word_1_218' title='bbox 1095 2491 1400 2546; x_wconf 44' lang='lat' dir='ltr'>esc-sequantur&amp;</span> 
     </span>
    </p>
   </div>
   <div class='ocr_carea' id='block_1_9' title="bbox 210 2570 1883 2778">
    <p class='ocr_par' dir='ltr' id='par_1_11' title="bbox 210 2570 1883 2778">
     <span class='ocr_line' id='line_1_32' title="bbox 210 2570 1881 2634; baseline -0.004 -12"><span class='ocrx_word' id='word_1_219' title='bbox 210 2586 299 2621; x_wconf 81' lang='lat'><strong>1137</strong></span> <span class='ocrx_word' id='word_1_220' title='bbox 444 2577 702 2633; x_wconf 86' lang='lat' dir='ltr'>Loth(arius)</span> <span class='ocrx_word' id='word_1_221' title='bbox 726 2577 807 2621; x_wconf 88' lang='lat' dir='ltr'>Dei</span> <span class='ocrx_word' id='word_1_222' title='bbox 838 2577 974 2634; x_wconf 83' lang='lat' dir='ltr'>gratia</span> <span class='ocrx_word' id='word_1_223' title='bbox 992 2575 1274 2620; x_wconf 88' lang='lat' dir='ltr'>Romanorum</span> <span class='ocrx_word' id='word_1_224' title='bbox 1303 2574 1531 2632; x_wconf 86' lang='lat' dir='ltr'>imperator</span> <span class='ocrx_word' id='word_1_225' title='bbox 1561 2575 1762 2628; x_wconf 84' lang='lat' dir='ltr'>augustus</span> <span class='ocrx_word' id='word_1_226' title='bbox 1779 2570 1881 2616; x_wconf 85' lang='lat' dir='ltr'>fide-</span> 
     </span>
     <span class='ocr_line' id='line_1_33' title="bbox 215 2635 1883 2712; baseline -0.005 -11"><span class='ocrx_word' id='word_1_227' title='bbox 215 2635 301 2665; x_wconf 45' lang='grc' dir='ltr'>ΡΜ</span> <span class='ocrx_word' id='word_1_228' title='bbox 324 2656 434 2700; x_wconf 89' lang='lat' dir='ltr'>libus</span> <span class='ocrx_word' id='word_1_229' title='bbox 466 2656 565 2712; x_wconf 87' lang='lat' dir='ltr'>suis,</span> <span class='ocrx_word' id='word_1_230' title='bbox 597 2655 805 2711; x_wconf 89' lang='lat' dir='ltr'>religiosis</span> <span class='ocrx_word' id='word_1_231' title='bbox 835 2654 1035 2699; x_wconf 89' lang='lat' dir='ltr'>fratribus</span> <span class='ocrx_word' id='word_1_232' title='bbox 1066 2653 1117 2698; x_wconf 89' lang='lat' dir='ltr'>de</span> <span class='ocrx_word' id='word_1_233' title='bbox 1137 2652 1279 2697; x_wconf 90' lang='lat' dir='ltr'>Monte</span> <span class='ocrx_word' id='word_1_234' title='bbox 1299 2650 1450 2696; x_wconf 88' lang='lat' dir='ltr'>Casino</span> <span class='ocrx_word' id='word_1_235' title='bbox 1480 2650 1659 2706; x_wconf 87' lang='lat' dir='ltr'>gratiam</span> <span class='ocrx_word' id='word_1_236' title='bbox 1690 2643 1826 2694; x_wconf 51' lang='lat' dir='ltr'>suam*</span> <span class='ocrx_word' id='word_1_237' title='bbox 1839 2645 1883 2693; x_wconf 52' lang='lat' dir='ltr'>ei</span> 
     </span>
     <span class='ocr_line' id='line_1_34' title="bbox 325 2732 776 2778; baseline -0.002 -1"><span class='ocrx_word' id='word_1_238' title='bbox 325 2734 478 2778; x_wconf 89' lang='lat' dir='ltr'>bonam</span> <span class='ocrx_word' id='word_1_239' title='bbox 507 2732 776 2778; x_wconf 90' lang='lat' dir='ltr'>voluntatem.</span> 
     </span>
    </p>
   </div>
   <div class='ocr_carea' id='block_1_10' title="bbox 326 2827 1882 2929">
    <p class='ocr_par' dir='ltr' id='par_1_12' title="bbox 326 2827 1882 2929">
     <span class='ocr_line' id='line_1_35' title="bbox 423 2827 1882 2874; baseline -0.004 -9"><span class='ocrx_word' id='word_1_240' title='bbox 423 2844 450 2865; x_wconf 73' lang='lat' dir='ltr'>a.</span> <span class='ocrx_word' id='word_1_241' title='bbox 477 2834 770 2873; x_wconf 66' lang='lat' dir='ltr'>approprinvorimus</span> <span class='ocrx_word' id='word_1_242' title='bbox 797 2834 843 2863; x_wconf 79' lang='lat' dir='ltr'>ed.</span> <span class='ocrx_word' id='word_1_243' title='bbox 929 2833 959 2863; x_wconf 90' lang='lat' dir='ltr'>b.</span> <span class='ocrx_word' id='word_1_244' title='bbox 987 2833 1095 2863; x_wconf 69' lang='lat' dir='ltr'>Edidit</span> <span class='ocrx_word' id='word_1_245' title='bbox 1121 2832 1255 2874; x_wconf 61' lang='lat' dir='ltr'>dagam</span> <span class='ocrx_word' id='word_1_246' title='bbox 1283 2830 1321 2861; x_wconf 71' lang='lat' dir='ltr'>a«</span> <span class='ocrx_word' id='word_1_247' title='bbox 1346 2829 1430 2860; x_wconf 79' lang='lat' dir='ltr'>Nuce</span> <span class='ocrx_word' id='word_1_248' title='bbox 1456 2829 1478 2859; x_wconf 91' lang='lat'>1.</span> <span class='ocrx_word' id='word_1_249' title='bbox 1495 2829 1515 2858; x_wconf 87' lang='lat'>1.</span> <span class='ocrx_word' id='word_1_250' title='bbox 1537 2828 1630 2867; x_wconf 48' lang='lat'>225.</span> <span class='ocrx_word' id='word_1_251' title='bbox 1720 2836 1747 2860; x_wconf 77' lang='grc' dir='ltr'>ο.</span> <span class='ocrx_word' id='word_1_252' title='bbox 1761 2827 1882 2860; x_wconf 68' lang='grc' dir='ltr'>,Εᾰιᾰίι</span> 
     </span>
     <span class='ocr_line' id='line_1_36' title="bbox 326 2887 812 2929; baseline -0.002 -11"><span class='ocrx_word' id='word_1_253' title='bbox 326 2889 461 2929; x_wconf 74' lang='lat' dir='ltr'>Angelus</span> <span class='ocrx_word' id='word_1_254' title='bbox 483 2888 521 2918; x_wconf 72' lang='lat' dir='ltr'>dc</span> <span class='ocrx_word' id='word_1_255' title='bbox 541 2889 625 2918; x_wconf 76' lang='lat' dir='ltr'>Nuce</span> <span class='ocrx_word' id='word_1_256' title='bbox 647 2889 667 2917; x_wconf 83' lang='lat' dir='ltr'>l.</span> <span class='ocrx_word' id='word_1_257' title='bbox 679 2889 700 2917; x_wconf 87' lang='lat'>1.</span> <span class='ocrx_word' id='word_1_258' title='bbox 719 2898 750 2927; x_wconf 82' lang='lat' dir='ltr'>p.</span> <span class='ocrx_word' id='word_1_259' title='bbox 762 2887 812 2917; x_wconf 80' lang='lat'>24.</span> 
     </span>
    </p>
   </div>
   <div class='ocr_carea' id='block_1_11' title="bbox 421 2946 1361 2995">
    <p class='ocr_par' dir='ltr' id='par_1_13' title="bbox 421 2946 1361 2995">
     <span class='ocr_line' id='line_1_37' title="bbox 421 2946 1361 2995; baseline -0.005 -9"><span class='ocrx_word' id='word_1_260' title='bbox 421 2952 454 2986; x_wconf 93' lang='lat'>1.</span> <span class='ocrx_word' id='word_1_261' title='bbox 479 2950 733 2987; x_wconf 80' lang='lat' dir='ltr'>Innocentium</span> <span class='ocrx_word' id='word_1_262' title='bbox 758 2949 794 2985; x_wconf 93' lang='lat'>11</span> <span class='ocrx_word' id='word_1_263' title='bbox 818 2959 962 2995; x_wconf 82' lang='lat' dir='ltr'>papam.</span> <span class='ocrx_word' id='word_1_264' title='bbox 1056 2948 1092 2984; x_wconf 77' lang='lat'>2.</span> <span class='ocrx_word' id='word_1_265' title='bbox 1116 2946 1361 2984; x_wconf 85' lang='lat' dir='ltr'>Senioreotus.</span> 
     </span>
    </p>
   </div>
  </div>
 </body>
</html>
