1930 3224
630 202 914 235 TRANSLATIO
945 201 980 232 s.
1001 199 1094 231 vrrl
1587 182 1639 224 11

83 300 217 346 tribus
255 311 350 343 cum
388 300 470 355 eis,
511 303 554 343 et
588 299 836 342 invenerunt
873 297 1011 340 locum
1049 294 1146 338 huic
1175 291 1342 348 negotio
1381 289 1645 347 aptissimum
1670 290 1738 326 821

84 381 162 434 et·,
183 377 282 435 quia
301 381 393 421 erat
413 377 595 435 optimus
605 376 634 432 b,
656 376 904 419 habitationi
920 373 1216 418 monachorum
1233 376 1496 424 congruum&
1530 368 1647 411 Tunc

83 456 270 501 inierunt
299 455 520 500 consilium
549 468 643 499 cum
665 454 871 512 episcopis
893 457 934 497 et
955 451 1175 496 comitibus
1198 452 1239 493 et
1258 461 1353 492 cum
1373 445 1645 490 nobilissimis

82 533 186 578 viris
217 532 404 578 eiusdem
435 533 592 589 gentis,
631 536 679 576 ut
708 532 914 576 instanter
946 530 1138 575 eumdem
1168 528 1306 574 locum
1337 524 1576 571 excolerent
1606 526 1648 568 et

84 612 385 656 monasterium
416 611 572 655 ibidem
604 610 866 654 collocarent.

201 689 418 733 Venerunt
448 702 546 744 ergo
580 702 687 732 anno
719 688 1063 743 octingentesimo
1094 687 1293 731 vicesimo
1315 686 1494 730 secundo
1516 683 1648 728 domi·
1673 689 1742 725 822

84 768 204 812 nicae
231 767 546 822 incarnationis,
579 767 655 810 sub
688 767 755 810 die
777 769 922 809 octavo
943 765 1040 808 Idus
1062 766 1257 821 Augusti,
1289 766 1489 820 regnante
1509 761 1651 823 Ludos
1672 740 1747 777 Aug'
1764 738 1783 768 6

84 846 189 890 wico
221 845 487 890 serenissimo
512 848 687 900 augusto
708 843 928 888 undecimo
942 840 952 860 ¹
973 857 1094 899 anno,
1127 844 1179 886 ad
1199 844 1337 886 locum
1358 845 1648 897 memoratum,

87 923 471 981 circumspectoque
502 937 555 967 ex
586 923 700 966 omni
730 926 850 979 parte
882 925 923 965 et
951 922 1136 977 undique
1157 922 1416 975 circuientes,
1448 919 1650 977 prostrati

85 1003 131 1046 in
161 1002 406 1057 orationem,
440 1001 767 1045 decantaverunt
795 1000 980 1058 psalmos
1004 1000 1056 1043 ad
1075 999 1154 1042 hoc
1176 998 1357 1042 officium
1377 999 1647 1056 pertinentes.

85 1080 143 1125 Et
177 1082 404 1138 postquam
443 1079 758 1136 compleverunt
796 1078 997 1121 letaniam
1028 1080 1070 1121 et
1100 1078 1350 1132 orationem,
1389 1077 1651 1119 iactaverunt

85 1157 241 1202 lineam
272 1161 314 1202 et
343 1157 571 1201 infixerunt
600 1156 781 1214 paxillos
814 1160 856 1200 et
886 1159 1112 1213 coeperunt
1131 1169 1388 1210 mensurare,
1420 1154 1537 1211 prius
1560 1154 1650 1209 qui-

86 1236 183 1280 dem
214 1235 433 1293 templum,
463 1235 562 1279 inde
582 1235 861 1278 habitationes
881 1234 1072 1277 fratrum.
1122 1233 1241 1285 Quod
1261 1246 1355 1276 cum
1375 1233 1649 1290 peregissent,

68 1313 402 1369 constituentes,
436 1314 507 1369 qui
539 1313 742 1370 quaedam
767 1312 1006 1356 habitacula
1025 1312 1255 1367 initiarent,
1288 1311 1341 1354 ad
1360 1310 1534 1368 propria
1555 1313 1653 1353 sunt

87 1392 258 1436 reversi.
382 1391 464 1436 Sed
506 1392 690 1449 primum
726 1391 941 1448 petierunt
977 1391 1219 1448 episcopum
1228 1387 1257 1445 ²,
1302 1393 1350 1432 ut
1386 1389 1549 1432 veniret
1586 1388 1653 1432 et‘¹

88 1469 367 1514 sanctificaret
410 1470 547 1514 locum
585 1469 870 1525 vexillumque
916 1472 1085 1512 sanctae
1123 1467 1258 1512 crucis
1295 1468 1341 1510 in
1377 1467 1468 1510 loco
1507 1466 1652 1510 altaris

86 1551 264 1606 poneret
291 1562 539 1604 nomenque,
570 1551 618 1591 ut
648 1547 825 1591 Corbeia
854 1551 1086 1602 vocaretur,
1120 1549 1295 1604 aptaret.
1344 1545 1463 1597 Quod
1492 1545 1650 1588 factum

89 1640 181 1670 esse
212 1629 357 1670 octavo
387 1626 596 1670 Kalendas
629 1625 886 1683 Septembris
919 1628 1093 1669 constat.
1142 1625 1198 1668 Et
1230 1624 1376 1668 eadem
1406 1623 1474 1667 die
1505 1636 1652 1680 coepe·
1675 1637 1752 1676 Aug.
1767 1638 1806 1667 25

88 1707 189 1748 runt
219 1705 290 1761 qui
321 1705 497 1748 aderant
527 1703 716 1748 aedificia
746 1705 918 1759 erigere.
1008 1703 1145 1747 Erant
1174 1706 1316 1746 tamen
1337 1702 1461 1759 pauci
1478 1714 1652 1744 numero

89 1796 221 1839 usque
261 1783 314 1826 ad
351 1783 463 1826 diem
493 1786 657 1826 sextam
686 1782 895 1825 Kalendas
928 1781 1131 1825 Octobris.
1226 1781 1413 1838 Septimo
1444 1779 1654 1823 Kalendas

89 1874 271 1917 namque
302 1861 488 1904 eiusdem
518 1860 674 1904 mensis
706 1863 979 1903 surrexerunt
1010 1873 1035 1902 a
1063 1859 1175 1915 loco,
1216 1873 1296 1915 quo
1327 1871 1459 1915 usque
1491 1871 1655 1914 quaque

89 1938 396 1994 habitaverant,
429 1951 525 1982 cum
555 1938 669 1981 omni
699 1938 988 1995 suppellectile
1010 1952 1098 1993 sua,
1131 1951 1251 1981 senes
1273 1940 1314 1980 et
1334 1936 1474 1994 pueri3
1508 1939 1550 1979 et
1571 1935 1656 1979 alia
1679 1947 1762 1987 Sept.
1778 1948 1817 1978 26

91 2017 159 2060 die
195 2020 402 2060 venerunt
440 2017 493 2059 ad
530 2015 668 2059 locum
705 2016 961 2059 destinatum
999 2019 1040 2059 et
1079 2015 1393 2060 celebraverunt
1429 2015 1655 2058 missarum

92 2094 330 2150 sollemnia,
371 2108 466 2138 cum
506 2094 621 2137 omni
651 2094 883 2149 gratiarum
914 2094 1076 2138 actione
1103 2093 1322 2137 laudantes
1354 2093 1582 2137 Dominum
1614 2095 1655 2135 et

92 2173 384 2217 benedicentes
414 2172 609 2216 Domino.

213 2250 413 2307 Sequenti
444 2253 585 2294 autem
617 2262 724 2292 anno
755 2250 872 2293 venit
900 2249 1055 2293 iterum
1086 2249 1337 2293 venerabilis
1370 2248 1477 2292 abba
1501 2251 1542 2291 et
1561 2247 1655 2305 plu-
1681 2257 1751 2292 823

92 2343 159 2373 res
196 2343 248 2373 ex
277 2329 478 2372 fratribus
510 2341 604 2371 cum
637 2341 703 2381 e03
745 2330 787 2370 01
817 2340 1048 2371 convocans
1080 2341 1245 2370 omnem
1276 2326 1654 2382 congregationem,

92 2407 296 2451 instruxit
326 2420 395 2450 eos
426 2407 477 2450 de
509 2405 714 2459 omnibus,
748 2418 854 2460 quae
886 2405 939 2448 ad
960 2405 1119 2448 cultum
1138 2405 1327 2448 divinum
1349 2408 1391 2447 et
1409 2403 1655 2458 religionem

94 2488 282 2529 sanctam
311 2484 591 2542 pertinebant,
625 2482 830 2539 quomodo
863 2486 904 2526 et
934 2483 1127 2539 qualiter,
1159 2484 1231 2539 qui
1260 2483 1366 2526 scire
1386 2482 1578 2536 voluerit,
1610 2481 1654 2523 in

92 2562 253 2619 libello,
294 2563 364 2619 qui
401 2562 451 2606 de
483 2562 570 2606 vita
605 2561 693 2605 eius
725 2561 926 2603 (1101111113θ
959 2557 1056 2616 0313,
1088 2561 1252 2618 plenius
1283 2560 1472 2604 invenire
1502 2562 1652 2616 potest.

95 2640 200 2685 Cum
246 2644 387 2684 autem
433 2640 769 2697 appropinquare
808 2642 997 2682 cerneret
1034 2639 1145 2682 diem
1183 2638 1331 2681 mortis
1371 2651 1492 2692 suae,
1539 2636 1656 2680 misit

1678 1768 1761 1807 Sept.
1778 1769 1817 1798 26

1679 1811 1761 1849 Sept.
1777 1810 1816 1840 25

188 2786 215 2808 a.
242 2777 314 2807 huic
343 2792 376 2797 —-
408 2778 438 2807 et
465 2788 522 2807 om.
545 2777 572 2807 1.
595 2777 624 2807 3.
721 2776 751 2806 b.
779 2778 810 2806 et
839 2776 915 2807 add.
939 2776 966 2805 1.
989 2776 1017 2806 3.
1108 2783 1134 2805 0.
1163 2783 1311 2813 congruus
1342 2776 1371 2805 1.
1393 2775 1422 2804 3.
1513 2773 1542 2804 d.
1571 2775 1605 2804 ut
1625 2775 1654 2804 2.

96 2840 122 2863 e.
143 2831 243 2862 editus
266 2832 296 2867 2,
317 2830 416 2861 dictus
438 2832 467 2860 3.

189 2901 222 2936 1.
242 2900 354 2936 immo
370 2910 480 2936 nono.
551 2900 585 2935 2.
607 2899 840 2936 Baduradum
857 2909 912 2945 ep.
931 2898 1281 2935 Paderbornensem.
1354 2898 1389 2934 3.
1406 2897 1453 2935 V.
1469 2896 1656 2934 Paschasii

95 2959 270 2996 Radberti
295 2959 370 2996 vit.
396 2959 597 2996 Adalhardi
621 2969 654 2995 0.
671 2959 727 2995 68.
