1924 3288
546 203 744 236 wmALm
772 203 1021 235 nms'romn
1049 201 1098 234 89.
1121 201 1171 233 90.
1556 188 1640 233 163

79 301 245 345 vestiae
273 297 517 343 discretioni
546 299 871 356 transscriptum
893 299 1137 354 direximus,
1169 296 1503 341 animadvertere
1522 300 1640 354 pote-

78 377 186 422 ritis.
277 375 530 421 Dulcissime
560 380 694 434 pater,
725 377 937 421 neminem
969 376 1082 433 apud
1111 379 1295 420 vestram
1325 388 1548 419 censuram
1573 388 1640 418 ac-

79 468 226 500 cusare
253 454 445 500 volumus
476 468 553 499 nec
582 458 768 499 vestram
797 455 1162 498 mansuetudinem
1190 454 1243 498 ad
1262 453 1523 498 iracundiam
1542 466 1640 510 pro-

78 546 248 589 vocare,
284 536 350 577 set
386 537 475 577 tam
504 533 708 577 veraciter
749 547 874 589 quam
904 533 1088 576 breviter
1117 536 1282 576 vestrae
1312 532 1462 590 pietati
1491 544 1640 587 sugge-

77 611 232 667 rimus,
273 611 384 668 quod
419 611 484 667 hi,
524 625 549 655 a
587 611 736 667 quibus
775 624 880 667 puer
915 625 992 654 rex
1030 611 1121 666 regi
1161 611 1324 667 debuit,
1363 610 1461 654 huic
1491 623 1641 653 causae

80 689 352 745 obstiterunt,
393 702 656 746 summopere
685 688 945 745 laborantes,
977 692 1025 732 ut
1055 689 1214 746 aliquid
1243 688 1289 732 in
1319 687 1519 732 Fuldensi
1550 701 1642 731 aec-

80 767 207 812 clesia
242 766 380 823 fieret,
421 767 532 824 quod
560 770 746 811 vestram
782 767 1075 811 auctoritatem
1106 767 1369 823 aliquatenus
1401 765 1640 810 offenderet.

79 845 166 890 Nos
196 849 337 890 autem
365 845 489 901 longe
518 845 647 903 positi
669 859 849 901 eramus,
883 849 925 889 et
946 845 1194 902 quandoque
1214 848 1431 902 presentes
1451 845 1642 903 pluribus

81 926 124 968 et
141 923 372 968 maioribus
391 923 547 967 nostris
567 924 695 967 reniti
714 938 799 967 non
819 923 1074 968 valebamus.
1166 923 1450 967 Peticionibus
1470 923 1642 978 nostris,

81 1015 160 1058 que
197 1002 341 1046 subter
377 1015 565 1046 annexae
605 1005 724 1058 sunt,
765 1015 910 1045 aurem
939 1005 1136 1046 vestram*
1156 1001 1382 1045 clementer
1413 1014 1644 1044 accommo-

81 1080 190 1136 date,
220 1083 282 1136 ut,
314 1079 390 1124 sub
414 1080 565 1124 umbra
586 1079 748 1123 alarum
778 1084 1016 1124 vestrarum
1037 1080 1224 1124 securius
1245 1079 1447 1135 viventeS,
1478 1082 1644 1123 vestrae

80 1158 360 1216 magnitudini
390 1158 580 1202 devotius
611 1161 653 1202 et
682 1158 853 1202 uberius
885 1159 1043 1202 servire
1074 1157 1301 1201 valeamus.
1413 1156 1495 1201 Pro
1525 1171 1644 1201 recu-

82 1240 229 1294 perata
265 1237 446 1280 sanitate
475 1240 618 1280 vestra
647 1236 737 1280 Deo
776 1236 935 1292 gratias
966 1236 1208 1292 referimus,
1249 1238 1438 1291 orantes,
1476 1238 1524 1278 ut
1553 1236 1644 1292 ipse

83 1315 137 1359 ad
165 1315 353 1371 regimen
384 1314 608 1359 aecclesiae
638 1315 867 1360 catholicae
888 1315 961 1358 diu
980 1318 1166 1359 vestram
1187 1314 1455 1358 sanctitatem
1477 1327 1645 1357 servare

82 1393 333 1437 incolumem
363 1393 571 1449 dignetur.

88 1547 168 1595 90.
204 1550 418 1594 conradus
436 1549 607 1604 IIIrex,
632 1549 963 1608 Hierosolymam
983 1556 1138 1604 nactus,
1167 1548 1363 1592 Heinrieo
1385 1550 1540 1592 iuniori
1558 1551 1648 1606 reyi

200 1629 386 1671 virtutem
415 1629 571 1670 suadet.
618 1629 749 1670 Addit
778 1628 829 1670 de
861 1628 947 1669 eius
968 1643 1060 1669 cum
1082 1627 1281 1670 avunculo
1302 1627 1645 1682 reconciliatione,

203 1707 252 1749 de
282 1706 613 1749 ministerialibus
642 1707 738 1759 suis,
773 1706 822 1748 de
853 1705 1034 1748 Henrico
1066 1706 1263 1748 notario⁸¹.

203 1795 446 1839 Cuonradus
467 1794 547 1838 Dei
577 1795 713 1850 gratia
742 1794 1026 1838 Romanorum
1055 1809 1132 1838 rex
1161 1794 1318 1838 iuniori
1337 1795 1428 1850 regi
1447 1795 1645 1840 Heinrico

5 1905 17 1910 -
84 1874 265 1930 gratiam
295 1886 414 1916 suam
445 1876 487 1916 et
516 1886 638 1916 omne
667 1873 835 1917 bonum.

204 1951 408 2003 Quoniam
438 1950 637 1994 hactenus
667 1954 868 2008 paternae
897 1951 1156 1995 reverentiae
1185 1954 1354 1995 nostrae
1383 1952 1576 2010 inspectu
1606 1956 1648 1996 et

85 2029 272 2073 fidelium
307 2032 548 2072 nostrorum
587 2029 839 2084 ammonitu,
878 2028 986 2072 sicut
1025 2029 1282 2086 audivimus,
1320 2033 1409 2074 tam
1438 2030 1650 2074 honestati

88 2122 214 2166 quam
243 2107 391 2151 virtuti
420 2106 600 2150 viriliter
630 2107 828 2150 studuisti
852 2109 894 2150 et
914 2107 959 2150 in
979 2106 1044 2150 his
1067 2107 1119 2150 ad
1139 2107 1341 2152 honorem
1361 2111 1402 2152 et
1421 2108 1649 2152 utilitatem

17 2205 23 2211 ·
88 2187 206 2242 regni
237 2189 280 2230 et
307 2188 495 2229 nostram
518 2199 595 2243 pro
616 2188 805 2242 tempore
827 2185 1080 2241 satisfecisti,
1111 2189 1290 2243 paterna
1309 2187 1471 2230 viscera
1490 2190 1648 2243 nostra,

90 2264 127 2308 si
158 2264 296 2321 aliquo
326 2263 468 2308 labore
500 2262 649 2307 affecta
677 2263 864 2319 fuerant,
903 2262 1035 2307 bonae
1073 2264 1225 2308 indolis
1263 2267 1360 2308 tuae
1397 2265 1511 2308 fama
1540 2265 1649 2309 refo-

89 2341 238 2386 cilasti.
285 2341 464 2385 Paterne
499 2342 628 2398 igitur
664 2344 706 2384 te
736 2354 952 2384 monemus
990 2345 1113 2398 atque
1143 2343 1349 2386 monendo
1379 2344 1648 2401 precipimus,

90 2420 127 2464 si
156 2423 204 2464 ut
231 2423 397 2478 patrem
427 2434 502 2463 nos
534 2419 695 2475 diligis,
727 2418 764 2462 si
794 2419 952 2463 vereris
982 2422 1030 2463 ut
1058 2420 1294 2477 dominum,
1326 2421 1437 2478 quod
1466 2422 1511 2464 in
1540 2421 1649 2465 bono

89 2498 304 2555 proposito
335 2501 407 2541 tuo
439 2497 627 2541 animum
657 2511 790 2555 ponas
819 2498 1224 2554 constantissimum3
1256 2499 1367 2543 unde
1397 2498 1530 2542 honor
1552 2502 1649 2542 tuus

90 2588 138 2619 ac
157 2579 300 2620 noster
318 2576 368 2619 de
386 2576 452 2619 die
467 2576 513 2619 in
528 2576 639 2619 diem
656 2575 909 2630 exaltabitur
932 2579 972 2619 et
993 2576 1225 2621 emulorum
1245 2580 1486 2621 nostrorum
1506 2577 1651 2632 iniqua

89 2653 226 2698 rabies
259 2654 556 2711 amputabitur.
618 2653 663 2698 Si
700 2657 839 2697 autem
868 2653 972 2698 haec
1000 2655 1199 2705 mandata
1227 2659 1374 2699 nostra
1401 2654 1650 2710 neglexeris,

91 2731 206 2775 omni
224 2731 380 2775 honore
405 2731 430 2775 a
444 2732 563 2776 nobis
584 2731 662 2776 tibi
685 2731 836 2775 collato
861 2734 902 2775 et
924 2731 1058 2776 adhuc
1079 2733 1158 2777 tibi
1181 2733 1428 2778 conferendo
1449 2732 1652 2776 inerciam

89 2812 207 2853 tuam
242 2809 503 2867 privabimus
540 2823 618 2853 nec
656 2810 806 2853 amodo
844 2808 978 2852 filium
1013 2814 1205 2855 nostrum
1244 2812 1442 2855 dilectum
1471 2813 1513 2854 te
1543 2810 1652 2854 iudi-

91 2887 290 2931 cabimus.
382 2886 446 2930 De
470 2888 743 2932 conventione
766 2887 960 2931 avunculi
979 2888 1042 2931 tui
1061 2892 1200 2933 tecum
1230 2893 1273 2934 et
1301 2888 1651 2933 reconciliationis

188 2979 214 3001 a.
243 2972 328 3001 Ilaec
349 2981 394 3010 ep.
415 2970 499 3001 edita
521 2977 565 3001 est
586 2973 616 3001 in
639 2974 724 3002 Mon.
739 2973 834 3002 Germ.
854 2973 918 3002 LL.
935 2974 976 3003 11.
997 2972 1046 3003 85.

1293 3029 1368 3066 ll*

1668 298 1760 346 1148

1679 349 1752 388 Apn

1679 1802 1772 1838 1148

1670 1853 1780 1891 c.Apn
