1924 3288
169 279 260 316 1149

288 169 374 213 298
730 180 928 211 wmALm
955 178 1202 211 msromn
1230 177 1300 210 17¹1.
1324 178 1394 209 1⁷8.

404 275 521 319 Sicut
559 278 723 319 vestrae
759 274 995 318 celsitudini
1031 274 1117 326 iam
1155 276 1278 318 antea
1313 273 1614 330 suggessimus,
1656 271 1833 330 clericis,

286 353 357 410 qui
393 353 635 398 aecclesiam
675 352 726 396 de
755 351 954 396 Linward
989 354 1232 407 tenuerunt,
1273 354 1316 395 et
1349 349 1604 408 prebendm
1637 354 1682 396 et
1707 350 1838 396 bene-

283 430 424 476 ficium
455 430 683 475 abiudicari
711 429 886 474 fecimus
915 432 1089 487 propter
1119 428 1203 472 tria
1231 428 1428 486 capitula,
1464 435 1640 485 quorum
1669 427 1837 485 singula

282 512 478 567 poterant
506 521 596 552 esse
624 507 918 565 peremptoria.
964 507 1120 563 Primo,
1152 507 1262 563 quod
1285 506 1441 550 donum
1465 505 1609 550 altaris
1623 508 1673 551 et
1689 516 1834 551 curam

284 587 518 630 animarum
556 585 582 629 a
616 585 734 629 vobis
771 585 982 642 suscipere
1017 584 1311 640 neglexerunt3
1348 583 1459 628 unde
1493 586 1536 628 et
1565 583 1711 629 eadem
1740 595 1835 629 aeo-

283 664 428 719 clesia,
468 677 573 720 quae
612 666 676 707 est
705 662 966 707 corbeiensis
1004 662 1228 706 aecclesiae
1262 661 1494 719 possessio,
1533 661 1579 705 in
1613 661 1681 705 ius
1714 661 1840 706 vobis.

282 741 607 799 proprietarium
639 740 876 784 adiudicata
905 743 989 796 est,
1026 743 1091 784 set
1118 753 1195 797 per
1225 739 1405 795 gratiam
1435 741 1478 783 et
1505 738 1838 784 misericordium·

282 823 465 863 vestram
499 819 620 863 nobis
651 822 693 863 et
721 819 974 862 monasterio
1003 821 1146 862 nostro
1177 817 1290 861 omni
1319 830 1415 861 cum
1443 816 1684 872 integritate
1710 816 1838 861 resti-

282 900 385 940 tuta.
434 896 636 953 Secundo,
669 897 779 953 quod
810 909 992 952 censum,
1025 909 1077 940 ex
1107 896 1277 952 antiquo
1307 895 1399 938 iure
1421 894 1621 950 debitum,
1650 894 1739 938 iam
1756 905 1835 952 per

282 975 497 1019 biennium
521 974 682 1018 solvere
701 974 987 1030 neglexerunt.
1035 974 1194 1029 Tercio,
1226 973 1348 1030 quod,
1370 973 1542 1017 decurso
1561 971 1647 1016 iam
1665 974 1837 1016 nostrae

281 1052 527 1110 prelationis
567 1052 678 1110 apud
709 1051 929 1096 Corbeiam
965 1052 1095 1094 trium
1123 1048 1234 1095 fere¹
1265 1063 1469 1094 annorum
1499 1049 1660 1108 spacio,
1698 1061 1835 1107 neque

283 1131 335 1174 ad
364 1144 440 1174 nos
470 1132 676 1174 venerunt
703 1143 781 1173 nec
809 1129 994 1174 debitam
1022 1128 1142 1172 nobis
1171 1128 1451 1172 reverentiam
1481 1130 1523 1171 et
1542 1127 1743 1172 honorem
1761 1140 1836 1172 exa

281 1209 488 1252 ibuerunt.
594 1207 708 1260 Quae
738 1220 834 1251 cum
861 1207 924 1251 ita
953 1206 1050 1262 sint,
1081 1206 1278 1250 misimus
1304 1205 1358 1249 ad
1386 1205 1514 1263 pedes
1543 1207 1709 1249 vestrae
1737 1217 1834 1250 sn-

282 1287 438 1330 ctitatis
460 1283 722 1330 Corbeiensis
753 1284 976 1329 aecclesiae
1007 1284 1283 1328 camerarium
1313 1283 1389 1327 sub
1419 1282 1495 1327 tali
1518 1282 1723 1327 discretae
1742 1294 1837 1326 mo·

282 1364 508 1408 deratiom's
540 1363 756 1418 mandato,
791 1365 859 1418 ut,
891 1362 1087 1419 quoniam
1116 1374 1340 1418 personam
1370 1360 1487 1405 vobis
1518 1359 1698 1416 exiberi,
1727 1372 1837 1417 quae

281 1455 426 1486 curam
456 1441 642 1485 eiusdem
671 1439 896 1484 aecclesiae
926 1439 1168 1496 susciperet,
1200 1438 1462 1495 precepistis,
1493 1438 1530 1482 si
1557 1438 1677 1482 favor
1694 1441 1834 1483 vester

281 1520 392 1563 circa
422 1518 604 1576 aliquam
633 1530 857 1575 personam
886 1516 1133 1572 inclinatur,
1173 1529 1266 1560 eam
1295 1515 1414 1560 vobis
1444 1529 1496 1560 ex
1525 1519 1670 1560 nostra
1697 1517 1833 1574 parte,

281 1597 396 1641 salvo
434 1596 525 1640 iure
558 1599 702 1639 nostro
733 1598 776 1638 et
804 1607 931 1638 censu
960 1593 1204 1650 aecclesiae,
1242 1596 1485 1651 presentare
1513 1593 1682 1648 debeat3
1725 1606 1834 1651 que

282 1675 450 1732 quidem
479 1686 672 1731 persona,
702 1672 802 1716 licet
822 1672 912 1715 sola
931 1685 1075 1715 curam
1096 1672 1287 1729 accipiat,
1317 1674 1460 1715 tamen
1478 1671 1524 1714 in
1545 1673 1696 1728 quarta
1704 1674 1835 1728 *parte

279 1752 517 1810 prebendae
555 1752 581 1795 a
616 1750 737 1794 nobis
775 1750 1047 1794 ordinabitur.
1099 1749 1218 1801 Quod
1254 1749 1291 1792 si
1329 1749 1456 1792 etiam
1490 1748 1542 1792 de
1571 1748 1706 1793 tribus
1734 1748 1833 1793 reli-

282 1831 374 1887 quis
413 1829 636 1887 prebendis
674 1831 839 1871 vestrae
877 1827 1118 1872 discretioni
1147 1827 1371 1885 placuerit,
1410 1829 1459 1870 ut
1487 1825 1627 1883 aliqua
1653 1839 1834 1884 persona

198 1966 200 1970 7
281 1908 399 1952 vobis
434 1910 556 1963 grata
582 1906 851 1961 investiatur,
892 1906 1019 1949 etiam
1048 1906 1093 1949 in
1122 1905 1201 1948 hoc
1229 1907 1394 1949 vestrae
1422 1903 1627 1948 voluntati
1654 1903 1834 1951 libenter

166 2709 255 2744 1149

282 1985 672 2043 obtemperabimus.
722 1983 767 2027 Si
796 1997 894 2027 vero
924 1983 1042 2026 nulla
1070 1983 1122 2027 de
1152 1982 1297 2026 amicis
1326 1981 1478 2026 vestris
1498 1980 1740 2026 ordinandis
1758 1995 1833 2026 vo-

282 2063 345 2108 bis
375 2063 568 2107 voluntas
599 2064 726 2117 extat,
758 2074 993 2118 personam,
1026 2074 1151 2118 quam
1182 2061 1221 2104 ei
1250 2074 1301 2103 ex
1320 2060 1490 2103 nomine
1509 2059 1831 2115 designavimus,

281 2141 399 2185 vobis
418 2140 691 2198 presentabit.
721 2138 790 2182 Ad
810 2138 1107 2182 cumulandum
1127 2151 1290 2195 quoque
1308 2136 1566 2193 beneficium,
1588 2136 1698 2194 quod
1710 2136 1832 2182 nobis

280 2218 511 2263 liberaliter
539 2217 825 2275 impendistis,
864 2220 906 2262 et
937 2217 989 2261 ad
1026 2215 1348 2274 promerendum
1387 2214 1636 2260 cumulatius
1665 2217 1832 2259 nostrae

282 2296 497 2341 servitutis
519 2298 800 2351 augmentum,
822 2295 933 2351 quod
951 2295 1059 2338 bono
1079 2293 1305 2337 inchoastis
1325 2292 1545 2350 principio,
1566 2290 1650 2336 fine
1673 2291 1831 2350 optimo

281 2374 528 2429 terminetis,
561 2376 602 2417 et
630 2386 707 2417 nos
738 2373 790 2416 de
821 2373 954 2416 amico
984 2372 1102 2416 vobis
1133 2371 1432 2415 amicissimum
1462 2368 1663 2414 efficiatis.

288 2527 399 2576 178.
427 2527 646 2572 Heinrious
691 2527 1019 2586 archiepiscopus
1058 2527 1323 2584 Moyuntinus
1357 2524 1544 2569 Wibaldo
1584 2526 1741 2579 scribit,
1787 2526 1832 2569 in

427 2605 581 2665 synodo
611 2604 879 2663 Erfordiemz‘
909 2621 1015 2663 quae
1045 2611 1137 2647 acta
1165 2605 1255 2647 sint.
1617 2600 1689 2654 (M.
1716 2602 1829 2655 121.)

399 2694 655 2749 H(einricus)
693 2692 772 2737 Dei
811 2694 947 2749 gratia
980 2692 1249 2749 Maguntinae
1287 2690 1397 2735 sedis
1434 2689 1603 2734 humilis
1640 2690 1831 2735 minister

281 2772 503 2827 Wfibaldo)
545 2770 714 2829 speciali
753 2771 885 2814 amico
923 2785 1019 2826 suo,
1058 2770 1320 2814 Gorbeiensis
1355 2767 1576 2812 aecclesiae
1604 2766 1832 2812 venerabili

377 2867 410 2902 1.
440 2866 564 2912 itaque
596 2867 682 2901 ante
713 2864 749 2900 d.
766 2864 813 2900 20
837 2864 916 2901 Oct.
938 2863 1029 2900 1149
1059 2863 1195 2909 scripta
1223 2861 1315 2899 haec
1344 2861 1500 2907 epistola
1529 2864 1598 2898 est.
1634 2858 1690 2898 ef.
1722 2869 1831 2906 supra

282 2936 340 2971 ep.
362 2926 425 2961 141
452 2936 486 2971 p.
505 2925 575 2961 223
599 2934 635 2959 n.
652 2926 684 2960 2.
