1924 3288
588 200 788 233 wmALm
816 199 1036 233 nr1s¹roLA
1066 199 1137 232 4⁰4.
1555 186 1640 232 541

79 294 228 341 matris
258 293 472 354 deposuit,
510 310 588 341 sua
615 296 723 341 falsa
753 296 944 341 doctrina
971 295 1187 340 luxuriose
1215 293 1394 340 vivendo
1425 293 1644 339 destruxe-
1668 297 1762 335 1152

78 376 192 432 runt,
221 377 399 433 possunt
427 375 612 434 primum
642 375 829 419 omnium
857 374 963 419 illud
993 373 1260 430 euangelioae
1290 372 1504 417 doctrinae
1524 386 1644 416 man-

79 452 274 498 datorum
310 452 475 498 audire:
513 455 642 498 Beati
672 469 881 512 pauperes
917 455 1072 512 spiritu
1083 449 1108 507 ¹,
1149 465 1245 496 oum
1273 451 1358 509 ipsi
1386 463 1465 496 neo
1495 449 1644 495 effectu

78 543 157 577 neo
199 530 351 576 affectu
387 532 474 576 sint
509 531 746 590 pauperes?
806 530 915 575 Hinc
951 531 1100 575 beatus
1137 530 1392 574 leronimus:
1439 528 1644 573 Clerieum

78 612 402 669 neqociatorem,
442 610 508 654 vel
544 625 594 654 ea:
629 611 756 668 inope
789 611 976 663 divitem,
1015 609 1082 653 vel
1111 624 1161 653 ex
1189 609 1370 667 iqnobili
1395 608 1640 666 qloriosum,

80 690 206 747 quasi
234 697 390 748 pestem
413 688 537 747 fuqe.
599 687 813 740 Quomodo
843 687 938 743 isti,
976 687 1160 743 negociis
1192 685 1449 731 secularibus
1480 686 1643 730 incum-

78 765 247 824 bentes,
277 766 463 825 primum
493 766 680 810 omnium
711 765 974 810 decretorum
1002 764 1286 810 Romanorum
1320 763 1586 823 pontificum,
1618 777 1644 808 a

77 843 201 890 beato
239 843 454 889 Clemente
490 844 535 888 in
575 843 752 902 epistola
789 857 864 888 sua
900 840 1062 901 prima²
1100 843 1318 887 inductum
1357 845 1421 887 set
1458 842 1484 886 ἐ,
1519 842 1643 887 beato

77 921 204 968 Petro
235 921 425 980 apostolo
453 921 766 980 promulgatum
776 929 803 978 ¹,
836 921 953 966 surdi
983 921 1194 966 auditores
1227 921 1485 979 adimplent?
1529 920 1644 965 Inter

77 1004 244 1046 caetera
279 1000 508 1058 siquidem,
545 1000 619 1045 ubi
647 999 797 1044 Petrus
828 999 1087 1044 Clementem
1125 999 1353 1056 ordinavit,
1385 1000 1425 1044 ei
1459 1000 1644 1044 iniunxit

77 1078 240 1124 dicens:
284 1078 344 1123 Te
382 1074 570 1137 quidem⁸
608 1087 767 1137 oportet
802 1079 1221 1137 irreprehensibiliter
1249 1081 1386 1123 vivere
1415 1088 1454 1123 et
1481 1094 1641 1123 summo

77 1159 215 1202 studio
244 1159 345 1212 niti,
385 1166 433 1202 ut
462 1173 599 1201 omnes
630 1158 753 1201 huius
783 1159 893 1201 vitae
924 1158 1213 1215 occupationes
1244 1157 1423 1212 abicias,
1460 1172 1512 1201 ne
1530 1158 1640 1214 fide—

75 1238 216 1280 iussor
245 1238 417 1290 existas,
449 1251 502 1279 ne
532 1237 757 1279 advocatus
790 1235 925 1279 litium
944 1236 1045 1291 fias,
1077 1250 1178 1279 neve
1206 1237 1253 1279 in
1285 1236 1432 1293 aliqua
1463 1251 1641 1294 occupa-

76 1316 189 1359 tione
230 1315 460 1359 mundialis
503 1315 669 1372 neqocii
707 1328 883 1371 prorsus
923 1315 1153 1357 inveniaris
1183 1314 1426 1371 perplexus.
1495 1314 1643 1371 Neque

77 1395 188 1437 enini
222 1394 403 1437 iudicem
435 1407 568 1450 neque
597 1394 849 1450 coqnitore‘m
877 1392 1128 1435 secularium
1157 1394 1424 1450 neqociorum
1453 1392 1576 1436 hodie
1605 1401 1643 1436 te

75 1472 200 1516 iussit
218 1473 414 1516 ordinari
427 1470 626 1525 Christus,
647 1485 713 1525 ne,
732 1470 974 1528 prefocatus
999 1471 1258 1528 presentibus
1279 1471 1492 1514 bominum
1512 1472 1638 1524 cums,

75 1564 162 1594 non
188 1552 326 1608 possis
355 1550 477 1594 verbo
509 1549 598 1593 Dei
623 1564 786 1592 vacare.
840 1549 971 1603 Haec,
999 1563 1113 1606 ‘quae
1141 1550 1280 1592 minus
1311 1549 1390 1593 tibi
1417 1564 1642 1607 conyraere

77 1629 275 1683 ducimus,
309 1629 526 1672 eoebibeant
553 1628 637 1671 sibi
664 1629 840 1671 invicem
871 1628 984 1681 laici,
1018 1635 1056 1671 et
1084 1635 1121 1670 te
1150 1641 1268 1670 nemo
1301 1636 1470 1686 occupet
1498 1628 1551 1671 ab
1574 1628 1639 1671 his

76 1707 227 1750 studiis
262 1737 444 1750 ......
448 1705 464 1730 ¹³
495 1707 794 1750 sollicitudines
823 1706 1027 1749 seculares
1058 1706 1285 1763 suscipere,
1324 1707 1387 1749 ita
1416 1707 1641 1764 unicuique

78 1783 281 1828 laicorum
313 1793 527 1842 peccatum
558 1791 676 1838 esse‘,
715 1786 803 1827 nisi
829 1786 1005 1828 invicem
1033 1784 1135 1838 sibi,
1175 1786 1299 1828 etiam
1327 1786 1375 1828 in
1404 1784 1490 1838 Itis,
1533 1799 1641 1842 quae

77 1863 137 1907 ad
173 1865 401 1906 communis
438 1878 560 1906 usum
590 1865 699 1906 vitae
720 1864 953 1920 pertinent,
995 1877 1123 1920 opera
1141 1862 1326 1918 fideliter
1355 1863 1566 1914 dederint,·
1603 1871 1641 1906 te

77 1955 174 1984 vero
213 1956 402 1984 securum
426 1941 577 1998 facere
615 1956 665 1984 ecc
701 1940 785 1994 his,
827 1940 976 1997 quibus
1013 1955 1100 1983 non
1130 1941 1249 1983 debes
1277 1942 1459 1995 instare,
1501 1955 1639 1984 omnes

79 2021 348 2063 communiter
378 2019 596 2062 elaborent.
647 2017 811 2072 Quodsi
826 2018 946 2074 forte
975 2034 1004 2060 a
1032 2026 1155 2062 semet
1183 2020 1288 2076 ipsis
1318 2019 1396 2062 hoc
1426 2019 1528 2062 laici
1553 2033 1639 2063 non

77 2096 333 2155 intelliqunt,
365 2112 448 2155 per
482 2098 676 2140 diacones
708 2097 906 2140 edocendi
932 2104 1050 2147 sunt,·
1089 2105 1127 2139 et
1155 2097 1233 2140 tibi
1259 2096 1390 2140 solius
1420 2097 1640 2141 aecclesiae

77 2175 377 2219 sollicitudines
420 2175 726 2232 relinquantur.
798 2174 853 2219 Si
888 2175 997 2218 enim
1032 2174 1317 2218 mundialibus
1355 2177 1467 2219 omis
1494 2175 1638 2233 fueras

79 2261 316 2312 occupatus,
350 2261 389 2297 et
416 2261 454 2297 te
482 2254 621 2311 ipsum
651 2254 808 2310 decipis
839 2260 878 2296 et
906 2267 973 2295 eos
1004 2254 1081 2309 qui
1108 2260 1146 2295 te
1176 2254 1366 2297 audiunt.
1407 2253 1510 2297 Non
1530 2255 1639 2297 enim

75 2334 253 2390 poteris,
292 2346 399 2389 quae
424 2332 483 2374 ad
501 2331 675 2375 salutem
697 2332 920 2389 pertinent,
946 2330 1117 2388 plenius
1137 2332 1414 2389 distinquere5
1444 2340 1482 2375 et
1511 2347 1562 2375 ex
1591 2346 1637 2375 eo

68 2410 136 2467 fit,
167 2419 216 2454 ut
244 2418 282 2454 et
311 2418 355 2454 tu
385 2410 609 2467 deponaris
640 2417 678 2452 et
707 2408 908 2466 discipuli
927 2423 1010 2466 per
1032 2410 1317 2466 iynorantiam
1328 2418 1518 2467 pereant.
1560 2410 1635 2454 Id-

79 2489 189 2532 circo
227 2496 273 2532 tu
309 2489 477 2545 quidem
514 2485 595 2530 ad*¹
633 2486 710 2531 boc
745 2486 881 2530 solum
915 2494 1061 2530 vacato
1069 2491 1097 2541 ⁰,
1137 2495 1184 2531 ut
1217 2489 1307 2531 sine
1334 2489 1638 2532 intermissione

79 2566 226 2610 doceas
254 2566 424 2610 verbum
452 2565 550 2609 Dei.

175 2681 202 2703 a.
228 2672 446 2712 promulgata-m
467 2685 494 2702 e.
588 2670 618 2702 b.
646 2671 818 2702 exciderunt
844 2670 934 2701 verba
962 2670 1054 2700 haec.-
1080 2679 1136 2710 per
1162 2679 1247 2710 quae
1265 2671 1346 2702 salus
1372 2671 1511 2702 omnibus
1537 2671 1635 2703 datur.

81 2724 167 2757 sicut
187 2726 267 2757 enim
286 2726 344 2757 tibi
363 2725 528 2766 impietatis
551 2724 664 2756 crimen
685 2726 742 2762 est,
763 2723 909 2763 neglectis
930 2723 1015 2754 verbi
1034 2722 1093 2755 Dei
1113 2724 1238 2762 studiis,
1264 2741 1297 2746 -
1382 2734 1409 2757 o.
1436 2727 1482 2757 n'c
1498 2737 1555 2766 pro
1577 2727 1633 2756 est.

80 2779 112 2811 d.
139 2779 221 2820 quod
242 2792 268 2811 c.
286 2791 343 2820 pro
364 2780 487 2820 quidem
507 2778 557 2810 ad.
639 2787 666 2809 e.
692 2779 799 2809 vocato
820 2791 846 2809 c.

175 2844 210 2880 1.
234 2842 363 2880 Matth.
381 2843 414 2890 5,
432 2845 465 2880 3.
561 2843 594 2879 2.
626 2841 999 2879 Pseudo-Isidoriana.
1094 2843 1129 2879 3.
1159 2842 1234 2890 „Te
1257 2842 1406 2889 quidem
1431 2862 1475 2869 -—
1500 2842 1634 2880 doceas

81 2901 234 2940 verbum
258 2903 354 2940 Dei“
385 2906 503 2940 tracta
533 2905 620 2939 sunt
650 2912 671 2939 e
694 2901 1070 2939 Pseudo-Isidoriana
1101 2901 1256 2948 epistola
1279 2901 1478 2940 Clementis
1502 2903 1631 2949 prima.

81 2961 127 3000 V.
152 2962 364 3000 Decretales
386 2962 778 3000 Pseudo-Isidorianae
801 2961 860 2999 ed.
877 2961 1075 2998 Hinschius
1096 2971 1132 3008 p.
1150 2962 1208 2999 32.
