1930 3242
518 194 922 228 OHRONOGRAPHUS
953 192 1246 226 OORBEIENSIS
1605 177 1664 222 45

99 293 314 351 potentem
332 289 750 347 Sualenburgensem.
797 290 908 334 Nam
926 303 1063 334 werra
1082 289 1194 333 inter
1220 289 1362 346 ipsum
1392 290 1435 332 et
1464 287 1665 331 domnum
1689 287 1783 325 1145

99 369 358 426 Heinricum‚
387 366 524 414 filiae¹
542 368 747 413 Friderici
776 368 974 426 premissi
993 367 1140 423 filium,
1169 366 1220 411 de
1240 366 1483 421 Arnesberg
1504 365 1663 409 oborta.

99 446 234 500 Quem
268 450 312 492 et
348 447 510 492 incolae
546 447 702 491 montis
732 446 948 503 Eresburg
984 446 1038 490 ad
1067 445 1322 490 contuendos
1360 457 1405 488 se
1435 457 1532 487 cum
1562 443 1666 487 urbe

101 525 395 581 adtraxerant3
435 529 477 570 et
505 525 598 583 ipse
627 525 757 568 fortes
787 525 923 580 viros,
956 524 1130 568 domnos
1160 523 1356 568 videlicet
1386 521 1666 566 Scardenber-

101 617 250 660 genses
280 607 325 648 et
344 603 686 659 Casebergenses‚
717 603 823 647 inibi
850 602 1054 646 collocare
1084 602 1327 646 decreverat
1357 601 1411 645 ad
1439 596 1666 643 humilian-

99 681 203 726 dum
230 682 373 740 ipsum
402 680 699 737 Wolcwinum,
741 681 814 738 qui
851 684 894 725 et
925 681 964 724 01
993 680 1244 725 videbantur
1273 679 1495 723 inimicari.
1557 677 1666 722 Con-

101 759 258 804 dictam
288 773 387 816 ergo
418 760 550 816 diem,
583 759 748 816 quando
780 762 823 803 et
853 759 1075 803 convenire
1104 759 1150 802 in
1180 761 1323 802 monte
1353 757 1579 812 debebant,
1619 759 1668 799 ut

99 838 387 895 unusquisque
424 851 545 882 suam
580 838 734 882 turrim
773 835 903 881 altam
948 840 991 881 et
1035 835 1201 880 firmam
1241 836 1347 880 inibi
1393 837 1666 890 construeret,

101 915 278 960 domnus
299 915 521 960 Heinricus
543 915 671 960 abbas
702 915 775 972 qui
806 918 849 959 et
878 915 1026 959 urbem
1055 913 1387 959 reedifficaverat
1417 917 1460 958 et
1489 913 1667 957 domnus

101 993 341 1039 Volcwinus
366 1018 422 1024 —
447 994 711 1039 animotenus
741 996 1034 1049 retractantes,
1065 994 1272 1037 iacturam
1303 992 1459 1036 dicioni
1488 1005 1589 1035 suae
1619 1003 1669 1034 ac

102 1072 491 1117 circumiacentibus
521 1071 606 1116 late
636 1071 757 1116 bonis
788 1072 874 1115 suis
904 1072 955 1116 de
983 1071 1049 1116 his
1079 1074 1324 1116 eventuram
1345 1094 1401 1100 —-
1434 1070 1546 1114 diem
1572 1083 1669 1127 pre-

102 1153 329 1206 venerunt,
360 1153 547 1195 montem
578 1149 877 1206 ascenderunt,
910 1150 1011 1207 quid
1039 1150 1151 1194 facto
1183 1163 1288 1207 opus
1318 1149 1427 1192 foret
1458 1162 1553 1193 cum
1583 1161 1670 1192 non

101 1229 388 1286 repperirent,
426 1231 518 1272 tota
553 1228 622 1272 die
658 1227 732 1272 illa
762 1228 1068 1285 consultantes,
1110 1231 1159 1272 ut
1189 1228 1280 1271 sine
1310 1227 1457 1286 populi
1487 1227 1669 1284 dampno

101 1306 376 1351 inhabitantis
395 1305 489 1351 fieri
508 1306 717 1351 ullatenus
737 1309 895 1364 posset,
915 1306 962 1349 in
985 1306 1216 1350 crastinum
1237 1305 1503 1349 distulerunt.
1544 1304 1670 1348 Cum-

104 1398 184 1442 que
214 1384 279 1429 sol
309 1385 600 1442 subsequentis
639 1385 723 1429 diei
763 1399 913 1429 aurore
949 1385 1112 1428 indicio·
1137 1398 1182 1428 se
1211 1384 1487 1442 prodidisset,
1526 1383 1670 1426 incon-

104 1462 214 1507 sulto
251 1466 295 1507 et
330 1463 463 1507 inscio
501 1463 651 1508 abbate
689 1463 825 1507 adhuc
856 1463 985 1507 etiam
1015 1466 1057 1507 et
1087 1463 1361 1519 dormitante,
1398 1476 1476 1520 per
1514 1462 1671 1506 milites

105 1540 249 1584 domni
277 1540 483 1586 Volcwini
518 1544 625 1585 nutu
662 1541 794 1599 ipsius
833 1541 1155 1598 circumquaque
1192 1541 1294 1585 urbs
1333 1541 1599 1585 succenditur
1629 1543 1672 1585 et

104 1618 376 1663 consumitur.
675 1629 677 1631 ’

223 1696 386 1741 Eodem
416 1710 525 1741 anno
554 1697 688 1741 fames
720 1711 881 1755 aspera.
973 1697 1031 1741 Et
1059 1698 1173 1741 fures
1204 1697 1360 1755 plures,
1393 1711 1445 1742 ex
1464 1697 1671 1742 militibus

104 1775 347 1819 fortioribus
383 1775 564 1819 factione
600 1775 839 1833 perniciosa
875 1775 1134 1832 conglobati,
1173 1776 1329 1819 multos
1365 1776 1412 1819 in
1449 1775 1528 1819 hac
1557 1779 1673 1819 terra

106 1852 252 1896 durius
291 1852 512 1908 angebant.
571 1853 763 1910 Denique
794 1853 1050 1898 Vuldensem
1089 1853 1308 1898 ecclesiam
1337 1857 1485 1911 patera
1515 1853 1673 1898 Hathe-

106 1928 240 1975 mari¹
271 1934 313 1974 et
346 1930 491 1974 multis
522 1931 732 1975 thesauris
763 1931 1020 1988 spoliabant,
1060 1935 1103 1976 et
1131 1946 1216 1975 non
1246 1932 1384 1976 nullas
1415 1932 1519 1976 alias
1549 1932 1673 1976 huius

106 2011 244 2053 terrae
283 2009 501 2053 ecclesias·
531 2009 656 2053 rebus
691 2009 876 2067 propriis
909 2012 951 2053 et
980 2009 1040 2053 eis
1075 2009 1243 2054 aliunde
1274 2010 1403 2054 illatis
1433 2011 1547 2055 idem
1577 2024 1672 2068 pre-

109 2086 238 2131 dones
267 2087 336 2131 vel
364 2087 478 2131 fures
509 2087 755 2145 privabant3
788 2087 897 2131 sicut
927 2090 969 2131 et
997 2087 1067 2131 inb
1098 2087 1207 2132 hanc
1227 2088 1522 2133 Gorbeiensem
1551 2089 1673 2133 fecis-

109 2168 215 2221 sent,
245 2165 331 2209 nisi
361 2169 404 2209 et
433 2165 689 2210 consolatrix
720 2168 762 2209 et
792 2165 977 2209 adiutrix
1008 2166 1151 2209 divina
1181 2167 1318 2222 gratia
1338 2170 1381 2211 et
1399 2171 1674 2224 patronorum

108 2246 348 2287 nostrorum
376 2242 792 2299 magnificentissima
820 2244 973 2287 merita
1002 2246 1045 2287 et
1074 2247 1315 2288 sanctorum
1344 2245 1540 2303 pignera,
1572 2259 1674 2302 quo-

108 2334 205 2365 rum
234 2320 303 2365 hic
331 2321 540 2366 habentur
571 2321 942 2377 abundantissime,
974 2335 1051 2365 nos
1083 2322 1363 2366 adiuvarent0.
1416 2323 1525 2366 Nam
1559 2324 1672 2366 1146

110 2412 220 2443 anno
266 2399 499 2443 dominicae
543 2400 867 2455 incarnationis,
915 2400 1098 2444 secunda
1142 2397 1286 2444 nocte⁸
1325 2425 1380 2431 —
1422 2401 1588 2457 quando
1633 2404 1675 2444 et
1693 2407 1899 2439 Dec-25—26

111 2489 254 2522 omnes
284 2491 392 2535 pene
424 2491 570 2522 somno
600 2477 696 2535 plus
728 2481 896 2533 egentes
927 2481 1135 2522 nostrates
1167 2478 1219 2522 ob
1249 2478 1523 2535 prolixiorem
1544 2478 1674 2523 servi-

111 2555 237 2599 minis
268 2555 440 2599 Domini
468 2555 658 2611 laudem,
699 2569 779 2612 que
815 2556 968 2612 prioris
998 2553 1156 2599 noctis⁴
1186 2557 1513 2614 oportunitatem
1552 2557 1674 2601 intri-

208 2660 236 2682 0.
258 2651 403 2682 ecclesias
425 2651 547 2682 addidi.
629 2651 660 2682 b.
682 2651 714 2682 in
737 2651 858 2682 addidi.
942 2660 968 2681 c.
990 2651 1207 2682 adadiuvarent
1229 2663 1254 2682 c.

208 2715 242 2751 1.
273 2713 448 2761 Sophiae,
482 2714 607 2752 uxoris
631 2713 825 2752 Godefridi
849 2714 865 2750 I
897 2714 1043 2751 comitis
1074 2714 1121 2751 de
1145 2714 1260 2751 Kuik.
1355 2715 1390 2751 2.
1422 2714 1568 2752 abbatis
1590 2715 1675 2753 Ful-

113 2773 238 2811 densis
261 2775 376 2811 927-
386 2775 468 2811 956.
562 2775 598 2812 3.
630 2774 717 2811 anni
743 2775 853 2819 1146,
885 2774 932 2811 ab
960 2774 1211 2811 incarnatione
1236 2775 1384 2812 Domini
1414 2775 1569 2822 incepti,
1601 2785 1675 2813 nox

113 2833 275 2870 secunda
297 2833 368 2870 fuit
391 2844 453 2880 ea,
486 2834 591 2871 cuius
623 2834 784 2871 medium
816 2833 963 2870 diremit
993 2834 1091 2870 diem
1116 2834 1162 2870 25
1193 2846 1215 2870 a
1239 2835 1299 2871 die
1323 2835 1369 2871 26
1394 2846 1442 2871 m.
1460 2835 1675 2872 Decembris

113 2903 148 2929 a.
165 2894 270 2930 1145.
341 2894 377 2930 4.
401 2904 487 2930 nam
506 2894 626 2931 media
641 2897 750 2930 nocte
767 2892 922 2938 (24—25
940 2893 1044 2938 Dec.)
1062 2893 1288 2931 sollemnitas
1305 2894 1510 2932 nativitatis
1526 2895 1674 2933 Domini

113 2953 176 3000 agi
199 2955 332 3000 coepta
355 2957 444 3000 erat,
469 2954 579 2990 sicuti
604 2954 715 2991 etiam
740 2963 839 2990 nunc
863 2953 975 2990 moris
999 2956 1066 2990 est.
