1924 3288
541 242 741 274 wmALm
769 241 1020 275 EPISTOLAE
1051 241 1122 273 102.
1145 241 1215 273 103.
1574 229 1658 274 177

98 335 213 384 102.
240 335 502 383 Gorbeienses
533 355 560 383 a
590 339 778 384 Wibaldo
809 355 965 384 summe
995 339 1253 394 contendunt,
1285 354 1337 382 ne
1368 338 1426 382 ad
1450 354 1492 381 se
1512 340 1662 381 reverti

103 430 109 437 ³
129 427 178 453 1..v
201 443 204 449 ι
241 418 376 455 cesset.
1473 408 1545 464 (M.
1570 409 1659 465 85.)

176 522 178 525 ψ
209 492 439 538 Carissimo
467 494 636 538 domino
666 498 709 539 et
725 496 840 553 patri
861 509 936 540 suo
952 494 1145 540 Wibaldo
1165 493 1397 539 venerabili
1417 493 1661 538 Corbeiensi
1686 496 1780 533 1148

45 606 49 608 ἡ
91 571 234 617 abbati
261 571 313 617 E.
344 572 483 631 prior,
514 572 804 630 A(delbertus)
835 573 1098 632 prepositus,
1126 571 1372 629 W(alterus)
1405 573 1660 618 camerarius

91 650 278 696 debitam
307 651 603 707 obedientiam.
1471 675 1476 677 -

209 729 258 774 In
278 733 482 787 quantum
500 730 565 774 fas
587 733 664 786 est,
679 729 949 787 prudentiam
963 732 1149 774 vestram
1170 730 1398 786 arguimus,
1420 729 1544 786 quod,
1567 741 1662 773 cum

90 808 338 866 paternitati
356 811 521 853 vestrae
551 808 785 852 anxietates
812 811 979 852 nostras
1000 822 1077 866 per
1096 808 1298 852 nuncium
1318 811 1508 852 vestrum
1528 811 1570 852 et
1589 808 1661 851 lit-

89 889 203 930 teras
232 889 399 931 nostras
428 886 804 942 insinuaverimus,
835 886 1023 930 nondum
1054 886 1214 944 aliquid
1243 887 1365 931 nobis
1396 886 1661 930 certitudinis

91 963 144 1009 de
171 964 312 1009 reditu
340 967 481 1009 vestro
514 964 796 1021 significastis,
827 965 1050 1022 presertim
1082 978 1178 1009 cum
1207 965 1253 1008 in
1275 965 1469 1009 omnibus
1491 965 1660 1021 litteris,

93 1042 243 1100 quibus
281 1043 466 1088 reditum
494 1047 683 1088 vestrum
720 1042 799 1087 hac
829 1043 919 1087 vice
957 1044 1165 1087 maturari
1193 1044 1456 1100 rogavimus,
1498 1043 1578 1087 hoc
1609 1043 1663 1087 ad

92 1132 300 1165 summam
330 1135 427 1166 cum
457 1122 572 1166 omni
601 1122 821 1178 diligentia
851 1122 1182 1178 adiunxerimus,
1212 1125 1261 1166 ut
1291 1122 1436 1166 statim
1465 1124 1564 1179 post
1594 1134 1662 1165 ac-

92 1203 236 1259 ceptas
272 1200 436 1244 litteras
475 1201 631 1258 absque
669 1200 785 1244 omni
821 1200 1022 1245 dilatione
1060 1200 1112 1245 de
1149 1200 1290 1244 reditu
1319 1203 1461 1245 vestro
1502 1200 1556 1244 ad
1584 1213 1662 1244 nos

93 1278 356 1323 ordinaretis.
410 1278 467 1323 Et
505 1292 599 1323 ecce
633 1279 720 1325 iam
749 1279 837 1323 fere
869 1279 922 1323 ad
951 1282 1038 1323 tres
1070 1279 1328 1337 septimanas
1359 1278 1561 1322 nuncium
1591 1292 1662 1323 ve-

92 1359 228 1401 stru1n
257 1357 451 1415 suspensi
482 1361 772 1416 expectamus3
803 1357 1018 1415 multoque
1040 1357 1247 1402 desiderio
1269 1357 1345 1402 sub
1366 1357 1446 1402 hac
1467 1360 1662 1415 expecta-

92 1435 206 1480 tione
245 1434 450 1480 afficimur
486 1449 565 1480 nec
602 1436 826 1493 quicquam
865 1436 1163 1480 consolationis
1204 1436 1229 1480 a
1258 1435 1377 1481 vobis
1418 1436 1660 1494 accipimus.

93 1512 203 1565 Quid
240 1527 339 1570 ergo
378 1514 550 1558 tandem
586 1515 815 1559 faciemus?
868 1514 1014 1572 Neque
1053 1515 1166 1559 enim
1202 1515 1292 1559 sine
1322 1528 1449 1559 causa
1478 1515 1663 1559 reditum

93 1594 282 1636 vestrum
318 1595 539 1650 tantopere
575 1594 781 1637 maturari
817 1593 1144 1651 postulavimus3
1185 1593 1288 1637 foris
1319 1607 1507 1651 pugnae,
1546 1593 1661 1638 intus

93 1669 271 1715 labores.
333 1670 391 1715 Ut
427 1671 479 1715 de
511 1671 703 1715 omnibus
736 1671 830 1715 aliis
863 1672 1081 1728 sileamus,
1120 1672 1209 1716 fere
1238 1671 1543 1716 mortificamur
1572 1675 1663 1716 tota

95 1748 162 1793 die
198 1748 250 1793 de
281 1749 478 1806 opinione
507 1750 637 1794 immo
669 1751 978 1794 concertatione
1007 1750 1246 1807 hominum,
1286 1751 1358 1807 qui
1389 1750 1660 1807 contendunt,

94 1840 169 1871 vos
198 1826 311 1871 ultra
340 1841 426 1871 non
454 1828 702 1884 rediturum,
735 1828 889 1886 quique
918 1828 1042 1872 modo
1074 1842 1170 1873 cum
1192 1829 1435 1887 inproperio
1456 1829 1663 1873 insultant

95 1905 238 1962 nobis,
276 1908 502 1963 postquam
542 1906 595 1950 ad
635 1909 848 1963 speratam
886 1906 999 1951 diem
1027 1908 1206 1952 nuncius
1236 1911 1376 1952 vester
1406 1921 1492 1951 non
1521 1908 1662 1963 rediit,

98 1982 369 2041 affirmantes,
392 1984 503 2041 quod
526 1984 573 2027 in
591 1998 748 2027 vanum
769 1998 889 2042 spem
908 1989 1098 2029 nostram
1118 1986 1415 2030 consumimus.
1455 1986 1661 2043 Denique,

95 2062 179 2106 nisi
210 2062 320 2119 quod
350 2062 631 2106 constantiam
660 2065 846 2106 vestram
875 2066 965 2106 tam
994 2063 1123 2107 fixam
1155 2067 1196 2108 et
1225 2064 1485 2108 immobilem
1506 2064 1663 2122 optime

95 2140 310 2199 novimus,
350 2143 414 2185 tot
451 2140 718 2198 opinionibus
759 2144 801 2185 et
838 2144 902 2184 tot
937 2141 1188 2186 clamoribus
1218 2142 1438 2186 hominum
1466 2141 1579 2186 flecti
1610 2142 1664 2186 ad

98 2219 433 2277 desperationem
461 2219 687 2276 potuimus.
736 2218 885 2263 Comes
917 2233 1081 2277 quoque
1101 2220 1419 2276 Her(imannus)
1450 2224 1540 2264 tam
1571 2221 1662 2264 diu-

97 2300 267 2342 turnam
297 2298 427 2343 vestri
458 2297 692 2341 absentiam
722 2296 903 2340 multum
931 2298 1109 2342 incusat.
1158 2298 1284 2343 Omni
1308 2313 1406 2355 ergo
1428 2299 1662 2355 devotione,

98 2376 213 2420 omni
242 2376 393 2420 studio
410 2375 711 2434 paternitatem
740 2378 926 2419 vestram
954 2390 1165 2434 rogamus,
1196 2381 1245 2421 ut
1263 2377 1332 2421 vel
1359 2377 1438 2421 hac
1457 2378 1548 2421 vice
1578 2380 1663 2421 sta-

96 2454 176 2499 tim
220 2458 317 2513 post
354 2458 546 2512 acceptas
582 2454 746 2498 litteras
785 2457 952 2498 nostras
990 2455 1128 2499 redire
1164 2455 1404 2499 nullatenus
1445 2455 1662 2511 differatis,

97 2532 244 2590 procul
275 2533 400 2577 dubio
431 2533 630 2594 scientes,
673 2532 803 2589 quod,
843 2532 880 2576 si
910 2532 1034 2576 modo
1064 2532 1240 2577 ulterius
1271 2547 1435 2577 moram
1463 2533 1662 2589 feceritis,

99 2611 253 2655 amicos
283 2615 444 2655 vestros
474 2612 520 2655 in
551 2610 886 2669 desperationem
916 2623 1001 2653 non
1030 2611 1239 2655 modicam
1271 2611 1498 2656 adducetis.

104 2746 219 2794 103.
243 2749 455 2798 Wibaldus
472 2750 730 2793 Corbeienses
749 2751 1021 2792 reversionem
1041 2765 1160 2792 suam
1179 2751 1412 2808 importune
1421 2748 1666 2809 flaqitantes

247 2821 518 2878 reprehendit.
1477 2820 1550 2875 (M.
1575 2821 1663 2876 86.)

217 2903 366 2948 Frater
393 2903 609 2948 Wibaldus
650 2904 732 2948 Dei
773 2904 910 2960 gratia
947 2903 1211 2949 Corbeiensis
1251 2904 1378 2948 abbas
1418 2904 1582 2948 dilectis
1618 2905 1665 2949 in
1690 2911 1782 2948 1148

101 2980 267 3025 Christo
297 2982 497 3026 fratribus
527 2982 577 3026 E.
609 2983 762 3040 priori,
793 2982 1056 3037 A(delberto)
1087 2983 1321 3040 preposite,
1343 2982 1564 3038 W(altero)
1595 2997 1664 3028 ca-

100 3060 280 3103 merario
312 3060 489 3103 salutem
520 3064 563 3105 et
591 3061 935 3106 benedictionem.

160 3133 265 3170 duni,
286 3137 475 3166 Bibliotheca
494 3138 517 3166 Ι.
1335 3131 1379 3167 12
