1924 3288
517 198 716 230 wmALm
744 196 994 230 musmonffl
1023 196 1094 227 393.
1117 194 1187 226 394.
1550 181 1638 226 525

69 293 324 355 proiecerat,
360 294 406 338 in
434 294 553 339 illam
583 293 829 339 aecclesiam
866 292 1188 348 malignantium
1217 294 1436 348 tamquam
1464 290 1512 334 in
1542 303 1638 334 sen-
1663 291 1756 329 1152

0 360 44 430 D
64 374 205 424 finam
233 372 459 430 ‘recollegit
495 376 557 428 et,
606 371 804 429 quicquid
841 371 1025 429 improbi
1063 374 1106 415 et
1141 370 1241 414 irati
1281 372 1324 414 et
1361 383 1454 414 sese
1491 368 1639 413 ulcisci

72 451 288 510 cupientes
318 450 554 507 confingere
583 450 629 494 in
658 450 818 493 famam
849 449 1013 494 abbatis
1044 451 1284 506 potuerunt,
1316 447 1567 505 conscripsit
1597 450 1641 491 et

73 529 286 588 dispersit.
328 529 510 573 Pedibus
539 529 682 585 itaque
700 531 866 572 vestrae
888 527 1148 571 celsitudinis
1174 526 1313 570 animo
1337 525 1524 570 advoluti
1543 538 1642 569 cum

71 607 280 652 universis
308 607 509 652 fratribus
539 607 717 662 nostris,
757 605 968 663 supplices
1003 618 1148 662 preces
1180 603 1451 661 effundimus,
1491 607 1540 647 ut
1568 617 1642 648 ve-

71 685 259 730 nientem
279 685 334 730 ad
351 689 538 730 vestram
557 684 822 729 clementiam
842 683 1081 741 predictum
1102 683 1310 739 abbatem,
1336 683 1474 727 virum
1494 682 1641 739 utique

73 763 296 808 honestum
327 767 369 808 et
396 763 644 819 litteratum,
674 763 720 806 in
750 761 1072 806 mansuetudine
1103 761 1303 805 bonitatis
1323 764 1489 805 vestrae
1511 760 1643 805 susci-

73 841 203 900 piatis
233 845 289 898 et,
322 842 566 886 exauditum
595 841 642 884 in
670 841 922 885 necessitate
947 853 1035 895 sua,
1066 839 1112 883 in
1138 839 1400 896 plenitudine
1421 838 1642 895 dignitatis

75 932 177 964 suae
203 919 358 964 litteris
389 924 432 964 et
459 919 670 964 mandatis
702 919 965 964 auctoritatis
989 921 1154 962 vestrae
1174 931 1251 975 per
1272 917 1455 975 aliquem
1474 916 1643 962 fidelem

74 997 261 1054 legatum
289 1001 478 1043 vestrum
505 998 753 1043 restituatis.

79 1139 197 1188 394.
222 1142 433 1187 Wibaldus
456 1144 507 1187 A.
533 1144 672 1187 abbati
698 1144 749 1186 de
771 1143 924 1196 Monte,
954 1142 1068 1200 quod
1092 1140 1300 1199 Sffridum
1325 1141 1512 1184 abbatem
1537 1139 1644 1183 Hul-

225 1221 525 1264 lesheimensem
556 1222 726 1279 benique
754 1220 966 1278 receperit,
994 1220 1155 1276 qratias
1186 1220 1282 1276 ayit.
1434 1216 1506 1271 (M.
1525 1217 1645 1271 369.)

193 1309 437 1354 Reverendo
467 1309 514 1353 in
544 1308 709 1354 Christo
739 1308 853 1366 patri
884 1311 926 1352 et
956 1307 1126 1351 domino
1157 1307 1210 1352 A.
1241 1307 1471 1352 venerabili
1503 1307 1645 1351 abbati
1673 1315 1765 1352 1152

77 1387 130 1432 de
159 1386 302 1432 Monte
329 1388 461 1432 frater
481 1386 732 1442 W(ibaldus)
763 1387 845 1431 Dei
874 1386 1012 1442 gratia
1041 1385 1099 1442 id,
1133 1385 1244 1442 quod
1274 1389 1339 1430 est
1367 1386 1414 1429 in
1445 1385 1647 1429 aecclesia

78 1465 295 1522 catholica,
327 1465 506 1511 salutem
534 1466 581 1510 in
600 1465 782 1510 Domino
814 1467 856 1509 et
885 1465 1098 1509 fraternae
1128 1464 1324 1508 karitatis
1354 1463 1646 1508 indissolubile

77 1543 305 1589 vinculum.

197 1621 452 1679 Multiplices
489 1622 723 1678 gratiarum
761 1621 945 1665 actiones
983 1624 1147 1665 vestrae
1186 1621 1231 1664 in
1263 1619 1430 1664 Christo
1469 1619 1647 1665 dilectae

77 1700 332 1745 fraternitati
364 1700 584 1755 debemus,
614 1713 693 1757 pro
726 1713 774 1743 eo
806 1699 917 1756 quod
946 1699 1220 1743 karissimum
1250 1699 1424 1742 fratrem
1454 1702 1647 1743 nostrum

81 1782 124 1823 et
150 1779 198 1823 in
226 1779 408 1822 Domino
439 1778 643 1834 collegam
674 1777 890 1833 Sifridum,
920 1777 1202 1821 venerabilem
1235 1777 1428 1821 abbatem
1460 1777 1511 1821 de
1542 1776 1647 1821 Hul-

78 1855 262 1914 leshem,
299 1856 538 1900 venientem
577 1855 631 1899 ad
668 1869 742 1900 vos
773 1855 820 1898 in
856 1855 1199 1899 tribulationibus
1239 1858 1282 1899 et
1322 1855 1526 1911 angustiis
1559 1856 1646 1899 suis

81 1935 260 1991 benigne
290 1934 549 1992 suscepistis,
581 1937 624 1978 et
653 1933 716 1991 pii
736 1933 1010 1977 consolatoris
1036 1932 1243 1989 affectum,
1276 1936 1480 1990 quantum
1509 1933 1555 1977 in
1575 1947 1648 1978 vo-

80 2013 147 2058 bis
176 2013 277 2069 fuit,
316 2013 356 2057 ei
387 2012 655 2068 exhibuistis,
693 2015 736 2056 et
766 2011 1083 2067 contumeliam,
1124 2025 1229 2068 quae
1261 2011 1399 2055 ordini
1428 2015 1572 2056 nostro
1603 2012 1649 2055 in

81 2105 262 2150 persona
292 2091 382 2135 eius
411 2091 599 2147 irrogata
629 2093 705 2147 est,
738 2090 880 2134 debita
910 2090 1200 2147 compassione
1232 2089 1438 2134 doluistis.
1485 2090 1543 2135 Et
1571 2104 1648 2134 nos

84 2183 182 2226 ergo
213 2172 498 2227 contemptam
534 2170 580 2213 in
611 2182 659 2213 eo
696 2168 905 2212 iustitiam
934 2167 1164 2225 plurimum
1193 2167 1403 2225 dolemus,
1441 2171 1533 2212 tum
1570 2182 1648 2226 pro

83 2248 213 2292 totius
243 2247 466 2292 monastici
496 2247 654 2291 ordinis
685 2246 871 2303 generali
901 2245 1132 2290 abiectione
1161 2249 1252 2290 tum
1282 2260 1360 2303 pro
1385 2245 1648 2291 Corbeiensis

84 2325 324 2382 aecclesiae,
355 2326 473 2370 cuius
503 2325 595 2383 ipse
623 2324 735 2368 fflius
767 2327 831 2368 est
857 2327 899 2367 et
927 2324 1156 2381 professus,
1188 2324 1362 2382 speciali
1392 2325 1646 2369 confusione.

85 2403 206 2448 Hanc
235 2407 374 2448 autem
406 2403 649 2447 violentiam
677 2416 883 2460 personae
921 2402 1009 2446 eius
1039 2403 1269 2458 irrogatam
1299 2403 1346 2446 in
1376 2403 1547 2447 auribus
1577 2415 1648 2448 ve·

84 2485 199 2527 strae
229 2481 464 2527 sanctitatis
497 2484 539 2525 et
569 2481 756 2525 omnium
785 2481 978 2536 fratrum,
1009 2480 1309 2525 venerabilium
1335 2481 1496 2525 scilicet
1525 2481 1648 2526 coab-

85 2560 232 2605 batum
262 2564 502 2605 nostrorum
532 2572 610 2603 nec
638 2573 723 2603 non
753 2559 1057 2615 universorum,
1096 2559 1167 2615 qui
1196 2559 1241 2602 in
1273 2563 1418 2603 sancta
1447 2559 1650 2615 religione

85 2639 341 2695 consistunt,
382 2652 477 2682 cum
507 2636 768 2681 lamentabili
799 2640 841 2681 et
871 2635 1096 2681 affectuosa
1126 2637 1387 2694 querimonia
1415 2637 1649 2695 proclama-

85 2729 200 2761 mus:
233 2717 344 2773 quod
375 2717 466 2760 sine
494 2715 726 2771 vocatione,
758 2715 848 2759 sine
872 2715 1040 2771 iudicio,
1072 2715 1162 2760 sine
1183 2715 1409 2772 audientia,
1441 2715 1531 2759 sine
1550 2729 1649 2773 pro-

86 2795 171 2853 prii
201 2795 286 2839 oris
317 2794 597 2850 confessione,
635 2793 840 2849 dignitate
871 2796 913 2837 et
949 2793 1074 2838 rebus
1106 2794 1298 2839 abbatiae
1329 2807 1429 2838 suae
1457 2794 1648 2851 privatus
1689 2786 1692 2787 ⁷

89 2876 166 2929 est,
196 2886 330 2930 neque
360 2886 437 2930 per
467 2875 656 2916 nostram
679 2871 1027 2929 supplicationem
1048 2875 1121 2915 aut
1141 2871 1403 2917 Corbeiensis
1425 2871 1649 2917 aecclesiae

89 2964 163 2996 seu
193 2950 367 2996 alicuius
399 2951 557 2995 ordinis
579 2953 651 2994 aut
671 2950 888 3006 dignitatis
908 2950 1250 2996 intercessionem
1279 2954 1377 3010 post
1394 2950 1473 2996 hoc
1491 2951 1649 2997 factum
