1924 3288
517 182 716 214 WIBALDI
744 182 992 214 nms‘ronffl
1021 181 1092 212 364.
1117 180 1187 212 365.
1546 169 1634 212 493

189 275 264 321 Set
301 275 404 323 haec
441 278 583 322 omnia
614 291 690 335 pro
721 281 818 322 voto
851 278 1004 335 adepta
1034 277 1187 333 gaudia
1217 276 1464 320 amaricavit
1495 276 1634 320 obitus
1661 279 1753 359 {152

70 354 328 399 serenissimi
358 356 518 400 domini
546 357 681 400 nostri
700 356 983 401 Romanorum
1009 356 1120 411 regis
1140 354 1287 399 incliti.
1330 354 1458 399 Cuius
1479 355 1635 398 transi·
1686 338 1702 360 θ
1725 338 1748 359 r.

69 429 174 490 tus¹,
204 432 304 478 licet
332 448 417 478 non
438 435 649 479 immerito
671 435 957 479 universitatis
978 437 1142 478 vestrae
1163 434 1323 478 animos
1346 433 1633 488 commoverit,

69 523 154 555 non
188 514 331 556 tamen
369 513 552 569 graviori
589 512 859 557 concussione
893 512 1141 571 perturbare
1172 512 1315 567 debet3
1356 512 1455 569 quia
1483 514 1633 569 potens

70 591 135 633 est
151 588 281 646 Deus,
313 594 355 635 et
374 590 666 636 Corbeiensem
690 590 935 635 aecclesiam
955 591 1000 634 in
1031 604 1131 634 suae
1162 590 1379 646 dignitatis
1400 592 1513 633 statu
1534 602 1632 633 con-

70 680 238 712 servare
268 671 310 713 et
339 673 507 714 nostrae
538 683 741 727 personae
770 669 1052 713 humilitatem
1082 682 1379 726 usquequaque
1408 681 1493 712 non
1516 668 1635 712 dese-

68 758 174 790 rere.
237 746 366 791 Cuius
404 747 719 792 clementissimi
752 748 911 792 domini
940 747 1076 791 nostri
1107 748 1303 804 exequias
1334 750 1381 790 ut
1412 746 1635 803 sollempni

71 836 119 868 ac
146 824 262 881 regio
293 839 409 870 more
440 826 678 883 celebretis,
717 826 984 871 devotissime
1022 826 1196 870 karitati
1234 826 1422 869 omnium
1451 825 1635 880 iniungi-

69 915 176 946 mus.
299 902 374 948 Set
409 917 484 949 cur
521 905 737 949 dominum
775 905 951 948 dicimus
990 918 1106 960 eum⁷
1146 905 1192 948 in
1231 918 1312 961 quo
1344 918 1510 961 semper
1539 903 1634 962 plus

70 993 196 1037 quam
231 984 434 1039 paternae
472 983 643 1041 pietatis
674 984 836 1028 viscera
865 982 1177 1041 persensimus?
1238 982 1358 1026 Filiis
1398 982 1510 1026 enim
1547 982 1634 1026 suis

68 1071 144 1103 nos
174 1059 220 1103 in
251 1061 386 1104 omni·
418 1061 686 1107 excellentiae
717 1062 851 1119 gradu
879 1075 965 1106 non
994 1061 1251 1119 postposuit,
1288 1061 1499 1116 germanis
1531 1060 1632 1116 suis,

67 1135 166 1182 licet
207 1138 253 1182 in
291 1138 495 1183 altissimo
531 1141 793 1201 principatus
831 1139 1011 1185 culmine
1050 1139 1310 1195 constitutis,
1357 1152 1633 1197 sepenumero

69 1216 321 1274 anteposuit.
369 1217 577 1263 Universa
606 1219 726 1263 nobis
757 1222 927 1263 sanctae
957 1218 1128 1276 pietatis
1161 1221 1203 1262 et
1233 1216 1370 1261 officia
1401 1221 1443 1262 et
1462 1218 1635 1261 nomina

69 1294 122 1339 ab
159 1294 293 1353 ipsius
331 1297 613 1341 sacratissimo
653 1301 821 1356 pectore
851 1297 1092 1341 manabant.
1154 1295 1275 1340 Nunc
1303 1296 1416 1340 inter
1448 1295 1635 1340 dolorem

69 1373 215 1417 amissi
243 1377 333 1418 tam
363 1375 605 1420 excellentis
636 1379 725 1420 tam
756 1376 881 1420 amici
909 1375 1134 1434 principis,
1169 1374 1281 1418 inter
1311 1374 1636 1418 sollicitudinem

67 1451 233 1496 futurae
270 1453 321 1498 de
359 1467 488 1510 regno
527 1457 601 1498 s'uo
640 1455 916 1499 ordinationis
956 1469 1006 1499 ea
1042 1468 1120 1498 nos
1159 1453 1359 1512 precipue
1391 1466 1491 1497 cura
1520 1456 1636 1497 tenet

69 1532 264 1587 attentos,
294 1535 343 1576 ut
361 1535 526 1578 vestrae
554 1533 811 1578 fraternitati
839 1534 929 1578 sine
951 1532 1121 1591 querela
1141 1532 1193 1577 ab
1216 1531 1462 1577 officialibus
1483 1531 1636 1576 vestris

69 1608 414 1654 amministretur.

187 1686 501 1733 Declinavimus
527 1689 747 1747 paululum
767 1690 821 1733 ad
842 1688 1134 1734 Stabulensem
1156 1687 1415 1744 aecclesiam,
1446 1691 1507 1746 ut,
1539 1702 1635 1733 cum

70 1777 163 1809 eam
183 1765 386 1810 fuerimus
407 1767 622 1824 consolati,
655 1768 708 1812 ad
727 1782 816 1824 vos,
847 1768 1020 1812 liberius
1042 1771 1084 1811 et
1105 1767 1261 1811 diutius
1282 1768 1485 1823 mansuri,
1516 1768 1636 1811 brevi

70 1843 212 1901 elapso
242 1848 430 1902 tempore
459 1849 733 1890 revertamur.
828 1845 1105 1890 Universitati
1135 1849 1276 1890 autem
1296 1849 1461 1890 vestrae
1488 1849 1636 1890 notum

70 1935 161 1966 esse
190 1922 403 1979 volumuS‚
444 1924 555 1980 quod
592 1924 769 1969 domnus
799 1922 1060 1981 Heinricus²‚
1099 1925 1171 1981 qui
1207 1925 1463 1968 monasterio
1493 1927 1634 1968 vestro

71 1999 293 2057 aliquando
323 2002 492 2059 prefuit,
525 2002 715 2047 ordinem
745 2003 982 2059 sacerdotii,
1013 2017 1039 2047 a
1069 2016 1150 2060 quo
1181 2002 1396 2060 depositus
1426 2003 1578 2059 fuerat,
1611 2003 1635 2046 a

70 2078 222 2122 domno
252 2093 366 2137 papa
394 2094 478 2124 non
509 2082 680 2139 recepit.
725 2080 860 2139 Super
890 2082 1007 2126 cuius
1038 2081 1101 2126 rei
1123 2082 1354 2126 assertione
1374 2095 1450 2126 nos
1470 2081 1633 2126 litteras

71 2156 257 2202 eiusdem
288 2158 431 2202 domni
460 2172 596 2218 papae
627 2160 863 2218 accepimus
873 2157 899 2204 ³.

73 2310 189 2358 365.
215 2314 426 2358 Wibaldus
447 2315 703 2373 Stephanum
733 2318 970 2374 episcopum
991 2316 1212 2359 Metensem
1238 2324 1368 2374 roqat,
1401 2333 1452 2360 ne
1473 2324 1634 2360 contro-

217 2395 392 2436 versiam
424 2394 474 2436 de
505 2395 689 2451 eligendo
723 2396 867 2439 abbate
891 2394 1214 2438 Walet'odorensi
1236 2402 1380 2449 ortam,
1414 2403 1634 2454 antequam

218 2486 346 2514 novus
375 2488 450 2515 rex
482 2472 627 2515 electus
655 2474 719 2527 sit,
753 2474 968 2516 discernat.
1417 2471 1490 2526 (M.
1513 2472 1632 2527 341.)

187 2558 429 2604 Reverendo
460 2562 505 2605 in
530 2561 695 2605 Christo
726 2562 839 2619 patri
869 2575 943 2605 suo
966 2560 1212 2617 St(ephano)
1245 2564 1412 2606 sanctae
1432 2562 1632 2606 Metensis
1659 2571 1751 2607 1152

71 2637 294 2683 aecclesiae
329 2639 558 2684 venerabili
598 2640 791 2697 episcopo
829 2639 959 2684 frater
993 2639 1245 2694 W(ibaldus)
1282 2639 1363 2684 Dei
1401 2641 1538 2696 gratia
1573 2642 1631 2698 id,
1660 2620 1747 2651 Feb*

71 2717 183 2773 quod
220 2720 284 2761 est
318 2718 364 2761 in
402 2718 603 2763 aecclesia
641 2717 865 2774 catholica,
906 2717 1079 2774 exiguas
1117 2719 1327 2763 orationes
1364 2722 1406 2763 et
1435 2720 1632 2764 devotum

69 2795 299 2839 servitium.

167 2899 193 2920 a.
223 2891 283 2921 omi
306 2904 332 2922 c.

164 2950 197 2984 1.
223 2949 329 2985 Febr.
349 2949 405 2985 15.
501 2950 535 2985 2.
561 2949 578 2985 I
602 2948 716 2986 abbas
741 2949 983 2986 Corbeiensis.
1081 2951 1116 2987 3.
1141 2961 1198 2996 ep.
1219 2951 1285 2987 361
1313 2961 1424 2997 supra
1447 2962 1485 2998 p.
1501 2952 1583 2989 490.
