1924 3288
165 516 256 552 1157

174 1763 267 1800 1157

191 1812 255 1843 Ian.

281 156 369 200 584
730 166 930 198 wmALm
958 167 1208 199 nmsronAn
1234 166 1306 198 452.
1329 167 1400 198 453.

284 261 403 308 452.
431 262 478 307 F
471 264 671 307 ridericus
687 265 900 321 episcopus
917 262 1247 307 Monastcricnsis
1257 264 1524 306 Wichmanno
1541 264 1844 323 archiepiscopo

430 342 778 399 Maydeburycnsi
808 341 1048 399 Philippum
1084 343 1319 399 episcopum
1352 341 1706 400 Osnabruyensem
1737 357 1846 386 com-

430 419 608 462 mendat.
1631 417 1703 472 (M.
1725 418 1846 473 420.)

401 507 567 552 1)0111110
587 506 835 552 Wicmanno
875 507 1186 566 archiepiscopo
1225 508 1454 552 reverendo
1491 507 1730 552 Fridericus
1757 507 1848 552 Mo-

282 586 606 630 nasteriensium
636 584 807 629 humilis
839 585 1032 630 minister
1063 586 1261 630 intimum
1293 586 1455 630 servitii
1485 589 1528 630 et
1557 585 1757 630 orationis
1789 586 1849 630 af-

282 664 451 708 fectum.

298 794 300 796 ¹
401 740 584 785 Pertulit
606 740 660 784 ad
680 754 757 784 nos
778 740 955 784 domnus
977 740 1308 798 Osenburgensis
1332 738 1576 799 episcopus¹
1595 741 1850 798 gravaminis

284 819 351 864 sui
381 832 571 874 causam3
613 822 655 863 et
685 818 986 875 condoluimus,
1021 822 1111 863 tum
1144 820 1243 877 quia
1272 818 1463 863 infirmus
1495 822 1560 863 est
1589 822 1632 864 et
1659 818 1851 864 laborare

283 911 369 941 non
399 900 562 955 potest,
592 899 684 940 tum
714 896 813 953 quia
843 895 1104 941 Corbeiensis
1137 898 1264 942 abbas
1294 897 1495 941 iniuriam
1525 898 1563 941 ei
1591 897 1757 942 videtur
1785 897 1851 942 in-

283 975 407 1020 ferre.
449 975 689 1032 Eapropter
715 974 1006 1019 excellentiam
1025 978 1209 1020 vestram
1231 975 1528 1019 commonitam
1550 988 1641 1019 esse
1660 975 1850 1033 cupimus

286 1056 329 1098 et
357 1066 555 1109 rogamus
581 1053 789 1109 obnixius,
821 1056 1024 1109 quatenus
1047 1067 1155 1110 eum,
1186 1058 1403 1110 tamquam
1424 1053 1630 1097 seniorem
1652 1057 1695 1098 et
1714 1054 1851 1112 coepi-

286 1145 475 1188 scopum,
506 1145 636 1175 manu
665 1131 844 1175 teneatis
867 1134 909 1175 et
929 1131 1091 1175 nullam
1111 1132 1280 1175 omnino
1302 1132 1342 1175 61
1361 1131 1560 1175 iniuriam
1578 1129 1671 1175 fieri
1689 1131 1850 1176 sinatis.

286 1209 561 1267 Perspicuum
594 1212 658 1254 est
688 1209 813 1265 enim,
844 1212 905 1266 ut,
938 1209 975 1253 si
1004 1209 1125 1266 forte,
1158 1210 1269 1267 quod
1293 1209 1416 1265 absit,
1447 1222 1556 1253 unus
1577 1209 1851 1267 opprimatur,

288 1288 343 1332 ad
361 1287 503 1345 plures
523 1290 613 1331 tam
634 1287 851 1345 episcopos
874 1301 998 1345 quam
1021 1288 1355 1346 archiepiscopos
1375 1290 1538 1331 tantum
1557 1287 1853 1332 inconveniens

287 1365 511 1410 derivetur.
562 1365 721 1410 Valete.

289 1507 409 1555 453.
438 1510 585 1552 Brimo
618 1511 831 1567 episcopus
861 1508 1220 1552 Hildeslzeimensis
1248 1509 1514 1552 Wichmanno
1547 1509 1853 1567 archiepiscopo

437 1586 786 1644 Maqdeburyensi
815 1594 983 1630 excusat
1009 1588 1195 1630 morbum
1222 1587 1410 1645 Philippi
1441 1588 1622 1644 episcopi
1643 1586 1854 1630 Osnabru-

436 1666 572 1722 9ensis
601 1664 912 1722 Merseburyum
941 1680 1026 1707 non
1055 1666 1261 1707 venientis.
1641 1662 1712 1717 (Μ.
1735 1663 1854 1718 421.)

410 1753 653 1798 Reverendo
675 1753 826 1797 domno
841 1752 1151 1808 W(ichmanno)
1174 1757 1342 1797 sanctae
1357 1752 1770 1809 Magetheburgensis
1791 1765 1857 1798 60-

292 1832 444 1876 clesiae
484 1831 797 1889 archiepiscopo
827 1831 1003 1892 B(runo)
1034 1831 1116 1875 Dei
1153 1832 1290 1887 gratia
1319 1831 1746 1876 Hildenesheimensis
1779 1831 1857 1875 hu—

291 1910 404 1954 milis
435 1909 628 1953 minister
660 1910 830 1954 devotas
862 1910 1071 1954 orationes
1102 1910 1148 1953 in
1178 1909 1359 1954 Domino
1392 1913 1434 1954 et
1463 1909 1693 1953 servitium.

411 1987 674 2032 Venerabilis
704 1988 836 2031 frater
864 1991 1006 2032 noster
1035 1987 1255 2045 Philippus
1278 1987 1608 2044 Osenbrugensis
1639 1987 1857 2045 episcopus

294 2069 479 2110 vestram
510 2079 562 2109 ex
583 2066 782 2109 mandato
804 2066 946 2110 domni
966 2080 1103 2123 papae
1124 2066 1178 2109 ad
1197 2066 1412 2121 negotium
1432 2066 1575 2109 domni
1595 2065 1856 2110 Corbeiensis

296 2143 458 2188 abbatis
480 2143 669 2187 aditurus
689 2144 959 2206 presentiam,
980 2144 1026 2187 in
1045 2145 1138 2201 ipso
1159 2157 1358 2202 processu
1377 2144 1540 2187 itineris
1560 2157 1714 2199 magna
1730 2143 1857 2187 nimis

296 2223 522 2279 occupatus
553 2224 617 2265 est
648 2221 895 2276 egritudine.
936 2221 1059 2266 Prius
1093 2222 1260 2278 quidem
1292 2222 1344 2266 ob
1369 2221 1722 2278 magnitudinem·
1742 2220 1858 2265 infir-

264 2336 270 2342 .
295 2299 457 2344 mitatis
489 2312 588 2343 suae
618 2299 773 2342 multas
805 2303 847 2343 et
876 2313 1025 2355 graves
1056 2300 1272 2357 passiones
1303 2300 1514 2355 sustinuit,
1544 2313 1690 2344 verum
1718 2313 1771 2343 ex
1795 2299 1858 2344 la-

296 2378 398 2422 bore
421 2376 606 2421 inchoati
625 2377 789 2420 itineris
811 2377 957 2421 eadem
976 2378 1110 2435 ipsius
1130 2376 1352 2422 infirmitas
1372 2377 1640 2422 vehementer
1660 2391 1858 2433 augmen-

297 2459 388 2500 tata
415 2455 508 2499 fuit.
549 2453 710 2498 Eodem
734 2454 875 2511 itaque
893 2455 1056 2512 prefato
1077 2455 1307 2500 venerabili
1326 2455 1456 2499 fratre
1476 2458 1620 2499 nostro
1639 2455 1726 2499 iam
1747 2455 1857 2499 dicto

297 2534 450 2578 itinere
487 2532 541 2576 ad
578 2545 655 2576 nos
692 2533 739 2576 in
776 2533 990 2577 civitatem
1026 2536 1216 2577 nostram
1253 2533 1548 2589 descendente,
1586 2535 1704 2576 tanta
1737 2532 1858 2577 nobis

298 2612 433 2669 ipsius
472 2610 661 2667 egritudo
699 2610 903 2666 innotuit,
945 2611 1054 2667 quod
1088 2611 1327 2655 nullatenus
1357 2611 1610 2669 processisse
1639 2610 1857 2667 potuisset,

300 2689 384 2734 nisi
404 2689 516 2733 vitae
547 2702 646 2733 suae
676 2689 1035 2732 conservationem
1057 2689 1305 2733 omnimodis
1326 2692 1578 2746 postponere
1597 2687 1735 2732 vellet.
1777 2687 1858 2732 Ve-

302 2771 433 2812 stram
469 2768 611 2824 itaque
650 2769 820 2810 actenus
858 2766 978 2810 nobis
1018 2766 1217 2811 exibitam
1254 2766 1579 2811 benivolentiam
1616 2778 1711 2810 cum
1745 2766 1859 2809 omni

398 2872 427 2893 a.
455 2862 671 2901 magnitudinis
693 2874 719 2892 c.

397 2921 429 2960 1.
453 2919 651 2969 Philippus,
