1924 3288
508 235 708 267 wmALm
736 234 987 267 EPISTOLAE
1013 234 1084 265 447.
1109 233 1181 265 448.
1540 221 1628 266 579

61 329 182 378 447.
211 331 448 376 Fridericus
463 331 493 375 I
502 333 729 390 imperator
745 331 1058 375 Wichsmannum
1079 329 1433 388 archiepiscopwm
1452 330 1629 387 Maqde-
1689 359 1692 363 -

210 411 449 467 burqensem
479 410 686 464 hortatur,
719 417 764 453 ut
793 411 838 452 in
868 409 1138 453 discernenda
1167 407 1347 452 Wibatdi
1376 415 1415 452 et
1446 408 1632 465 Philippi

211 489 394 546 episcopi
435 487 760 546 Omabruqensis
801 488 1075 531 controversia
1109 487 1333 544 privileyia
1371 486 1632 531 Corbeiensia

210 573 383 609 tueatur.
1415 562 1487 618 (M.
1510 561 1630 616 417.)

179 648 452 703 F(ridericus)
483 648 565 692 Dei
595 648 733 704 gratia
761 647 1045 692 Romanorum
1074 648 1306 706 imperator
1336 650 1537 703 augustus
1569 646 1631 690 di·
1677 652 1770 688 1156

61 727 168 773 lecto
214 741 288 771 suo
328 725 640 781 W(ichmanno)
678 725 1057 782 Magdebruggensi
1098 726 1411 784 archiepiscopo
1451 725 1632 782 gratiam
1654 703 1779 775 D{'0‘',⁵{5

63 819 184 851 suam
214 808 257 850 et
287 818 410 848 omne
438 805 607 848 bonum.

183 883 451 928 Serenissimi
480 883 770 940 imperatores,
802 883 938 927 nostri
961 883 1107 940 utique
1126 883 1459 940 predecessores,
1491 881 1633 926 divino

64 962 201 1008 edocti
230 962 384 1020 spiritu
414 965 663 1018 sanxerunt,
696 975 764 1017 ea,
798 973 904 1018 quae
936 961 990 1004 ad
1018 961 1287 1005 beatissimae
1317 962 1412 1005 iura
1442 962 1636 1018 spectant

65 1040 305 1096 aecclesiae,
335 1043 553 1097 tamquam
575 1040 713 1097 ipsam
735 1043 1044 1083 sacrosanctam
1066 1042 1108 1083 et
1127 1039 1369 1095 religiosam
1390 1039 1637 1083 aecclesiam

64 1118 360 1164 venerabiliter
399 1118 451 1162 ab
489 1118 682 1162 omnibus
718 1118 884 1162 illibata
921 1117 1144 1174 custodiri,
1184 1122 1226 1162 et
1266 1131 1316 1162 ea
1352 1118 1635 1175 potissimum,

67 1211 174 1256 quae
219 1197 271 1242 ab
316 1196 530 1254 imperiali
568 1195 692 1240 domo
731 1196 784 1240 ad
821 1196 1096 1253 quodcunque
1132 1195 1378 1252 religiosum
1415 1195 1638 1252 collegium

67 1275 221 1320 collata
257 1278 374 1330 sunt,
413 1274 531 1318 nulla
559 1275 602 1318 vi
640 1277 713 1318 aut
751 1274 846 1318 dolo
879 1277 952 1318 aut
983 1274 1122 1331 aliquo
1153 1274 1369 1318 temerarii
1398 1277 1637 1318 contractus

64 1354 235 1398 nomine
265 1353 452 1397 alienari.
501 1353 663 1397 Horum
693 1353 839 1411 utique
869 1352 1190 1396 rationabilibus
1220 1352 1414 1397 inherere
1433 1353 1638 1409 vestigiis,

63 1432 235 1490 pietatis
254 1434 424 1476 nostrae
446 1435 511 1475 est
528 1432 813 1490 propositum,
837 1434 879 1476 et
900 1431 1093 1475 omnibus
1115 1430 1300 1475 ecclesiis
1316 1431 1411 1487 Dei,
1432 1431 1639 1485 maxime-

66 1525 147 1568 que
176 1510 257 1567 his,
290 1524 395 1567 quae
415 1509 628 1567 imperiali
648 1510 887 1568 specialiter
909 1509 1060 1553 ditioni
1080 1509 1251 1554 subesse
1270 1512 1514 1565 noscuntur,
1545 1509 1640 1552 iura

67 1592 109 1633 et
128 1589 414 1647 possessiones
436 1602 581 1633 earum
601 1602 863 1644 conservare,
885 1587 1160 1632 humanitatis
1180 1591 1350 1632 nostrae
1367 1590 1431 1632 est
1446 1587 1638 1631 intentio·

66 1666 200 1723 Unde,
234 1667 432 1724 quoniam
464 1667 488 1711 a
509 1665 707 1724 pontifice
728 1665 864 1710 almae
889 1669 1058 1710 nostrae
1078 1666 1195 1710 urbis
1215 1666 1374 1710 Romae
1394 1665 1577 1709 iudicem
1597 1668 1640 1708 te

68 1744 308 1788 ordinatum
339 1759 430 1789 esse
461 1744 730 1800 cognovimus
754 1757 880 1801 super
900 1745 1083 1801 negotio,
1116 1745 1227 1801 quod
1246 1745 1358 1788 inter
1377 1742 1640 1788 venerabiles

67 1823 280 1881 principes
309 1827 491 1878 nostros,
524 1822 719 1881 abbatem
748 1821 1044 1866 Corbeiensem
1075 1825 1117 1866 et
1148 1823 1392 1880 episcopum
1414 1820 1641 1866 Osembru-

69 1914 254 1957 gensem,
287 1901 485 1944 actitatur
517 1915 643 1958 super
665 1900 915 1957 quibusdam
937 1900 1125 1956 decimis,
1150 1915 1175 1944 a
1196 1901 1317 1944 divae
1338 1899 1639 1944 recordationis

68 1978 318 2023 Luodewico
347 1980 602 2036 imperatore
634 1981 809 2034 augusto
831 1977 1075 2022 Corbeiensi
1106 1978 1332 2023 aecclesiae
1356 1977 1532 2034 collatis,
1565 1977 1640 2021 sed

68 2060 218 2115 postea
246 2058 386 2101 nescio
413 2071 493 2114 quo
515 2057 780 2101 alienationis
801 2056 924 2100 titulo
947 2056 1000 2100 ad
1022 2057 1311 2114 episcopatum
1332 2056 1640 2111 Osembrugen-

70 2149 160 2180 sem
189 2135 420 2191 translatis,
451 2135 720 2193 prudentiam
748 2138 866 2178 tuam
898 2138 1116 2178 exoratam
1137 2149 1227 2179 esse
1247 2134 1454 2190 volumus,
1485 2137 1546 2190 ut,
1577 2137 1640 2178 te-

69 2227 172 2257 nore
210 2213 528 2271 privilegiorum
558 2213 821 2257 Corbeiensis
852 2212 1078 2257 aecclesiae
1110 2213 1332 2269 diligenter
1362 2212 1640 2268 considerato,

72 2291 259 2336 debitum
290 2295 331 2336 et
361 2294 551 2349 optatum
582 2291 710 2335 finem
741 2291 877 2335 eidem
908 2304 1058 2335 causae
1086 2291 1293 2348 imponas.

73 2434 192 2482 448.
221 2436 461 2480 Fr-idericus
481 2437 511 2479 I
532 2437 758 2493 imperator
779 2435 966 2479 Wibaldo
997 2436 1182 2478 rescribit
1203 2436 1253 2478 de
1278 2435 1549 2492 Buryundiae
1568 2448 1639 2478 ne-

218 2516 352 2572 yotiiS,
376 2515 426 2557 de
447 2515 564 2557 curia
586 2513 776 2571 Spirensi
794 2513 947 2567 habita,
971 2514 1022 2556 de
1043 2514 1158 2556 curia
1183 2513 1362 2556 Ulmensi
1382 2513 1639 2556 celebranda.

225 2592 401 2635 Posthac
437 2606 530 2634 eum
566 2591 785 2648 inferiores
814 2591 952 2634 Rheni
968 2585 1126 2648 'partes
1155 2606 1291 2634 secum
1322 2591 1514 2633 accedere
1545 2590 1640 2632 vult.

220 2671 290 2714 De
320 2670 483 2712 iniuriis
514 2670 599 2711 eius
627 2668 886 2711 vindicandis
917 2669 1045 2711 addit.
1425 2665 1496 2720 (M.
1519 2666 1640 2721 418.)

190 2751 464 2808 F(ridericus)
495 2750 577 2794 Dei
606 2750 744 2806 gratia
769 2749 1054 2794 Romanorum
1082 2750 1313 2808 imperator
1344 2752 1544 2805 augustus
1576 2750 1640 2793 di-
1686 2766 1778 2802 1156

73 2830 180 2874 lecto
212 2844 286 2874 suo
309 2829 534 2883 W(ibaldo)
564 2828 795 2872 venerabili
817 2828 1061 2873 Corbeiensi
1091 2828 1234 2873 abbati
1254 2828 1436 2884 gratiam
1458 2841 1578 2872 suam
1599 2830 1641 2872 et
1663 2817 1791 2888 „3225

75 2921 197 2952 omne
227 2908 395 2952 bonum.

192 2986 257 3030 De
281 2988 394 3029 statu
413 2987 582 3028 nostrae
602 2984 895 3042 prosperitatis
917 2987 959 3028 te
980 2987 1181 3041 tanquam
1203 2984 1428 3042 specialem
1449 2988 1640 3030 nostrum

1272 3062 1317 3097 37
1329 3060 1354 3084 '³⁶
