<?xml version="1.0" encoding="UTF-8"?>
<!DOCTYPE html PUBLIC "-//W3C//DTD XHTML 1.0 Transitional//EN"
    "http://www.w3.org/TR/xhtml1/DTD/xhtml1-transitional.dtd">
<html xmlns="http://www.w3.org/1999/xhtml" xml:lang="en" lang="en">
 <head>
  <title>
</title>
<meta http-equiv="Content-Type" content="text/html;charset=utf-8" />
  <meta name='ocr-system' content='tesseract 3.04.00' />
  <meta name='ocr-capabilities' content='ocr_page ocr_carea ocr_par ocr_line ocrx_word'/>
</head>
<body>
  <div class='ocr_page' id='page_1' title='image "bibliothecarerum01wattuoft_0082.png"; bbox 0 0 1930 3242; ppageno 0'>
   <div class='ocr_carea' id='block_1_1' title="bbox 316 200 1456 246">
    <p class='ocr_par' dir='ltr' id='par_1_1' title="bbox 316 200 1456 246">
     <span class='ocr_line' id='line_1_1' title="bbox 316 200 1456 246; baseline 0 -2"><span class='ocrx_word' id='word_1_1' title='bbox 316 200 374 244; x_wconf 88' lang='lat'><strong>64</strong></span> <span class='ocrx_word' id='word_1_2' title='bbox 731 211 1133 246; x_wconf 70' lang='lat' dir='ltr'><strong>onnonoommxs</strong></span> <span class='ocrx_word' id='word_1_3' title='bbox 1163 211 1456 244; x_wconf 65' lang='lat' dir='ltr'><strong>commitem</strong></span> 
     </span>
    </p>
   </div>
   <div class='ocr_carea' id='block_1_2' title="bbox 199 306 1874 1052">
    <p class='ocr_par' dir='ltr' id='par_1_2' title="bbox 199 306 1874 1052">
     <span class='ocr_line' id='line_1_2' title="bbox 199 306 1873 366; baseline 0.004 -19"><span class='ocrx_word' id='word_1_4' title='bbox 199 311 291 348; x_wconf 79' lang='lat'>1146</span> <span class='ocrx_word' id='word_1_5' title='bbox 433 306 492 350; x_wconf 91' lang='lat' dir='ltr'><strong>Et</strong></span> <span class='ocrx_word' id='word_1_6' title='bbox 526 306 638 352; x_wconf 91' lang='lat' dir='ltr'><strong>inter</strong></span> <span class='ocrx_word' id='word_1_7' title='bbox 676 307 760 352; x_wconf 85' lang='lat' dir='ltr'><strong>alia</strong></span> <span class='ocrx_word' id='word_1_8' title='bbox 794 308 907 352; x_wconf 90' lang='lat' dir='ltr'><strong>idem</strong></span> <span class='ocrx_word' id='word_1_9' title='bbox 935 308 1028 364; x_wconf 85' lang='lat' dir='ltr'><strong>ipse</strong></span> <span class='ocrx_word' id='word_1_10' title='bbox 1057 306 1300 351; x_wconf 85' lang='lat' dir='ltr'><strong>Isenboldus</strong></span> <span class='ocrx_word' id='word_1_11' title='bbox 1325 307 1414 364; x_wconf 90' lang='lat' dir='ltr'><strong>ipsi</strong></span> <span class='ocrx_word' id='word_1_12' title='bbox 1443 307 1513 352; x_wconf 87' lang='lat' dir='ltr'><strong>cui</strong></span> <span class='ocrx_word' id='word_1_13' title='bbox 1542 307 1873 366; x_wconf 67' lang='lat' dir='ltr'><strong>suprascripsit</strong></span> 
     </span>
     <span class='ocr_line' id='line_1_3' title="bbox 199 360 1846 428; baseline 0.015 -2"><span class='ocrx_word' id='word_1_14' title='bbox 199 360 290 396; x_wconf 79' lang='lat'>1147</span> <span class='ocrx_word' id='word_1_15' title='bbox 317 387 360 428; x_wconf 89' lang='lat' dir='ltr'><strong>et</strong></span> <span class='ocrx_word' id='word_1_16' title='bbox 389 383 513 428; x_wconf 85' lang='lat' dir='ltr'><strong>talia:</strong></span> <span class='ocrx_word' id='word_1_17' title='bbox 1580 423 1582 426; x_wconf 56' lang='lat'>&gt;</span> <span class='ocrx_word' id='word_1_18' title='bbox 1624 403 1627 406; x_wconf 83' lang='grc'>’</span> <span class='ocrx_word' id='word_1_19' title='bbox 1740 412 1742 420; x_wconf 78' lang='grc'>’</span> <span class='ocrx_word' id='word_1_20' title='bbox 1786 417 1787 422; x_wconf 69' lang='grc'>’</span> <span class='ocrx_word' id='word_1_21' title='bbox 1843 411 1846 417; x_wconf 83' lang='grc'>’</span> 
     </span>
     <span class='ocr_line' id='line_1_4' title="bbox 436 460 1874 520; baseline 0.002 -15"><span class='ocrx_word' id='word_1_22' title='bbox 436 495 458 518; x_wconf 86' lang='grc'><strong>,,</strong></span> <span class='ocrx_word' id='word_1_23' title='bbox 471 461 688 506; x_wconf 88' lang='lat' dir='ltr'><strong>Succincte</strong></span> <span class='ocrx_word' id='word_1_24' title='bbox 733 462 787 505; x_wconf 90' lang='lat' dir='ltr'><strong>ad</strong></span> <span class='ocrx_word' id='word_1_25' title='bbox 824 474 996 518; x_wconf 79' lang='lat' dir='ltr'><strong>presens</strong></span> <span class='ocrx_word' id='word_1_26' title='bbox 1033 460 1152 506; x_wconf 89' lang='lat' dir='ltr'><strong>vobis</strong></span> <span class='ocrx_word' id='word_1_27' title='bbox 1190 461 1372 506; x_wconf 87' lang='lat' dir='ltr'><strong>scribere</strong></span> <span class='ocrx_word' id='word_1_28' title='bbox 1409 462 1728 520; x_wconf 66' lang='lat' dir='ltr'><strong>proposuimus,</strong></span> <span class='ocrx_word' id='word_1_29' title='bbox 1766 461 1874 519; x_wconf 69' lang='lat' dir='ltr'><strong>qnia</strong></span> 
     </span>
     <span class='ocr_line' id='line_1_5' title="bbox 316 537 1873 597; baseline 0.004 -15"><span class='ocrx_word' id='word_1_30' title='bbox 316 537 622 595; x_wconf 80' lang='lat' dir='ltr'><strong>aliquantisque</strong></span> <span class='ocrx_word' id='word_1_31' title='bbox 651 539 790 583; x_wconf 88' lang='lat' dir='ltr'><strong>verbis</strong></span> <span class='ocrx_word' id='word_1_32' title='bbox 820 539 972 583; x_wconf 87' lang='lat' dir='ltr'><strong>vestris</strong></span> <span class='ocrx_word' id='word_1_33' title='bbox 1008 539 1054 582; x_wconf 90' lang='lat' dir='ltr'><strong>in</strong></span> <span class='ocrx_word' id='word_1_34' title='bbox 1092 538 1185 584; x_wconf 85' lang='lat' dir='ltr'><strong>aliis</strong></span> <span class='ocrx_word' id='word_1_35' title='bbox 1215 539 1390 596; x_wconf 90' lang='lat' dir='ltr'><strong>litteris,</strong></span> <span class='ocrx_word' id='word_1_36' title='bbox 1430 553 1533 597; x_wconf 86' lang='lat' dir='ltr'><strong>quas</strong></span> <span class='ocrx_word' id='word_1_37' title='bbox 1566 540 1687 585; x_wconf 87' lang='lat' dir='ltr'><strong>vobis</strong></span> <span class='ocrx_word' id='word_1_38' title='bbox 1715 539 1873 589; x_wconf 54' lang='lat' dir='ltr'><strong>dii-«fia</strong></span> 
     </span>
     <span class='ocr_line' id='line_1_6' title="bbox 314 615 1873 677; baseline 0.002 -17"><span class='ocrx_word' id='word_1_39' title='bbox 314 630 422 673; x_wconf 84' lang='lat' dir='ltr'><strong>mus,</strong></span> <span class='ocrx_word' id='word_1_40' title='bbox 452 617 657 675; x_wconf 86' lang='lat' dir='ltr'><strong>prolixius</strong></span> <span class='ocrx_word' id='word_1_41' title='bbox 687 616 994 674; x_wconf 81' lang='lat' dir='ltr'><strong>respondimus.</strong></span> <span class='ocrx_word' id='word_1_42' title='bbox 1041 615 1272 661; x_wconf 84' lang='lat' dir='ltr'><strong>Suademus</strong></span> <span class='ocrx_word' id='word_1_43' title='bbox 1302 617 1445 674; x_wconf 86' lang='lat' dir='ltr'><strong>itaque</strong></span> <span class='ocrx_word' id='word_1_44' title='bbox 1475 620 1518 662; x_wconf 87' lang='lat' dir='ltr'><strong>et</strong></span> <span class='ocrx_word' id='word_1_45' title='bbox 1541 617 1873 677; x_wconf 61' lang='lat' dir='ltr'><strong>discretioni-m-</strong></span> 
     </span>
     <span class='ocr_line' id='line_1_7' title="bbox 315 693 1874 752; baseline 0.003 -15"><span class='ocrx_word' id='word_1_46' title='bbox 315 697 427 738; x_wconf 76' lang='lat' dir='ltr'><strong>strae</strong></span> <span class='ocrx_word' id='word_1_47' title='bbox 464 695 718 738; x_wconf 88' lang='lat' dir='ltr'><strong>consulimus</strong></span> <span class='ocrx_word' id='word_1_48' title='bbox 728 701 755 750; x_wconf 75' lang='lat'><strong>⁸,</strong></span> <span class='ocrx_word' id='word_1_49' title='bbox 801 694 996 751; x_wconf 81' lang='lat' dir='ltr'><strong>quatinus</strong></span> <span class='ocrx_word' id='word_1_50' title='bbox 1043 693 1266 750; x_wconf 78' lang='lat' dir='ltr'><strong>diligenter</strong></span> <span class='ocrx_word' id='word_1_51' title='bbox 1302 695 1550 751; x_wconf 85' lang='lat' dir='ltr'><strong>attendatis,</strong></span> <span class='ocrx_word' id='word_1_52' title='bbox 1587 695 1691 752; x_wconf 86' lang='lat' dir='ltr'><strong>qnid</strong></span> <span class='ocrx_word' id='word_1_53' title='bbox 1718 695 1874 741; x_wconf 52' lang='lat' dir='ltr'><strong>siff-ed</strong></span> 
     </span>
     <span class='ocr_line' id='line_1_8' title="bbox 314 771 1874 830; baseline 0.003 -15"><span class='ocrx_word' id='word_1_54' title='bbox 314 772 509 827; x_wconf 83' lang='lat' dir='ltr'><strong>vovistis,</strong></span> <span class='ocrx_word' id='word_1_55' title='bbox 550 785 646 816; x_wconf 90' lang='lat' dir='ltr'><strong>cum</strong></span> <span class='ocrx_word' id='word_1_56' title='bbox 683 771 875 816; x_wconf 89' lang='lat' dir='ltr'><strong>omnibus</strong></span> <span class='ocrx_word' id='word_1_57' title='bbox 912 771 1079 816; x_wconf 78' lang='lat' dir='ltr'><strong>caducis</strong></span> <span class='ocrx_word' id='word_1_58' title='bbox 1115 772 1240 816; x_wconf 89' lang='lat' dir='ltr'><strong>rebus</strong></span> <span class='ocrx_word' id='word_1_59' title='bbox 1279 776 1454 830; x_wconf 87' lang='lat' dir='ltr'><strong>propter</strong></span> <span class='ocrx_word' id='word_1_60' title='bbox 1482 786 1660 829; x_wconf 86' lang='lat' dir='ltr'><strong>regnum</strong></span> <span class='ocrx_word' id='word_1_61' title='bbox 1689 772 1874 821; x_wconf 72' lang='lat' dir='ltr'><strong>calorum</strong></span> 
     </span>
     <span class='ocr_line' id='line_1_9' title="bbox 314 849 1874 908; baseline 0.002 -15"><span class='ocrx_word' id='word_1_62' title='bbox 314 849 616 905; x_wconf 82' lang='lat' dir='ltr'><strong>renunciastis‚</strong></span> <span class='ocrx_word' id='word_1_63' title='bbox 665 852 707 893; x_wconf 87' lang='lat' dir='ltr'><strong>et</strong></span> <span class='ocrx_word' id='word_1_64' title='bbox 745 850 792 893; x_wconf 92' lang='lat' dir='ltr'><strong>in</strong></span> <span class='ocrx_word' id='word_1_65' title='bbox 828 849 907 893; x_wconf 89' lang='lat' dir='ltr'><strong>hoc</strong></span> <span class='ocrx_word' id='word_1_66' title='bbox 942 849 1218 894; x_wconf 88' lang='lat' dir='ltr'><strong>subtilissima</strong></span> <span class='ocrx_word' id='word_1_67' title='bbox 1255 851 1630 908; x_wconf 78' lang='lat' dir='ltr'><strong>circumspectione</strong></span> <span class='ocrx_word' id='word_1_68' title='bbox 1665 850 1874 908; x_wconf 73' lang='lat' dir='ltr'><strong>usquein</strong></span> 
     </span>
     <span class='ocr_line' id='line_1_10' title="bbox 312 925 1874 986; baseline 0.003 -16"><span class='ocrx_word' id='word_1_69' title='bbox 312 925 439 971; x_wconf 88' lang='lat' dir='ltr'><strong>finem</strong></span> <span class='ocrx_word' id='word_1_70' title='bbox 469 927 581 971; x_wconf 88' lang='lat' dir='ltr'><strong>vitae</strong></span> <span class='ocrx_word' id='word_1_71' title='bbox 618 928 916 984; x_wconf 86' lang='lat' dir='ltr'><strong>perseveretis,</strong></span> <span class='ocrx_word' id='word_1_72' title='bbox 955 927 1039 971; x_wconf 91' lang='lat' dir='ltr'><strong>nisi</strong></span> <span class='ocrx_word' id='word_1_73' title='bbox 1076 928 1177 985; x_wconf 90' lang='lat' dir='ltr'><strong>quid</strong></span> <span class='ocrx_word' id='word_1_74' title='bbox 1207 928 1318 985; x_wconf 92' lang='lat' dir='ltr'><strong>quod</strong></span> <span class='ocrx_word' id='word_1_75' title='bbox 1346 929 1492 984; x_wconf 82' lang='lat' dir='ltr'><strong>ignoro</strong></span> <span class='ocrx_word' id='word_1_76' title='bbox 1524 928 1722 985; x_wconf 80' lang='lat' dir='ltr'><strong>obsistat,</strong></span> <span class='ocrx_word' id='word_1_77' title='bbox 1761 928 1874 986; x_wconf 86' lang='lat' dir='ltr'><strong>quod</strong></span> 
     </span>
     <span class='ocr_line' id='line_1_11' title="bbox 312 1003 1871 1052; baseline 0.003 -4"><span class='ocrx_word' id='word_1_78' title='bbox 312 1003 410 1048; x_wconf 91' lang='lat' dir='ltr'><strong>huic</strong></span> <span class='ocrx_word' id='word_1_79' title='bbox 439 1005 612 1049; x_wconf 90' lang='lat' dir='ltr'><strong>consilio</strong></span> <span class='ocrx_word' id='word_1_80' title='bbox 642 1005 949 1050; x_wconf 85' lang='lat' dir='ltr'><strong>rationabiliter</strong></span> <span class='ocrx_word' id='word_1_81' title='bbox 969 1005 1239 1050; x_wconf 85' lang='lat' dir='ltr'><strong>contradicat.</strong></span> <span class='ocrx_word' id='word_1_82' title='bbox 1280 1005 1428 1050; x_wconf 86' lang='lat' dir='ltr'><strong>Valete</strong></span> <span class='ocrx_word' id='word_1_83' title='bbox 1447 1019 1559 1051; x_wconf 90' lang='lat' dir='ltr'><strong>nunc</strong></span> <span class='ocrx_word' id='word_1_84' title='bbox 1578 1010 1623 1051; x_wconf 92' lang='lat' dir='ltr'><strong>et</strong></span> <span class='ocrx_word' id='word_1_85' title='bbox 1640 1006 1687 1051; x_wconf 90' lang='lat' dir='ltr'><strong>in</strong></span> <span class='ocrx_word' id='word_1_86' title='bbox 1705 1004 1871 1052; x_wconf 76' lang='lat' dir='ltr'><strong>ovum“.</strong></span> 
     </span>
    </p>
   </div>
   <div class='ocr_carea' id='block_1_3' title="bbox 952 1101 1234 1107">
    <p class='ocr_par' dir='ltr' id='par_1_3' title="bbox 952 1101 1234 1107">
     <span class='ocr_line' id='line_1_12' title="bbox 952 1101 1234 1107; baseline 0 0"><span class='ocrx_word' id='word_1_87' title='bbox 952 1101 1234 1107; x_wconf 95' lang='lat' dir='ltr'><strong> </strong></span> 
     </span>
    </p>
   </div>
   <div class='ocr_carea' id='block_1_4' title="bbox 196 1159 1874 1982">
    <p class='ocr_par' dir='ltr' id='par_1_4' title="bbox 196 1159 1874 1982">
     <span class='ocr_line' id='line_1_13' title="bbox 197 1159 1874 1218; baseline 0.003 -15"><span class='ocrx_word' id='word_1_88' title='bbox 197 1167 288 1203; x_wconf 84' lang='lat'>1146</span> <span class='ocrx_word' id='word_1_89' title='bbox 428 1159 518 1205; x_wconf 90' lang='lat' dir='ltr'><strong>Hee</strong></span> <span class='ocrx_word' id='word_1_90' title='bbox 536 1159 677 1205; x_wconf 86' lang='lat' dir='ltr'><strong>littere</strong></span> <span class='ocrx_word' id='word_1_91' title='bbox 696 1159 892 1204; x_wconf 88' lang='lat' dir='ltr'><strong>dicuntur</strong></span> <span class='ocrx_word' id='word_1_92' title='bbox 913 1159 1138 1205; x_wconf 67' lang='lat' dir='ltr'><strong>divinit-11⁸¹·</strong></span> <span class='ocrx_word' id='word_1_93' title='bbox 1159 1161 1312 1206; x_wconf 85' lang='lat' dir='ltr'><strong>missae</strong></span> <span class='ocrx_word' id='word_1_94' title='bbox 1332 1159 1616 1206; x_wconf 86' lang='lat' dir='ltr'><strong>Loudhuwico</strong></span> <span class='ocrx_word' id='word_1_95' title='bbox 1636 1161 1728 1218; x_wconf 73' lang='lat' dir='ltr'><strong>regi</strong></span> <span class='ocrx_word' id='word_1_96' title='bbox 1740 1160 1874 1208; x_wconf 79' lang='lat' dir='ltr'><strong>Fran-</strong></span> 
     </span>
     <span class='ocr_line' id='line_1_14' title="bbox 196 1215 1797 1282; baseline 0.001 -31"><span class='ocrx_word' id='word_1_97' title='bbox 196 1215 288 1251; x_wconf 79' lang='lat'>1147</span> <span class='ocrx_word' id='word_1_98' title='bbox 312 1250 477 1282; x_wconf 62' lang='lat' dir='ltr'>corum:</span> <span class='ocrx_word' id='word_1_99' title='bbox 972 1276 974 1278; x_wconf 21' lang='grc' dir='ltr'>Ι</span> <span class='ocrx_word' id='word_1_100' title='bbox 1795 1269 1797 1274; x_wconf 20' lang='grc' dir='ltr'><em>Α</em></span> 
     </span>
     <span class='ocr_line' id='line_1_15' title="bbox 433 1314 1872 1375; baseline 0.002 -16"><span class='ocrx_word' id='word_1_101' title='bbox 433 1315 585 1372; x_wconf 81' lang='grc' dir='ltr'><strong>,,Τ11)1·’</strong></span> <span class='ocrx_word' id='word_1_102' title='bbox 615 1315 707 1359; x_wconf 85' lang='lat' dir='ltr'><strong>dico</strong></span> <span class='ocrx_word' id='word_1_103' title='bbox 737 1314 785 1359; x_wconf 92' lang='lat' dir='ltr'><strong>L.</strong></span> <span class='ocrx_word' id='word_1_104' title='bbox 817 1319 964 1373; x_wconf 87' lang='lat' dir='ltr'><strong>pastor</strong></span> <span class='ocrx_word' id='word_1_105' title='bbox 1001 1329 1244 1374; x_wconf 80' lang='lat' dir='ltr'><strong>corporum,</strong></span> <span class='ocrx_word' id='word_1_106' title='bbox 1283 1329 1407 1372; x_wconf 87' lang='lat' dir='ltr'><strong>quem</strong></span> <span class='ocrx_word' id='word_1_107' title='bbox 1443 1316 1669 1374; x_wconf 84' lang='lat' dir='ltr'><strong>inspiravit</strong></span> <span class='ocrx_word' id='word_1_108' title='bbox 1697 1316 1872 1375; x_wconf 74' lang='lat' dir='ltr'><strong>spiritus</strong></span> 
     </span>
     <span class='ocr_line' id='line_1_16' title="bbox 311 1392 1873 1450; baseline 0.001 -13"><span class='ocrx_word' id='word_1_109' title='bbox 311 1393 526 1450; x_wconf 88' lang='lat' dir='ltr'><strong>peregrini</strong></span> <span class='ocrx_word' id='word_1_110' title='bbox 554 1392 648 1437; x_wconf 91' lang='lat' dir='ltr'><strong>Dei.</strong></span> <span class='ocrx_word' id='word_1_111' title='bbox 695 1392 801 1437; x_wconf 90' lang='lat' dir='ltr'><strong>Cum</strong></span> <span class='ocrx_word' id='word_1_112' title='bbox 831 1393 1068 1438; x_wconf 88' lang='lat' dir='ltr'><strong>ascenderis</strong></span> <span class='ocrx_word' id='word_1_113' title='bbox 1099 1407 1125 1438; x_wconf 87' lang='lat' dir='ltr'><strong>a</strong></span> <span class='ocrx_word' id='word_1_114' title='bbox 1154 1397 1372 1438; x_wconf 82' lang='lat' dir='ltr'><strong>constante</strong></span> <span class='ocrx_word' id='word_1_115' title='bbox 1401 1394 1626 1450; x_wconf 74' lang='lat' dir='ltr'><strong>tetragoni,</strong></span> <span class='ocrx_word' id='word_1_116' title='bbox 1657 1397 1700 1438; x_wconf 83' lang='lat' dir='ltr'><strong>et</strong></span> <span class='ocrx_word' id='word_1_117' title='bbox 1729 1406 1873 1443; x_wconf 68' lang='lat' dir='ltr'><strong>aeon-</strong></span> 
     </span>
     <span class='ocr_line' id='line_1_17' title="bbox 311 1470 1873 1529; baseline 0.001 -15"><span class='ocrx_word' id='word_1_118' title='bbox 311 1471 515 1515; x_wconf 84' lang='lat' dir='ltr'><strong>stantium</strong></span> <span class='ocrx_word' id='word_1_119' title='bbox 544 1474 858 1526; x_wconf 84' lang='lat' dir='ltr'><strong>tetragonorum</strong></span> <span class='ocrx_word' id='word_1_120' title='bbox 881 1471 1084 1515; x_wconf 87' lang='lat' dir='ltr'><strong>stantium</strong></span> <span class='ocrx_word' id='word_1_121' title='bbox 1105 1475 1380 1528; x_wconf 79' lang='lat' dir='ltr'><strong>esternorum,</strong></span> <span class='ocrx_word' id='word_1_122' title='bbox 1411 1475 1512 1516; x_wconf 90' lang='lat' dir='ltr'><strong>tunc</strong></span> <span class='ocrx_word' id='word_1_123' title='bbox 1532 1472 1776 1529; x_wconf 84' lang='lat' dir='ltr'><strong>aperientur</strong></span> <span class='ocrx_word' id='word_1_124' title='bbox 1793 1470 1873 1516; x_wconf 71' lang='lat' dir='ltr'><strong>fibi</strong></span> 
     </span>
     <span class='ocr_line' id='line_1_18' title="bbox 311 1548 1873 1606; baseline 0.001 -14"><span class='ocrx_word' id='word_1_125' title='bbox 311 1552 459 1606; x_wconf 89' lang='lat' dir='ltr'><strong>portae</strong></span> <span class='ocrx_word' id='word_1_126' title='bbox 489 1549 686 1604; x_wconf 87' lang='lat' dir='ltr'><strong>civitatis,</strong></span> <span class='ocrx_word' id='word_1_127' title='bbox 718 1563 821 1605; x_wconf 86' lang='lat' dir='ltr'><strong>quas</strong></span> <span class='ocrx_word' id='word_1_128' title='bbox 851 1549 1047 1606; x_wconf 90' lang='lat' dir='ltr'><strong>promisit</strong></span> <span class='ocrx_word' id='word_1_129' title='bbox 1074 1548 1186 1594; x_wconf 92' lang='lat' dir='ltr'><strong>filius</strong></span> <span class='ocrx_word' id='word_1_130' title='bbox 1215 1550 1364 1593; x_wconf 87' lang='lat' dir='ltr'><strong>matris</strong></span> <span class='ocrx_word' id='word_1_131' title='bbox 1391 1553 1488 1594; x_wconf 88' lang='lat' dir='ltr'><strong>tuae</strong></span> <span class='ocrx_word' id='word_1_132' title='bbox 1509 1549 1695 1606; x_wconf 82' lang='lat' dir='ltr'><strong>visitare,</strong></span> <span class='ocrx_word' id='word_1_133' title='bbox 1726 1552 1770 1594; x_wconf 79' lang='lat' dir='ltr'><strong>et</strong></span> <span class='ocrx_word' id='word_1_134' title='bbox 1786 1561 1873 1599; x_wconf 77' lang='lat' dir='ltr'><strong>non</strong></span> 
     </span>
     <span class='ocr_line' id='line_1_19' title="bbox 312 1626 1872 1684; baseline 0.001 -14"><span class='ocrx_word' id='word_1_135' title='bbox 312 1627 511 1671; x_wconf 85' lang='lat' dir='ltr'><strong>visitavit.</strong></span> <span class='ocrx_word' id='word_1_136' title='bbox 558 1626 775 1684; x_wconf 88' lang='lat' dir='ltr'><strong>Ponesque</strong></span> <span class='ocrx_word' id='word_1_137' title='bbox 805 1627 960 1671; x_wconf 82' lang='lat' dir='ltr'><strong>vexilla</strong></span> <span class='ocrx_word' id='word_1_138' title='bbox 988 1630 1063 1671; x_wconf 84' lang='lat' dir='ltr'><strong>tua</strong></span> <span class='ocrx_word' id='word_1_139' title='bbox 1090 1641 1211 1671; x_wconf 89' lang='lat' dir='ltr'><strong>rosea</strong></span> <span class='ocrx_word' id='word_1_140' title='bbox 1240 1641 1371 1684; x_wconf 90' lang='lat' dir='ltr'><strong>usque</strong></span> <span class='ocrx_word' id='word_1_141' title='bbox 1401 1627 1456 1671; x_wconf 86' lang='lat' dir='ltr'><strong>ad</strong></span> <span class='ocrx_word' id='word_1_142' title='bbox 1479 1631 1688 1672; x_wconf 84' lang='lat' dir='ltr'><strong>extremos</strong></span> <span class='ocrx_word' id='word_1_143' title='bbox 1708 1626 1872 1672; x_wconf 77' lang='lat' dir='ltr'><strong>labores</strong></span> 
     </span>
     <span class='ocr_line' id='line_1_20' title="bbox 311 1704 1873 1762; baseline 0.001 -13"><span class='ocrx_word' id='word_1_144' title='bbox 311 1704 519 1760; x_wconf 86' lang='lat' dir='ltr'><strong>Herculis,</strong></span> <span class='ocrx_word' id='word_1_145' title='bbox 550 1705 649 1761; x_wconf 86' lang='lat' dir='ltr'><strong>quia</strong></span> <span class='ocrx_word' id='word_1_146' title='bbox 679 1705 814 1749; x_wconf 85' lang='lat' dir='ltr'><strong>erexit</strong></span> <span class='ocrx_word' id='word_1_147' title='bbox 842 1708 884 1748; x_wconf 91' lang='lat' dir='ltr'><strong>te</strong></span> <span class='ocrx_word' id='word_1_148' title='bbox 913 1704 1104 1749; x_wconf 87' lang='lat' dir='ltr'><strong>Christus</strong></span> <span class='ocrx_word' id='word_1_149' title='bbox 1130 1706 1176 1748; x_wconf 93' lang='lat' dir='ltr'><strong>in</strong></span> <span class='ocrx_word' id='word_1_150' title='bbox 1196 1708 1410 1749; x_wconf 88' lang='lat' dir='ltr'><strong>artemone</strong></span> <span class='ocrx_word' id='word_1_151' title='bbox 1428 1706 1563 1762; x_wconf 88' lang='lat' dir='ltr'><strong>navis,</strong></span> <span class='ocrx_word' id='word_1_152' title='bbox 1594 1705 1713 1750; x_wconf 89' lang='lat' dir='ltr'><strong>cuius</strong></span> <span class='ocrx_word' id='word_1_153' title='bbox 1731 1704 1873 1749; x_wconf 80' lang='lat' dir='ltr'><strong>velum</strong></span> 
     </span>
     <span class='ocr_line' id='line_1_21' title="bbox 312 1781 1874 1840; baseline 0.001 -14"><span class='ocrx_word' id='word_1_154' title='bbox 312 1785 377 1826; x_wconf 89' lang='lat' dir='ltr'><strong>est</strong></span> <span class='ocrx_word' id='word_1_155' title='bbox 411 1782 680 1838; x_wconf 87' lang='lat' dir='ltr'><strong>triangulum.</strong></span> <span class='ocrx_word' id='word_1_156' title='bbox 743 1783 879 1826; x_wconf 93' lang='lat' dir='ltr'><strong>Tuum</strong></span> <span class='ocrx_word' id='word_1_157' title='bbox 917 1797 1080 1840; x_wconf 86' lang='lat' dir='ltr'><strong>quoque</strong></span> <span class='ocrx_word' id='word_1_158' title='bbox 1118 1782 1180 1827; x_wconf 91' lang='lat' dir='ltr'><strong>.L.</strong></span> <span class='ocrx_word' id='word_1_159' title='bbox 1220 1786 1406 1831; x_wconf 81' lang='lat' dir='ltr'><strong>vertetur</strong></span> <span class='ocrx_word' id='word_1_160' title='bbox 1440 1783 1486 1827; x_wconf 93' lang='lat' dir='ltr'><strong>in</strong></span> <span class='ocrx_word' id='word_1_161' title='bbox 1516 1782 1578 1827; x_wconf 87' lang='lat' dir='ltr'><strong>.C.</strong></span> <span class='ocrx_word' id='word_1_162' title='bbox 1618 1783 1691 1840; x_wconf 86' lang='lat' dir='ltr'><strong>qui</strong></span> <span class='ocrx_word' id='word_1_163' title='bbox 1727 1781 1874 1828; x_wconf 75' lang='lat' dir='ltr'><strong>divisit</strong></span> 
     </span>
     <span class='ocr_line' id='line_1_22' title="bbox 313 1859 1870 1919; baseline 0.002 -15"><span class='ocrx_word' id='word_1_164' title='bbox 313 1873 443 1916; x_wconf 89' lang='lat' dir='ltr'><strong>aquas</strong></span> <span class='ocrx_word' id='word_1_165' title='bbox 465 1859 664 1916; x_wconf 86' lang='lat' dir='ltr'><strong>fluminis,</strong></span> <span class='ocrx_word' id='word_1_166' title='bbox 694 1863 743 1905; x_wconf 94' lang='lat' dir='ltr'><strong>ut</strong></span> <span class='ocrx_word' id='word_1_167' title='bbox 760 1860 990 1905; x_wconf 85' lang='lat' dir='ltr'><strong>transirent</strong></span> <span class='ocrx_word' id='word_1_168' title='bbox 1009 1874 1086 1918; x_wconf 92' lang='lat' dir='ltr'><strong>per</strong></span> <span class='ocrx_word' id='word_1_169' title='bbox 1117 1874 1202 1917; x_wconf 89' lang='lat' dir='ltr'><strong>eas,</strong></span> <span class='ocrx_word' id='word_1_170' title='bbox 1233 1861 1306 1918; x_wconf 92' lang='lat' dir='ltr'><strong>qui</strong></span> <span class='ocrx_word' id='word_1_171' title='bbox 1326 1861 1496 1905; x_wconf 90' lang='lat' dir='ltr'><strong>student</strong></span> <span class='ocrx_word' id='word_1_172' title='bbox 1515 1861 1561 1905; x_wconf 93' lang='lat' dir='ltr'><strong>in</strong></span> <span class='ocrx_word' id='word_1_173' title='bbox 1580 1860 1870 1919; x_wconf 72' lang='lat' dir='ltr'><strong>procreatione</strong></span> 
     </span>
     <span class='ocr_line' id='line_1_23' title="bbox 312 1936 567 1982; baseline 0 0"><span class='ocrx_word' id='word_1_174' title='bbox 312 1936 517 1982; x_wconf 77' lang='lat' dir='ltr'><strong>filiorum‘¹</strong></span> <span class='ocrx_word' id='word_1_175' title='bbox 530 1936 567 1982; x_wconf 85' lang='lat'><strong>“.</strong></span> 
     </span>
    </p>
   </div>
   <div class='ocr_carea' id='block_1_5' title="bbox 951 1998 1234 2004">
    <p class='ocr_par' dir='ltr' id='par_1_5' title="bbox 951 1998 1234 2004">
     <span class='ocr_line' id='line_1_24' title="bbox 951 1998 1234 2004; baseline 0 0"><span class='ocrx_word' id='word_1_176' title='bbox 951 1998 1234 2004; x_wconf 95' lang='lat' dir='ltr'><strong> </strong></span> 
     </span>
    </p>
   </div>
   <div class='ocr_carea' id='block_1_6' title="bbox 311 2072 1871 2832">
    <p class='ocr_par' dir='ltr' id='par_1_6' title="bbox 311 2072 1871 2832">
     <span class='ocr_line' id='line_1_25' title="bbox 429 2072 1871 2131; baseline 0.001 -12"><span class='ocrx_word' id='word_1_177' title='bbox 429 2074 699 2119; x_wconf 82' lang='lat' dir='ltr'><strong>Antiochiae⁰</strong></span> <span class='ocrx_word' id='word_1_178' title='bbox 737 2075 886 2120; x_wconf 90' lang='lat' dir='ltr'><strong>civitas</strong></span> <span class='ocrx_word' id='word_1_179' title='bbox 929 2088 1084 2131; x_wconf 84' lang='lat' dir='ltr'><strong>magna</strong></span> <span class='ocrx_word' id='word_1_180' title='bbox 1127 2074 1287 2119; x_wconf 89' lang='lat' dir='ltr'><strong>duobus</strong></span> <span class='ocrx_word' id='word_1_181' title='bbox 1324 2074 1456 2118; x_wconf 90' lang='lat' dir='ltr'><strong>muris</strong></span> <span class='ocrx_word' id='word_1_182' title='bbox 1493 2075 1686 2131; x_wconf 80' lang='lat' dir='ltr'><strong>cingitur.</strong></span> <span class='ocrx_word' id='word_1_183' title='bbox 1749 2072 1871 2121; x_wconf 85' lang='lat' dir='ltr'><strong>Prior</strong></span> 
     </span>
     <span class='ocr_line' id='line_1_26' title="bbox 312 2151 1870 2211; baseline 0.001 -15"><span class='ocrx_word' id='word_1_184' title='bbox 312 2151 462 2196; x_wconf 86' lang='lat' dir='ltr'><strong>horum</strong></span> <span class='ocrx_word' id='word_1_185' title='bbox 499 2166 551 2197; x_wconf 86' lang='lat' dir='ltr'><strong>ex</strong></span> <span class='ocrx_word' id='word_1_186' title='bbox 581 2153 745 2209; x_wconf 85' lang='lat' dir='ltr'><strong>magnis</strong></span> <span class='ocrx_word' id='word_1_187' title='bbox 786 2153 997 2211; x_wconf 88' lang='lat' dir='ltr'><strong>lapidibus</strong></span> <span class='ocrx_word' id='word_1_188' title='bbox 1035 2156 1119 2209; x_wconf 85' lang='lat' dir='ltr'><strong>est,</strong></span> <span class='ocrx_word' id='word_1_189' title='bbox 1156 2152 1203 2196; x_wconf 93' lang='lat' dir='ltr'><strong>in</strong></span> <span class='ocrx_word' id='word_1_190' title='bbox 1241 2152 1447 2209; x_wconf 88' lang='lat' dir='ltr'><strong>quadrum</strong></span> <span class='ocrx_word' id='word_1_191' title='bbox 1485 2153 1608 2197; x_wconf 84' lang='lat' dir='ltr'><strong>sectis</strong></span> <span class='ocrx_word' id='word_1_192' title='bbox 1646 2155 1688 2197; x_wconf 87' lang='lat' dir='ltr'><strong>et</strong></span> <span class='ocrx_word' id='word_1_193' title='bbox 1725 2151 1870 2203; x_wconf 78' lang='lat' dir='ltr'><strong>subtili</strong></span> 
     </span>
     <span class='ocr_line' id='line_1_27' title="bbox 313 2228 1868 2288; baseline 0.002 -15"><span class='ocrx_word' id='word_1_194' title='bbox 313 2228 488 2274; x_wconf 91' lang='lat' dir='ltr'><strong>artificio</strong></span> <span class='ocrx_word' id='word_1_195' title='bbox 523 2230 689 2288; x_wconf 86' lang='lat' dir='ltr'><strong>politis,</strong></span> <span class='ocrx_word' id='word_1_196' title='bbox 729 2234 771 2275; x_wconf 91' lang='lat' dir='ltr'><strong>et</strong></span> <span class='ocrx_word' id='word_1_197' title='bbox 799 2231 844 2274; x_wconf 91' lang='lat' dir='ltr'><strong>in</strong></span> <span class='ocrx_word' id='word_1_198' title='bbox 875 2245 923 2275; x_wconf 88' lang='lat' dir='ltr'><strong>eo</strong></span> <span class='ocrx_word' id='word_1_199' title='bbox 955 2231 1150 2275; x_wconf 88' lang='lat' dir='ltr'><strong>distincte</strong></span> <span class='ocrx_word' id='word_1_200' title='bbox 1181 2233 1224 2273; x_wconf 86' lang='lat' dir='ltr'><strong>et</strong></span> <span class='ocrx_word' id='word_1_201' title='bbox 1253 2229 1440 2274; x_wconf 87' lang='lat' dir='ltr'><strong>ordinate</strong></span> <span class='ocrx_word' id='word_1_202' title='bbox 1473 2232 1571 2273; x_wconf 87' lang='lat' dir='ltr'><strong>sunt</strong></span> <span class='ocrx_word' id='word_1_203' title='bbox 1598 2230 1688 2274; x_wconf 87' lang='lat'><strong>460</strong></span> <span class='ocrx_word' id='word_1_204' title='bbox 1716 2232 1868 2278; x_wconf 73' lang='lat' dir='ltr'><strong>turres.</strong></span> 
     </span>
     <span class='ocr_line' id='line_1_28' title="bbox 311 2306 1868 2365; baseline 0.001 -15"><span class='ocrx_word' id='word_1_205' title='bbox 311 2306 392 2351; x_wconf 93' lang='lat' dir='ltr'><strong>Hic</strong></span> <span class='ocrx_word' id='word_1_206' title='bbox 431 2321 575 2351; x_wconf 86' lang='lat' dir='ltr'><strong>murus</strong></span> <span class='ocrx_word' id='word_1_207' title='bbox 610 2322 655 2353; x_wconf 89' lang='lat' dir='ltr'><strong>se</strong></span> <span class='ocrx_word' id='word_1_208' title='bbox 685 2308 944 2353; x_wconf 86' lang='lat' dir='ltr'><strong>intuentibus</strong></span> <span class='ocrx_word' id='word_1_209' title='bbox 974 2311 1193 2353; x_wconf 88' lang='lat' dir='ltr'><strong>venustate</strong></span> <span class='ocrx_word' id='word_1_210' title='bbox 1223 2306 1536 2365; x_wconf 86' lang='lat' dir='ltr'><strong>compositionis</strong></span> <span class='ocrx_word' id='word_1_211' title='bbox 1566 2320 1667 2352; x_wconf 84' lang='lat' dir='ltr'><strong>suae</strong></span> <span class='ocrx_word' id='word_1_212' title='bbox 1697 2307 1868 2364; x_wconf 82' lang='lat' dir='ltr'><strong>arridet,</strong></span> 
     </span>
     <span class='ocr_line' id='line_1_29' title="bbox 313 2383 1870 2443; baseline 0.001 -15"><span class='ocrx_word' id='word_1_213' title='bbox 313 2388 355 2428; x_wconf 91' lang='lat' dir='ltr'><strong>et</strong></span> <span class='ocrx_word' id='word_1_214' title='bbox 385 2385 599 2442; x_wconf 88' lang='lat' dir='ltr'><strong>spaciosus</strong></span> <span class='ocrx_word' id='word_1_215' title='bbox 631 2389 696 2430; x_wconf 89' lang='lat' dir='ltr'><strong>est</strong></span> <span class='ocrx_word' id='word_1_216' title='bbox 724 2385 946 2430; x_wconf 88' lang='lat' dir='ltr'><strong>latitudine</strong></span> <span class='ocrx_word' id='word_1_217' title='bbox 975 2386 1101 2430; x_wconf 87' lang='lat' dir='ltr'><strong>nimis</strong></span> <span class='ocrx_word' id='word_1_218' title='bbox 1122 2384 1275 2443; x_wconf 88' lang='lat' dir='ltr'><strong>ampla.</strong></span> <span class='ocrx_word' id='word_1_219' title='bbox 1323 2383 1598 2429; x_wconf 90' lang='lat' dir='ltr'><strong>Continentur</strong></span> <span class='ocrx_word' id='word_1_220' title='bbox 1616 2384 1730 2428; x_wconf 88' lang='lat' dir='ltr'><strong>intra</strong></span> <span class='ocrx_word' id='word_1_221' title='bbox 1748 2387 1870 2443; x_wconf 81' lang='lat' dir='ltr'><strong>septa</strong></span> 
     </span>
     <span class='ocr_line' id='line_1_30' title="bbox 311 2460 1868 2520; baseline 0.001 -14"><span class='ocrx_word' id='word_1_222' title='bbox 311 2475 528 2507; x_wconf 89' lang='lat' dir='ltr'><strong>murorum</strong></span> <span class='ocrx_word' id='word_1_223' title='bbox 557 2465 586 2506; x_wconf 90' lang='lat'>4</span> <span class='ocrx_word' id='word_1_224' title='bbox 615 2467 778 2508; x_wconf 89' lang='lat' dir='ltr'><strong>montes</strong></span> <span class='ocrx_word' id='word_1_225' title='bbox 809 2464 952 2520; x_wconf 86' lang='lat' dir='ltr'><strong>magni</strong></span> <span class='ocrx_word' id='word_1_226' title='bbox 981 2467 1024 2507; x_wconf 87' lang='lat' dir='ltr'><strong>et</strong></span> <span class='ocrx_word' id='word_1_227' title='bbox 1052 2463 1098 2507; x_wconf 94' lang='lat' dir='ltr'><strong>in</strong></span> <span class='ocrx_word' id='word_1_228' title='bbox 1125 2462 1256 2507; x_wconf 87' lang='lat' dir='ltr'><strong>altum</strong></span> <span class='ocrx_word' id='word_1_229' title='bbox 1278 2462 1519 2507; x_wconf 87' lang='lat' dir='ltr'><strong>eminentes.</strong></span> <span class='ocrx_word' id='word_1_230' title='bbox 1567 2461 1615 2505; x_wconf 90' lang='lat' dir='ltr'><strong>In</strong></span> <span class='ocrx_word' id='word_1_231' title='bbox 1634 2460 1775 2506; x_wconf 84' lang='lat' dir='ltr'><strong>altiori</strong></span> <span class='ocrx_word' id='word_1_232' title='bbox 1793 2461 1868 2507; x_wconf 88' lang='lat' dir='ltr'><strong>ho-</strong></span> 
     </span>
     <span class='ocr_line' id='line_1_31' title="bbox 311 2538 1868 2599; baseline 0.001 -14"><span class='ocrx_word' id='word_1_233' title='bbox 311 2553 407 2585; x_wconf 90' lang='lat' dir='ltr'><strong>rum</strong></span> <span class='ocrx_word' id='word_1_234' title='bbox 437 2540 655 2585; x_wconf 87' lang='lat' dir='ltr'><strong>castellum</strong></span> <span class='ocrx_word' id='word_1_235' title='bbox 684 2541 867 2585; x_wconf 82' lang='lat' dir='ltr'><strong>naturali</strong></span> <span class='ocrx_word' id='word_1_236' title='bbox 895 2541 1104 2599; x_wconf 91' lang='lat' dir='ltr'><strong>positione</strong></span> <span class='ocrx_word' id='word_1_237' title='bbox 1133 2541 1354 2596; x_wconf 82' lang='lat' dir='ltr'><strong>munitum,</strong></span> <span class='ocrx_word' id='word_1_238' title='bbox 1386 2538 1497 2596; x_wconf 90' lang='lat' dir='ltr'><strong>quod</strong></span> <span class='ocrx_word' id='word_1_239' title='bbox 1525 2551 1602 2583; x_wconf 89' lang='lat' dir='ltr'><strong>nec</strong></span> <span class='ocrx_word' id='word_1_240' title='bbox 1625 2538 1868 2587; x_wconf 87' lang='lat' dir='ltr'><strong>bellicosum</strong></span> 
     </span>
     <span class='ocr_line' id='line_1_32' title="bbox 312 2616 1866 2676; baseline -0.001 -14"><span class='ocrx_word' id='word_1_241' title='bbox 312 2618 434 2662; x_wconf 87' lang='lat' dir='ltr'><strong>timet</strong></span> <span class='ocrx_word' id='word_1_242' title='bbox 462 2619 652 2676; x_wconf 90' lang='lat' dir='ltr'><strong>inpetum</strong></span> <span class='ocrx_word' id='word_1_243' title='bbox 682 2632 758 2663; x_wconf 89' lang='lat' dir='ltr'><strong>nec</strong></span> <span class='ocrx_word' id='word_1_244' title='bbox 789 2619 1010 2663; x_wconf 89' lang='lat' dir='ltr'><strong>cuiuslibet</strong></span> <span class='ocrx_word' id='word_1_245' title='bbox 1031 2617 1350 2662; x_wconf 85' lang='lat' dir='ltr'><strong>machinationis</strong></span> <span class='ocrx_word' id='word_1_246' title='bbox 1369 2616 1595 2671; x_wconf 83' lang='lat' dir='ltr'><strong>ingenium.</strong></span> <span class='ocrx_word' id='word_1_247' title='bbox 1643 2616 1866 2661; x_wconf 61' lang='lat' dir='ltr'><strong>Trecentos</strong></span> 
     </span>
     <span class='ocr_line' id='line_1_33' title="bbox 313 2693 1868 2751; baseline -0.001 -12"><span class='ocrx_word' id='word_1_248' title='bbox 313 2699 355 2739; x_wconf 92' lang='lat' dir='ltr'><strong>et</strong></span> <span class='ocrx_word' id='word_1_249' title='bbox 393 2697 452 2740; x_wconf 88' lang='grc'><strong>60</strong></span> <span class='ocrx_word' id='word_1_250' title='bbox 489 2695 684 2741; x_wconf 88' lang='lat' dir='ltr'><strong>ecclesias</strong></span> <span class='ocrx_word' id='word_1_251' title='bbox 722 2696 883 2741; x_wconf 87' lang='lat' dir='ltr'><strong>obtinet</strong></span> <span class='ocrx_word' id='word_1_252' title='bbox 916 2696 962 2740; x_wconf 91' lang='lat' dir='ltr'><strong>in</strong></span> <span class='ocrx_word' id='word_1_253' title='bbox 991 2696 1057 2740; x_wconf 89' lang='lat' dir='ltr'><strong>sui</strong></span> <span class='ocrx_word' id='word_1_254' title='bbox 1088 2694 1256 2740; x_wconf 89' lang='lat' dir='ltr'><strong>confinii</strong></span> <span class='ocrx_word' id='word_1_255' title='bbox 1284 2694 1516 2750; x_wconf 86' lang='lat' dir='ltr'><strong>territorio,</strong></span> <span class='ocrx_word' id='word_1_256' title='bbox 1555 2697 1598 2738; x_wconf 89' lang='lat' dir='ltr'><strong>et</strong></span> <span class='ocrx_word' id='word_1_257' title='bbox 1626 2693 1868 2751; x_wconf 82' lang='lat' dir='ltr'><strong>patriarcha</strong></span> 
     </span>
     <span class='ocr_line' id='line_1_34' title="bbox 312 2770 1866 2832; baseline -0.001 -14"><span class='ocrx_word' id='word_1_258' title='bbox 312 2772 438 2818; x_wconf 90' lang='lat' dir='ltr'><strong>habet</strong></span> <span class='ocrx_word' id='word_1_259' title='bbox 480 2775 563 2818; x_wconf 81' lang='lat'><strong>153</strong></span> <span class='ocrx_word' id='word_1_260' title='bbox 602 2774 819 2832; x_wconf 89' lang='lat' dir='ltr'><strong>episcopos</strong></span> <span class='ocrx_word' id='word_1_261' title='bbox 856 2774 933 2818; x_wconf 91' lang='lat' dir='ltr'><strong>sub</strong></span> <span class='ocrx_word' id='word_1_262' title='bbox 970 2773 1210 2831; x_wconf 85' lang='lat' dir='ltr'><strong>principatu</strong></span> <span class='ocrx_word' id='word_1_263' title='bbox 1246 2785 1335 2817; x_wconf 87' lang='lat' dir='ltr'><strong>suo.</strong></span> <span class='ocrx_word' id='word_1_264' title='bbox 1394 2770 1463 2815; x_wconf 88' lang='lat' dir='ltr'><strong>Ab</strong></span> <span class='ocrx_word' id='word_1_265' title='bbox 1494 2771 1652 2815; x_wconf 89' lang='lat' dir='ltr'><strong>oriente</strong></span> <span class='ocrx_word' id='word_1_266' title='bbox 1682 2771 1866 2817; x_wconf 84' lang='lat' dir='ltr'><strong>civitatis</strong></span> 
     </span>
    </p>
   </div>
   <div class='ocr_carea' id='block_1_7' title="bbox 312 2855 1867 2994">
    <p class='ocr_par' dir='ltr' id='par_1_7' title="bbox 312 2855 1867 2994">
     <span class='ocr_line' id='line_1_35' title="bbox 410 2855 1867 2895; baseline 0.001 -9"><span class='ocrx_word' id='word_1_267' title='bbox 410 2865 436 2886; x_wconf 79' lang='lat' dir='ltr'><strong>a.</strong></span> <span class='ocrx_word' id='word_1_268' title='bbox 465 2856 665 2887; x_wconf 84' lang='lat' dir='ltr'><strong>sconsulimus</strong></span> <span class='ocrx_word' id='word_1_269' title='bbox 687 2869 713 2888; x_wconf 83' lang='lat' dir='ltr'><strong>c.</strong></span> <span class='ocrx_word' id='word_1_270' title='bbox 784 2857 815 2887; x_wconf 89' lang='lat' dir='ltr'><strong>b.</strong></span> <span class='ocrx_word' id='word_1_271' title='bbox 844 2857 956 2888; x_wconf 83' lang='lat' dir='ltr'><strong>divitus</strong></span> <span class='ocrx_word' id='word_1_272' title='bbox 978 2869 1004 2888; x_wconf 81' lang='lat' dir='ltr'><strong>c.</strong></span> <span class='ocrx_word' id='word_1_273' title='bbox 1077 2865 1103 2887; x_wconf 83' lang='lat' dir='ltr'><strong>c.</strong></span> <span class='ocrx_word' id='word_1_274' title='bbox 1132 2857 1199 2887; x_wconf 75' lang='lat' dir='ltr'><strong>noc</strong></span> <span class='ocrx_word' id='word_1_275' title='bbox 1218 2856 1387 2886; x_wconf 72' lang='grc' dir='ltr'><strong>νοείεἰοιίιαπ</strong></span> <span class='ocrx_word' id='word_1_276' title='bbox 1409 2855 1531 2895; x_wconf 70' lang='lat' dir='ltr'><strong>attingit</strong></span> <span class='ocrx_word' id='word_1_277' title='bbox 1552 2856 1640 2884; x_wconf 76' lang='lat' dir='ltr'><strong>etiam</strong></span> <span class='ocrx_word' id='word_1_278' title='bbox 1664 2857 1734 2886; x_wconf 74' lang='lat' dir='ltr'><strong>ouo</strong></span> <span class='ocrx_word' id='word_1_279' title='bbox 1755 2855 1867 2887; x_wconf 62' lang='lat' dir='ltr'><strong>Mi·-</strong></span> 
     </span>
     <span class='ocr_line' id='line_1_36' title="bbox 312 2906 1863 2951; baseline 0.001 -13"><span class='ocrx_word' id='word_1_280' title='bbox 312 2910 414 2950; x_wconf 71' lang='lat' dir='ltr'><strong>3enn⁸e</strong></span> <span class='ocrx_word' id='word_1_281' title='bbox 435 2911 465 2939; x_wconf 77' lang='grc' dir='ltr'><strong>ιἰι</strong></span> <span class='ocrx_word' id='word_1_282' title='bbox 484 2912 614 2951; x_wconf 77' lang='lat' dir='ltr'><strong>prologo</strong></span> <span class='ocrx_word' id='word_1_283' title='bbox 638 2911 727 2942; x_wconf 75' lang='lat' dir='ltr'><strong>Vitae</strong></span> <span class='ocrx_word' id='word_1_284' title='bbox 749 2911 899 2941; x_wconf 72' lang='lat' dir='ltr'><strong>Fn‘dericn&#39;</strong></span> <span class='ocrx_word' id='word_1_285' title='bbox 917 2912 942 2941; x_wconf 90' lang='lat'><strong>1.</strong></span> <span class='ocrx_word' id='word_1_286' title='bbox 976 2911 1066 2942; x_wconf 72' lang='lat' dir='ltr'><strong>Cuius</strong></span> <span class='ocrx_word' id='word_1_287' title='bbox 1086 2911 1204 2940; x_wconf 65' lang='grc' dir='ltr'><strong>νοτίω-</strong></span> <span class='ocrx_word' id='word_1_288' title='bbox 1225 2909 1377 2938; x_wconf 70' lang='lat' dir='ltr'><strong>lectionem</strong></span> <span class='ocrx_word' id='word_1_289' title='bbox 1400 2909 1510 2943; x_wconf 72' lang='lat' dir='ltr'><strong>afferre</strong></span> <span class='ocrx_word' id='word_1_290' title='bbox 1530 2908 1623 2938; x_wconf 69' lang='lat' dir='ltr'><strong>mitto.</strong></span> <span class='ocrx_word' id='word_1_291' title='bbox 1706 2907 1738 2938; x_wconf 82' lang='lat' dir='ltr'><strong>d.</strong></span> <span class='ocrx_word' id='word_1_292' title='bbox 1758 2906 1863 2939; x_wconf 66' lang='lat' dir='ltr'><strong>eadm</strong></span> 
     </span>
     <span class='ocr_line' id='line_1_37' title="bbox 313 2959 1426 2994; baseline -0.002 -2"><span class='ocrx_word' id='word_1_293' title='bbox 313 2972 419 2993; x_wconf 73' lang='lat' dir='ltr'><strong>manue</strong></span> <span class='ocrx_word' id='word_1_294' title='bbox 441 2962 584 2994; x_wconf 68' lang='lat' dir='ltr'><strong>addidice</strong></span> <span class='ocrx_word' id='word_1_295' title='bbox 604 2962 688 2994; x_wconf 76' lang='lat' dir='ltr'><strong>Finis</strong></span> <span class='ocrx_word' id='word_1_296' title='bbox 709 2962 816 2994; x_wconf 66' lang='lat' dir='ltr'><strong>harum</strong></span> <span class='ocrx_word' id='word_1_297' title='bbox 835 2962 887 2994; x_wconf 81' lang='lat' dir='ltr'><strong>hic</strong></span> <span class='ocrx_word' id='word_1_298' title='bbox 907 2964 955 2994; x_wconf 80' lang='lat' dir='ltr'><strong>cst</strong></span> <span class='ocrx_word' id='word_1_299' title='bbox 975 2964 1007 2993; x_wconf 75' lang='lat' dir='ltr'><strong>et</strong></span> <span class='ocrx_word' id='word_1_300' title='bbox 1027 2962 1082 2993; x_wconf 80' lang='lat' dir='ltr'><strong>sic.</strong></span> <span class='ocrx_word' id='word_1_301' title='bbox 1164 2971 1192 2993; x_wconf 73' lang='grc' dir='ltr'><strong>ο.</strong></span> <span class='ocrx_word' id='word_1_302' title='bbox 1210 2959 1377 2993; x_wconf 66' lang='lat' dir='ltr'><strong>Autodike</strong></span> <span class='ocrx_word' id='word_1_303' title='bbox 1399 2972 1426 2990; x_wconf 88' lang='lat' dir='ltr'><strong>c.</strong></span> 
     </span>
    </p>
   </div>
  </div>
 </body>
</html>
