1924 3262
313 178 370 222 96
778 191 977 222 wmALm
1005 189 1254 221 EPISTOLAE
1283 188 1333 221 14.
1355 188 1405 220 15.

150 288 239 323 1137
313 289 356 328 et
383 288 624 342 pervertere
653 285 1027 343 praesumpserint,
1060 287 1102 327 et
1132 283 1283 340 aliquis
1303 283 1380 328 tali
1398 283 1580 328 factione
1599 297 1691 330 sese
1709 283 1871 329 inu-udi

99 336 291 408 pugne-gost
312 363 571 419 permiserit,
607 363 763 418 sciatis,
795 376 870 406 nos
901 361 1071 419 plenam
1101 361 1152 406 de
1182 361 1301 406 vobis
1333 361 1626 406 auctoritatem
1653 365 1697 407 et
1725 374 1870 407 curam

311 444 547 484 retenturos
588 445 630 484 et
666 441 710 483 in
748 440 897 495 talem,
937 443 1139 496 tanquam
1174 439 1220 482 in
1249 440 1459 483 intrusum
1489 443 1531 483 et
1559 439 1799 484 invasorem
1827 441 1870 484 et

313 518 686 576 supplantatorem,
718 531 794 561 nos
824 517 870 561 in
901 517 1093 561 omnibus
1123 517 1310 561 conciliis
1342 520 1384 562 et
1415 517 1555 573 curiis,
1587 520 1630 561 et
1653 516 1752 564 viva
1769 530 1871 562 voce

313 599 356 640 et
385 597 566 654 scriptis,
598 609 763 653 semper
794 598 972 638 acturos.
1063 594 1129 639 De
1158 595 1283 639 rebus
1315 598 1456 639 autem
1485 594 1733 640 monasterii
1751 594 1873 645 vobis

313 673 511 729 dicimus,
548 687 602 717 ne
638 674 747 717 forte
778 672 929 729 aliquis
961 686 1012 716 ex
1041 671 1162 716 nobis
1194 676 1267 716 aut
1296 677 1470 730 propter
1499 686 1577 717 nos
1609 672 1873 734 occasionem

312 751 414 795 mali
445 751 646 808 accipiat,
686 750 796 807 quod
828 750 1065 807 quindecim
1094 753 1259 794 tantum
1289 763 1454 795 marcas
1485 751 1650 807 argenti
1679 750 1736 797 ad
1761 750 1872 795 tanti

313 843 517 886 expensas
547 828 712 872 itineris
742 828 862 873 nobis
893 828 1070 872 domnus
1101 828 1282 872 decanus
1295 826 1305 845 ¹
1336 832 1378 872 et
1407 829 1558 873 fratres
1588 828 1724 873 nostri
1746 841 1874 887 prae-

312 907 504 950 buerunt.
552 906 728 950 Caetera
754 920 854 951 vero
885 907 1027 950 omnia
1057 909 1099 950 et
1127 906 1211 963 ipsi
1241 906 1292 950 de
1323 906 1519 950 thesauro
1551 909 1809 965 acceperunt,
1829 909 1875 951 et

312 998 389 1041 per
435 998 480 1028 se
524 985 570 1028 in
613 988 703 1028 tam
746 984 891 1028 multis
930 988 973 1028 et
1008 985 1172 1040 magnis
1211 984 1529 1029 necessitatibus
1567 984 1875 1043 expenderunt.-¹

314 1061 486 1106 Servate
516 1065 718 1118 nostram,
748 1062 794 1106 id
824 1066 888 1106 est
917 1065 1103 1106 vestram
1133 1065 1175 1106 et
1204 1075 1357 1118 meam,
1387 1062 1434 1106 in
1459 1061 1778 1107 remunerandis
1795 1061 1871 1108 ho·-

311 1140 509 1199 minibus,
541 1140 613 1197 qui
632 1140 752 1184 nobis
773 1140 1019 1196 servierunt,
1050 1140 1219 1184 famam.
1269 1139 1442 1184 Servate
1461 1139 1591 1184 michi
1610 1138 1873 1186 Gualterium

311 1232 466 1274 meum,
500 1219 572 1275 qui
603 1218 714 1275 apud
743 1231 818 1263 vos
848 1217 1039 1262 infirmus
1069 1218 1283 1262 remansit.
1399 1217 1464 1262 De
1494 1213 1723 1270 Rainaldo,²
1751 1217 1872 1262 inva-

313 1309 406 1340 sore
452 1299 494 1340 et
537 1296 706 1353 periuro
751 1295 954 1339 monacho
991 1309 1068 1340 nec
1104 1296 1262 1340 mentio
1300 1309 1486 1352 unquam
1523 1295 1636 1354 apud
1671 1308 1747 1340 vos
1782 1293 1871 1340 fiat.

312 1373 427 1418 Deus
457 1373 575 1431 pacis
607 1377 650 1418 et
678 1372 913 1418 dilectionis
943 1374 999 1418 sit
1030 1387 1196 1432 semper
1217 1387 1312 1418 cum
1333 1373 1525 1418 omnibus
1544 1373 1677 1419 vobis.
1709 1371 1875 1430 ValetQ

320 1569 396 1614 15.
429 1571 640 1614 Wibaldus
659 1571 880 1630 Raynaldo
903 1566 1226 1627 (Colementano)
1256 1585 1360 1613 novo
1385 1571 1524 1614 abbati
1545 1571 1756 1614 Casinems'
1770 1585 1872 1628 yra-

432 1649 597 1691 tulatur.
660 1648 847 1692 Ottonem
891 1649 1090 1691 decanum
1135 1655 1174 1690 et
1210 1649 1397 1690 nuntium
1441 1663 1560 1691 suum
1604 1648 1870 1691 commendat.

430 1727 613 1768 Anulum
644 1734 682 1769 et
708 1727 887 1783 siyillwm
915 1727 1082 1768 remittit
1090 1730 1117 1767 ¹.
1316 1766 1318 1768 ,
1715 1723 1788 1779 (M.
1808 1723 1871 1779 4.)

149 1820 240 1855 1137
430 1813 672 1858 Reverendo
703 1815 815 1872 patri
844 1809 1118 1872 R(aynaldo)⁸
1149 1814 1283 1857 sancti
1313 1813 1552 1857 casinensis
1583 1812 1768 1858 coenobii
1799 1827 1871 1859 ve-

89 1871 159 1908 p⁰⁵t
173 1870 249 1899 ΝΜ·
262 1869 492 1935 14nerabili
523 1889 686 1936 abbati⁴
716 1892 848 1936 frater
869 1891 1100 1935 Guibaldus
1121 1890 1202 1935 Dei
1231 1891 1367 1947 gratia
1388 1890 1648 1935 Stabulensis
1673 1889 1872 1936 ecclesiae

314 1982 458 2013 servus
489 1969 821 2013 benedictionem
852 1973 894 2014 et
923 1970 1055 2013 vitam
1085 1982 1218 2026 usque
1247 1969 1293 2012 in
1322 1968 1520 2013 seculum.

431 2046 624 2091 Electum
659 2047 760 2091 vosb
798 2048 1010 2091 communi
1046 2047 1225 2090 fratrum
1262 2046 1496 2090 coniventia
1535 2049 1578 2090 et
1612 2045 1658 2089 in
1697 2044 1872 2090 ecclesia

314 2124 532 2168 Casinensi
562 2124 811 2181 regulariter
841 2125 1079 2169 ordinatum
1112 2124 1340 2180 audientes,
1372 2123 1523 2180 gaudio
1550 2123 1684 2180 gavisi
1704 2137 1869 2179 sumus3

316 2202 471 2260 quippe
503 2203 588 2259 qui,
618 2202 719 2247 licet
749 2201 883 2246 officio
916 2202 1051 2246 eidem
1075 2201 1272 2246 ecclesiae
1294 2201 1588 2245 administrare
1609 2201 1870 2258 desierimus,

315 2279 465 2324 affectu
500 2283 644 2324 tamen
684 2283 728 2324 et
766 2279 1045 2324 sollicitudine
1083 2293 1168 2323 non
1204 2278 1427 2323 alteratum
1457 2278 1643 2322 animum
1672 2278 1879 2335 gerimus.

313 2358 550 2416 Eapropter
580 2372 654 2402 vos
684 2358 730 2402 in
759 2358 927 2402 nomine
948 2357 1119 2401 Domini
1151 2371 1226 2414 per
1255 2356 1495 2414 praesentia
1524 2355 1681 2413 scripta
1702 2355 1754 2401 ab
1773 2355 1871 2401 obe-

314 2435 485 2492 dientia,
517 2450 644 2493 quam
669 2435 790 2480 nobis
810 2435 1079 2493 promisistis,
1111 2435 1278 2479 omnino
1301 2433 1567 2490 absolvimuS,
1599 2437 1641 2477 et
1661 2433 1733 2490 qui
1751 2433 1869 2478 vobis

315 2513 538 2571 aliquando
569 2514 739 2570 indigne
769 2513 1041 2571 praefuimus,
1078 2513 1207 2556 vestri
1237 2511 1394 2556 subditi
1424 2514 1466 2555 et
1495 2510 1605 2555 servi
1636 2513 1679 2554 et
1708 2525 1798 2556 esse
1828 2513 1872 2556 et

315 2591 398 2635 dici
427 2605 512 2635 non
543 2591 837 2636 erubescimus.
960 2590 1309 2635 Commendamus
1341 2592 1481 2633 autem
1510 2591 1675 2632 vestrae
1704 2588 1871 2634 caritati

411 2702 438 2723 a.
463 2693 498 2723 V.
519 2704 612 2731 supra
631 2704 662 2732 p.
676 2693 716 2724 95
738 2705 766 2723 n.
779 2705 808 2723 u.
889 2692 919 2722 b.
941 2701 997 2722 nos
1019 2692 1065 2722 ed.
1086 2693 1219 2733 Angelus
1242 2691 1279 2722 de
1302 2691 1392 2721 Nuce.
1418 2728 1421 2729 ⁷

411 2756 442 2791 1.
468 2755 566 2793 Otto.
662 2757 697 2792 2.
723 2754 970 2800 Hetruriensi,
1002 2755 1145 2792 deiecto
1169 2753 1302 2791 abbate
1326 2751 1527 2790 casinensi.
1623 2753 1658 2789 3.
1684 2752 1870 2790 Colemen-

315 2818 414 2851 tano.
508 2815 544 2851 4.
569 2815 656 2851 circ.
683 2815 729 2851 14
752 2815 846 2852 Nov.
872 2815 963 2851 1137
988 2814 1113 2851 abbati
1137 2812 1326 2851 Casinensi
1350 2812 1479 2857 electo,
1504 2822 1587 2848 cum
1612 2812 1709 2858 „iam
1733 2811 1870 2850 duode-

316 2874 387 2910 cim
419 2873 499 2910 dies
521 2885 544 2910 a
568 2874 741 2911 Guibaldi
771 2884 918 2911 recessu
941 2873 1204 2911 transiissent.“
1242 2873 1340 2909 Petr.
1364 2870 1458 2908 diac.
1481 2870 1615 2909 Chron.
1639 2871 1722 2909 Cas.
1744 2871 1786 2908 L.
1803 2870 1869 2909 IV.

316 2942 349 2968 c.
371 2933 436 2969 128
459 2933 526 2970 1.1.
