<?xml version="1.0" encoding="UTF-8"?>
<!DOCTYPE html PUBLIC "-//W3C//DTD XHTML 1.0 Transitional//EN"
    "http://www.w3.org/TR/xhtml1/DTD/xhtml1-transitional.dtd">
<html xmlns="http://www.w3.org/1999/xhtml" xml:lang="en" lang="en">
 <head>
  <title>
</title>
<meta http-equiv="Content-Type" content="text/html;charset=utf-8" />
  <meta name='ocr-system' content='tesseract 3.04.00' />
  <meta name='ocr-capabilities' content='ocr_page ocr_carea ocr_par ocr_line ocrx_word'/>
</head>
<body>
  <div class='ocr_page' id='page_1' title='image "bibliothecarerum01wattuoft_0601.png"; bbox 0 0 1924 3288; ppageno 0'>
   <div class='ocr_carea' id='block_1_1' title="bbox 620 188 1685 232">
    <p class='ocr_par' dir='ltr' id='par_1_1' title="bbox 620 188 1685 232">
     <span class='ocr_line' id='line_1_1' title="bbox 620 188 1685 232; baseline 0.004 -4"><span class='ocrx_word' id='word_1_1' title='bbox 620 197 821 228; x_wconf 81' lang='lat' dir='ltr'>WIBALDI</span> <span class='ocrx_word' id='word_1_2' title='bbox 850 197 1071 229; x_wconf 77' lang='lat' dir='ltr'><strong>EPISTOLA</strong></span> <span class='ocrx_word' id='word_1_3' title='bbox 1102 197 1174 228; x_wconf 80' lang='lat'>451.</span> <span class='ocrx_word' id='word_1_4' title='bbox 1596 188 1685 232; x_wconf 87' lang='lat'><em>583</em></span> 
     </span>
    </p>
   </div>
   <div class='ocr_carea' id='block_1_2' title="bbox 114 334 1688 574">
    <p class='ocr_par' dir='ltr' id='par_1_2' title="bbox 114 334 1688 574">
     <span class='ocr_line' id='line_1_2' title="bbox 114 334 1686 420; baseline 0 -15"><span class='ocrx_word' id='word_1_5' title='bbox 114 334 234 405; x_wconf 81' lang='grc'><strong>451.</strong></span> <span class='ocrx_word' id='word_1_6' title='bbox 259 359 505 402; x_wconf 75' lang='lat' dir='ltr'><em>Wernlzerus</em></span> <span class='ocrx_word' id='word_1_7' title='bbox 549 361 765 418; x_wconf 80' lang='lat' dir='ltr'><em>episcopus</em></span> <span class='ocrx_word' id='word_1_8' title='bbox 803 360 1033 403; x_wconf 69' lang='lat' dir='ltr'><em>Mindon-sis</em></span> <span class='ocrx_word' id='word_1_9' title='bbox 1069 360 1337 404; x_wconf 76' lang='lat' dir='ltr'><em>Wiohmamio</em></span> <span class='ocrx_word' id='word_1_10' title='bbox 1378 361 1686 420; x_wconf 78' lang='lat' dir='ltr'><em>archiepiscopo</em></span> 
     </span>
     <span class='ocr_line' id='line_1_3' title="bbox 260 438 1688 498; baseline 0.001 -17"><span class='ocrx_word' id='word_1_11' title='bbox 260 438 611 496; x_wconf 71' lang='lat' dir='ltr'><em>Maydeburyensi</em></span> <span class='ocrx_word' id='word_1_12' title='bbox 648 445 816 481; x_wconf 74' lang='lat' dir='ltr'><em>excusat</em></span> <span class='ocrx_word' id='word_1_13' title='bbox 848 438 1090 496; x_wconf 74' lang='lat' dir='ltr'><em>Philippum</em></span> <span class='ocrx_word' id='word_1_14' title='bbox 1129 440 1364 496; x_wconf 81' lang='lat' dir='ltr'><em>episoopwm</em></span> <span class='ocrx_word' id='word_1_15' title='bbox 1397 439 1688 498; x_wconf 74' lang='lat' dir='ltr'><em>Osnabruyen·</em></span> 
     </span>
     <span class='ocr_line' id='line_1_4' title="bbox 259 515 1685 574; baseline 0.002 -16"><span class='ocrx_word' id='word_1_16' title='bbox 259 531 358 570; x_wconf 79' lang='lat' dir='ltr'><em>sem,</em></span> <span class='ocrx_word' id='word_1_17' title='bbox 382 517 431 559; x_wconf 82' lang='lat' dir='ltr'><em>ob</em></span> <span class='ocrx_word' id='word_1_18' title='bbox 451 517 724 561; x_wconf 82' lang='lat' dir='ltr'><em>valetudinem</em></span> <span class='ocrx_word' id='word_1_19' title='bbox 745 516 1060 574; x_wconf 72' lang='lat' dir='ltr'><em>Merseburyum</em></span> <span class='ocrx_word' id='word_1_20' title='bbox 1079 532 1163 559; x_wconf 78' lang='lat' dir='ltr'><em>non</em></span> <span class='ocrx_word' id='word_1_21' title='bbox 1183 517 1419 560; x_wconf 78' lang='lat' dir='ltr'><em>venientem.</em></span> <span class='ocrx_word' id='word_1_22' title='bbox 1476 515 1549 571; x_wconf 89' lang='lat' dir='ltr'><em>(M.</em></span> <span class='ocrx_word' id='word_1_23' title='bbox 1566 517 1685 571; x_wconf 83' lang='lat'>419.)</span> 
     </span>
    </p>
   </div>
   <div class='ocr_carea' id='block_1_3' title="bbox 103 615 1802 2712">
    <p class='ocr_par' dir='ltr' id='par_1_3' title="bbox 108 615 1802 908">
     <span class='ocr_line' id='line_1_5' title="bbox 229 615 1802 674; baseline 0.002 -14"><span class='ocrx_word' id='word_1_24' title='bbox 229 615 472 660; x_wconf 85' lang='lat' dir='ltr'><em>Reverendo</em></span> <span class='ocrx_word' id='word_1_25' title='bbox 505 617 674 661; x_wconf 91' lang='lat' dir='ltr'><em>domino</em></span> <span class='ocrx_word' id='word_1_26' title='bbox 700 620 869 661; x_wconf 90' lang='lat' dir='ltr'><em>sanctae</em></span> <span class='ocrx_word' id='word_1_27' title='bbox 889 616 1306 674; x_wconf 89' lang='lat' dir='ltr'><em>Magetheburgensis</em></span> <span class='ocrx_word' id='word_1_28' title='bbox 1329 617 1528 663; x_wconf 84' lang='lat' dir='ltr'><em>ecclesiae</em></span> <span class='ocrx_word' id='word_1_29' title='bbox 1549 619 1685 663; x_wconf 88' lang='lat' dir='ltr'><em>archi·</em></span> <span class='ocrx_word' id='word_1_30' title='bbox 1710 627 1802 664; x_wconf 82' lang='lat'>1157</span> 
     </span>
     <span class='ocr_line' id='line_1_6' title="bbox 111 677 1788 753; baseline 0.002 -15"><span class='ocrx_word' id='word_1_31' title='bbox 111 694 308 752; x_wconf 89' lang='lat' dir='ltr'><em>episcopo</em></span> <span class='ocrx_word' id='word_1_32' title='bbox 329 693 620 751; x_wconf 89' lang='lat' dir='ltr'><em>W(ernherus)</em></span> <span class='ocrx_word' id='word_1_33' title='bbox 652 709 729 753; x_wconf 91' lang='lat' dir='ltr'><em>per</em></span> <span class='ocrx_word' id='word_1_34' title='bbox 759 696 1092 740; x_wconf 85' lang='lat' dir='ltr'><em>misericordiam</em></span> <span class='ocrx_word' id='word_1_35' title='bbox 1112 696 1194 740; x_wconf 90' lang='lat' dir='ltr'><em>Dei</em></span> <span class='ocrx_word' id='word_1_36' title='bbox 1223 696 1281 752; x_wconf 90' lang='lat' dir='ltr'><em>id,</em></span> <span class='ocrx_word' id='word_1_37' title='bbox 1315 697 1426 753; x_wconf 89' lang='lat' dir='ltr'><em>quod</em></span> <span class='ocrx_word' id='word_1_38' title='bbox 1457 700 1521 741; x_wconf 89' lang='lat' dir='ltr'><em>est</em></span> <span class='ocrx_word' id='word_1_39' title='bbox 1549 697 1596 741; x_wconf 91' lang='lat' dir='ltr'><em>in</em></span> <span class='ocrx_word' id='word_1_40' title='bbox 1619 711 1685 742; x_wconf 87' lang='lat' dir='ltr'><em>ec-</em></span> <span class='ocrx_word' id='word_1_41' title='bbox 1724 677 1788 708; x_wconf 53' lang='grc' dir='ltr'><em>Μ’</em></span> 
     </span>
     <span class='ocr_line' id='line_1_7' title="bbox 110 771 1684 830; baseline 0.002 -13"><span class='ocrx_word' id='word_1_42' title='bbox 110 773 238 817; x_wconf 89' lang='lat' dir='ltr'><em>clesia</em></span> <span class='ocrx_word' id='word_1_43' title='bbox 266 771 496 830; x_wconf 87' lang='lat' dir='ltr'><em>Mindensi,</em></span> <span class='ocrx_word' id='word_1_44' title='bbox 536 774 727 818; x_wconf 89' lang='lat' dir='ltr'><em>assiduas</em></span> <span class='ocrx_word' id='word_1_45' title='bbox 759 775 970 819; x_wconf 90' lang='lat' dir='ltr'><em>orationes</em></span> <span class='ocrx_word' id='word_1_46' title='bbox 1000 775 1045 818; x_wconf 94' lang='lat' dir='ltr'><em>in</em></span> <span class='ocrx_word' id='word_1_47' title='bbox 1064 774 1258 819; x_wconf 90' lang='lat' dir='ltr'><em>-Domino</em></span> <span class='ocrx_word' id='word_1_48' title='bbox 1289 787 1386 818; x_wconf 89' lang='lat' dir='ltr'><em>cum</em></span> <span class='ocrx_word' id='word_1_49' title='bbox 1415 774 1530 820; x_wconf 90' lang='lat' dir='ltr'><em>fideli</em></span> <span class='ocrx_word' id='word_1_50' title='bbox 1560 776 1684 821; x_wconf 90' lang='lat' dir='ltr'><em>devo-</em></span> 
     </span>
     <span class='ocr_line' id='line_1_8' title="bbox 108 851 479 908; baseline -0.003 -13"><span class='ocrx_word' id='word_1_51' title='bbox 108 851 237 895; x_wconf 89' lang='lat' dir='ltr'><em>tionis</em></span> <span class='ocrx_word' id='word_1_52' title='bbox 269 851 479 908; x_wconf 88' lang='lat' dir='ltr'><em>obsequio.</em></span> 
     </span>
    </p>

    <p class='ocr_par' dir='ltr' id='par_1_4' title="bbox 103 929 1693 2712">
     <span class='ocr_line' id='line_1_9' title="bbox 228 929 1686 989; baseline 0.003 -16"><span class='ocrx_word' id='word_1_53' title='bbox 228 929 498 987; x_wconf 87' lang='lat' dir='ltr'><em>Apostolicae</em></span> <span class='ocrx_word' id='word_1_54' title='bbox 537 930 627 974; x_wconf 89' lang='lat' dir='ltr'><em>sedi</em></span> <span class='ocrx_word' id='word_1_55' title='bbox 658 944 826 974; x_wconf 91' lang='lat' dir='ltr'><em>omnem</em></span> <span class='ocrx_word' id='word_1_56' title='bbox 854 931 1136 975; x_wconf 89' lang='lat' dir='ltr'><em>reverentiam</em></span> <span class='ocrx_word' id='word_1_57' title='bbox 1168 933 1211 974; x_wconf 91' lang='lat' dir='ltr'><em>et</em></span> <span class='ocrx_word' id='word_1_58' title='bbox 1241 933 1406 975; x_wconf 88' lang='lat' dir='ltr'><em>vestrae</em></span> <span class='ocrx_word' id='word_1_59' title='bbox 1435 933 1686 989; x_wconf 78' lang='lat' dir='ltr'><em>paternitati</em></span> 
     </span>
     <span class='ocr_line' id='line_1_10' title="bbox 111 1008 1685 1067; baseline 0.003 -15"><span class='ocrx_word' id='word_1_60' title='bbox 111 1021 233 1052; x_wconf 89' lang='lat' dir='ltr'><em>omne</em></span> <span class='ocrx_word' id='word_1_61' title='bbox 266 1008 498 1052; x_wconf 84' lang='lat' dir='ltr'><em>devotionis</em></span> <span class='ocrx_word' id='word_1_62' title='bbox 530 1009 777 1065; x_wconf 86' lang='lat' dir='ltr'>obsequium</span> <span class='ocrx_word' id='word_1_63' title='bbox 808 1009 1005 1054; x_wconf 82' lang='lat' dir='ltr'><em>exhibere</em></span> <span class='ocrx_word' id='word_1_64' title='bbox 1035 1009 1274 1067; x_wconf 89' lang='lat' dir='ltr'><em>cupientes,</em></span> <span class='ocrx_word' id='word_1_65' title='bbox 1311 1010 1479 1055; x_wconf 89' lang='lat' dir='ltr'><em>divinae</em></span> <span class='ocrx_word' id='word_1_66' title='bbox 1509 1011 1685 1056; x_wconf 89' lang='lat' dir='ltr'><em>misera—</em></span> 
     </span>
     <span class='ocr_line' id='line_1_11' title="bbox 108 1086 1686 1147; baseline 0.002 -16"><span class='ocrx_word' id='word_1_67' title='bbox 108 1086 215 1131; x_wconf 93' lang='lat' dir='ltr'><em>tioni</em></span> <span class='ocrx_word' id='word_1_68' title='bbox 246 1087 404 1142; x_wconf 85' lang='lat' dir='ltr'>gratias</span> <span class='ocrx_word' id='word_1_69' title='bbox 426 1086 661 1143; x_wconf 82' lang='lat' dir='ltr'><strong>referimus,</strong></span> <span class='ocrx_word' id='word_1_70' title='bbox 694 1088 806 1144; x_wconf 87' lang='lat' dir='ltr'><em>quod</em></span> <span class='ocrx_word' id='word_1_71' title='bbox 826 1088 1004 1131; x_wconf 90' lang='lat' dir='ltr'><em>domnus</em></span> <span class='ocrx_word' id='word_1_72' title='bbox 1024 1102 1138 1146; x_wconf 91' lang='lat' dir='ltr'><em>papa</em></span> <span class='ocrx_word' id='word_1_73' title='bbox 1159 1088 1262 1131; x_wconf 88' lang='lat' dir='ltr'><em>adeo</em></span> <span class='ocrx_word' id='word_1_74' title='bbox 1283 1091 1469 1134; x_wconf 88' lang='lat' dir='ltr'><em>vestram</em></span> <span class='ocrx_word' id='word_1_75' title='bbox 1488 1089 1686 1147; x_wconf 89' lang='lat' dir='ltr'><em>probavit</em></span> 
     </span>
     <span class='ocr_line' id='line_1_12' title="bbox 110 1165 1684 1223; baseline 0.003 -15"><span class='ocrx_word' id='word_1_76' title='bbox 110 1165 427 1223; x_wconf 80' lang='lat' dir='ltr'><em>experientiam,</em></span> <span class='ocrx_word' id='word_1_77' title='bbox 460 1168 507 1208; x_wconf 95' lang='lat' dir='ltr'><em>ut</em></span> <span class='ocrx_word' id='word_1_78' title='bbox 539 1165 624 1209; x_wconf 86' lang='lat' dir='ltr'><em>alta</em></span> <span class='ocrx_word' id='word_1_79' title='bbox 655 1169 697 1210; x_wconf 90' lang='lat' dir='ltr'><em>et</em></span> <span class='ocrx_word' id='word_1_80' title='bbox 721 1166 918 1210; x_wconf 89' lang='lat' dir='ltr'><em>sublimia</em></span> <span class='ocrx_word' id='word_1_81' title='bbox 938 1166 1236 1210; x_wconf 82' lang='lat' dir='ltr'>aecclesiarum</span> <span class='ocrx_word' id='word_1_82' title='bbox 1255 1168 1425 1222; x_wconf 91' lang='lat' dir='ltr'><em>negotia</em></span> <span class='ocrx_word' id='word_1_83' title='bbox 1445 1168 1499 1211; x_wconf 93' lang='lat' dir='ltr'><em>ad</em></span> <span class='ocrx_word' id='word_1_84' title='bbox 1518 1171 1684 1213; x_wconf 88' lang='lat' dir='ltr'><em>vestrae</em></span> 
     </span>
     <span class='ocr_line' id='line_1_13' title="bbox 109 1243 1684 1302; baseline 0.002 -15"><span class='ocrx_word' id='word_1_85' title='bbox 109 1243 373 1288; x_wconf 80' lang='lat' dir='ltr'><em>discretionis</em></span> <span class='ocrx_word' id='word_1_86' title='bbox 394 1243 701 1287; x_wconf 84' lang='lat' dir='ltr'><em>transmitteret</em></span> <span class='ocrx_word' id='word_1_87' title='bbox 721 1243 996 1300; x_wconf 86' lang='lat' dir='ltr'><em>diligentiam.</em></span> <span class='ocrx_word' id='word_1_88' title='bbox 1039 1244 1302 1288; x_wconf 87' lang='lat' dir='ltr'><em>Venerabilis</em></span> <span class='ocrx_word' id='word_1_89' title='bbox 1324 1246 1533 1302; x_wconf 89' lang='lat' dir='ltr'><em>siquidem</em></span> <span class='ocrx_word' id='word_1_90' title='bbox 1551 1246 1684 1290; x_wconf 89' lang='lat' dir='ltr'><em>frater</em></span> 
     </span>
     <span class='ocr_line' id='line_1_14' title="bbox 108 1321 1682 1379; baseline 0.002 -13"><span class='ocrx_word' id='word_1_91' title='bbox 108 1326 252 1366; x_wconf 87' lang='lat' dir='ltr'><em>noster</em></span> <span class='ocrx_word' id='word_1_92' title='bbox 280 1321 501 1379; x_wconf 90' lang='lat' dir='ltr'><em>Philippus</em></span> <span class='ocrx_word' id='word_1_93' title='bbox 523 1321 883 1378; x_wconf 87' lang='lat' dir='ltr'><em>Osenbruggensis</em></span> <span class='ocrx_word' id='word_1_94' title='bbox 915 1323 1151 1379; x_wconf 89' lang='lat' dir='ltr'><em>episcopus,</em></span> <span class='ocrx_word' id='word_1_95' title='bbox 1183 1326 1369 1367; x_wconf 87' lang='lat' dir='ltr'><em>vestram</em></span> <span class='ocrx_word' id='word_1_96' title='bbox 1401 1338 1453 1367; x_wconf 86' lang='lat' dir='ltr'><em>ex</em></span> <span class='ocrx_word' id='word_1_97' title='bbox 1483 1325 1682 1369; x_wconf 88' lang='lat' dir='ltr'><em>mandato</em></span> 
     </span>
     <span class='ocr_line' id='line_1_15' title="bbox 107 1400 1681 1460; baseline 0.003 -17"><span class='ocrx_word' id='word_1_98' title='bbox 107 1400 251 1444; x_wconf 91' lang='lat' dir='ltr'><em>domni</em></span> <span class='ocrx_word' id='word_1_99' title='bbox 289 1413 425 1457; x_wconf 87' lang='lat' dir='ltr'><em>papae</em></span> <span class='ocrx_word' id='word_1_100' title='bbox 465 1400 654 1443; x_wconf 87' lang='lat' dir='ltr'><em>aditurus</em></span> <span class='ocrx_word' id='word_1_101' title='bbox 692 1401 970 1458; x_wconf 78' lang='lat' dir='ltr'><em>presentiam,</em></span> <span class='ocrx_word' id='word_1_102' title='bbox 1008 1401 1054 1444; x_wconf 91' lang='lat' dir='ltr'><em>in</em></span> <span class='ocrx_word' id='word_1_103' title='bbox 1084 1400 1297 1445; x_wconf 90' lang='lat' dir='ltr'><em>Mindensi</em></span> <span class='ocrx_word' id='word_1_104' title='bbox 1332 1401 1423 1446; x_wconf 91' lang='lat' dir='ltr'><em>loco</em></span> <span class='ocrx_word' id='word_1_105' title='bbox 1463 1403 1575 1460; x_wconf 90' lang='lat' dir='ltr'><em>apud</em></span> <span class='ocrx_word' id='word_1_106' title='bbox 1604 1417 1681 1447; x_wconf 91' lang='lat' dir='ltr'><em>nos</em></span> 
     </span>
     <span class='ocr_line' id='line_1_16' title="bbox 105 1478 1680 1536; baseline 0.003 -15"><span class='ocrx_word' id='word_1_107' title='bbox 105 1481 299 1536; x_wconf 91' lang='lat' dir='ltr'><em>receptus</em></span> <span class='ocrx_word' id='word_1_108' title='bbox 331 1481 396 1522; x_wconf 89' lang='lat' dir='ltr'><em>est</em></span> <span class='ocrx_word' id='word_1_109' title='bbox 424 1478 634 1535; x_wconf 86' lang='lat' dir='ltr'><em>hospici03</em></span> <span class='ocrx_word' id='word_1_110' title='bbox 668 1482 733 1522; x_wconf 89' lang='lat' dir='ltr'><em>set</em></span> <span class='ocrx_word' id='word_1_111' title='bbox 761 1479 808 1522; x_wconf 94' lang='lat' dir='ltr'><em>in</em></span> <span class='ocrx_word' id='word_1_112' title='bbox 837 1480 930 1536; x_wconf 89' lang='lat' dir='ltr'><em>ipso</em></span> <span class='ocrx_word' id='word_1_113' title='bbox 962 1492 1163 1536; x_wconf 87' lang='lat' dir='ltr'><em>processu</em></span> <span class='ocrx_word' id='word_1_114' title='bbox 1192 1480 1357 1524; x_wconf 91' lang='lat' dir='ltr'><em>itineris</em></span> <span class='ocrx_word' id='word_1_115' title='bbox 1378 1495 1535 1536; x_wconf 87' lang='lat' dir='ltr'><em>magna</em></span> <span class='ocrx_word' id='word_1_116' title='bbox 1553 1482 1680 1526; x_wconf 88' lang='lat' dir='ltr'><em>nimis</em></span> 
     </span>
     <span class='ocr_line' id='line_1_17' title="bbox 106 1556 1681 1614; baseline 0.003 -14"><span class='ocrx_word' id='word_1_117' title='bbox 106 1571 202 1601; x_wconf 90' lang='lat' dir='ltr'><em>eum</em></span> <span class='ocrx_word' id='word_1_118' title='bbox 241 1556 432 1612; x_wconf 85' lang='lat' dir='ltr'><em>egritudo</em></span> <span class='ocrx_word' id='word_1_119' title='bbox 464 1557 696 1614; x_wconf 85' lang='lat' dir='ltr'><em>occupavit.</em></span> <span class='ocrx_word' id='word_1_120' title='bbox 758 1556 882 1601; x_wconf 88' lang='lat' dir='ltr'><em>Prius</em></span> <span class='ocrx_word' id='word_1_121' title='bbox 914 1558 1084 1614; x_wconf 91' lang='lat' dir='ltr'><em>quidem</em></span> <span class='ocrx_word' id='word_1_122' title='bbox 1116 1558 1168 1602; x_wconf 93' lang='lat' dir='ltr'><em>ob</em></span> <span class='ocrx_word' id='word_1_123' title='bbox 1198 1559 1534 1614; x_wconf 85' lang='lat' dir='ltr'><em>magnitudinem</em></span> <span class='ocrx_word' id='word_1_124' title='bbox 1563 1559 1681 1604; x_wconf 87' lang='lat' dir='ltr'><em>infir-</em></span> 
     </span>
     <span class='ocr_line' id='line_1_18' title="bbox 105 1635 1680 1692; baseline 0.003 -14"><span class='ocrx_word' id='word_1_125' title='bbox 105 1635 266 1679; x_wconf 91' lang='lat' dir='ltr'><em>mitatis</em></span> <span class='ocrx_word' id='word_1_126' title='bbox 292 1645 406 1678; x_wconf 83' lang='lat' dir='ltr'><em>¹suae</em></span> <span class='ocrx_word' id='word_1_127' title='bbox 443 1635 598 1678; x_wconf 90' lang='lat' dir='ltr'><em>multas</em></span> <span class='ocrx_word' id='word_1_128' title='bbox 636 1635 853 1692; x_wconf 86' lang='lat' dir='ltr'><em>passiones</em></span> <span class='ocrx_word' id='word_1_129' title='bbox 894 1636 1115 1692; x_wconf 83' lang='lat' dir='ltr'><em>sustinuit,</em></span> <span class='ocrx_word' id='word_1_130' title='bbox 1157 1639 1222 1680; x_wconf 91' lang='lat' dir='ltr'><em>set</em></span> <span class='ocrx_word' id='word_1_131' title='bbox 1258 1651 1311 1680; x_wconf 82' lang='lat' dir='ltr'><em>ex</em></span> <span class='ocrx_word' id='word_1_132' title='bbox 1341 1637 1484 1682; x_wconf 89' lang='lat' dir='ltr'><em>labore</em></span> <span class='ocrx_word' id='word_1_133' title='bbox 1514 1638 1680 1683; x_wconf 89' lang='lat' dir='ltr'><em>itineris</em></span> 
     </span>
     <span class='ocr_line' id='line_1_19' title="bbox 107 1712 1677 1772; baseline 0.003 -15"><span class='ocrx_word' id='word_1_134' title='bbox 107 1713 253 1757; x_wconf 89' lang='lat' dir='ltr'><em>eadem</em></span> <span class='ocrx_word' id='word_1_135' title='bbox 282 1713 416 1770; x_wconf 90' lang='lat' dir='ltr'><em>ipsius</em></span> <span class='ocrx_word' id='word_1_136' title='bbox 448 1712 672 1757; x_wconf 91' lang='lat' dir='ltr'><em>infirmitas</em></span> <span class='ocrx_word' id='word_1_137' title='bbox 699 1727 833 1769; x_wconf 90' lang='lat' dir='ltr'><em>usque</em></span> <span class='ocrx_word' id='word_1_138' title='bbox 855 1714 908 1757; x_wconf 91' lang='lat' dir='ltr'><em>ad</em></span> <span class='ocrx_word' id='word_1_139' title='bbox 929 1714 1138 1759; x_wconf 82' lang='lat' dir='ltr'><em>defectum</em></span> <span class='ocrx_word' id='word_1_140' title='bbox 1159 1715 1346 1772; x_wconf 88' lang='lat' dir='ltr'><em>corporis</em></span> <span class='ocrx_word' id='word_1_141' title='bbox 1369 1716 1458 1759; x_wconf 89' lang='lat' dir='ltr'><em>eius</em></span> <span class='ocrx_word' id='word_1_142' title='bbox 1480 1717 1677 1761; x_wconf 88' lang='lat' dir='ltr'><em>excrevit.</em></span> 
     </span>
     <span class='ocr_line' id='line_1_20' title="bbox 104 1791 1679 1847; baseline 0.003 -12"><span class='ocrx_word' id='word_1_143' title='bbox 104 1791 267 1835; x_wconf 90' lang='lat' dir='ltr'><em>Eodem</em></span> <span class='ocrx_word' id='word_1_144' title='bbox 285 1791 429 1847; x_wconf 88' lang='lat' dir='ltr'><em>itaque</em></span> <span class='ocrx_word' id='word_1_145' title='bbox 449 1791 682 1835; x_wconf 88' lang='lat' dir='ltr'><em>venerabili</em></span> <span class='ocrx_word' id='word_1_146' title='bbox 701 1792 833 1835; x_wconf 85' lang='lat' dir='ltr'><em>fratre</em></span> <span class='ocrx_word' id='word_1_147' title='bbox 853 1795 997 1835; x_wconf 90' lang='lat' dir='ltr'><em>nostro</em></span> <span class='ocrx_word' id='word_1_148' title='bbox 1022 1792 1075 1835; x_wconf 89' lang='lat' dir='ltr'><em>ad</em></span> <span class='ocrx_word' id='word_1_149' title='bbox 1095 1792 1556 1838; x_wconf 89' lang='lat' dir='ltr'><em>Hildenesheimensem</em></span> <span class='ocrx_word' id='word_1_150' title='bbox 1577 1795 1679 1839; x_wconf 87' lang='lat' dir='ltr'><em>civi-</em></span> 
     </span>
     <span class='ocr_line' id='line_1_21' title="bbox 104 1868 1679 1929; baseline 0.003 -16"><span class='ocrx_word' id='word_1_151' title='bbox 104 1872 237 1913; x_wconf 87' lang='lat' dir='ltr'><em>tatem</em></span> <span class='ocrx_word' id='word_1_152' title='bbox 268 1868 558 1924; x_wconf 82' lang='lat' dir='ltr'><em>descendente,</em></span> <span class='ocrx_word' id='word_1_153' title='bbox 596 1872 638 1912; x_wconf 90' lang='lat' dir='ltr'><em>et</em></span> <span class='ocrx_word' id='word_1_154' title='bbox 666 1869 788 1913; x_wconf 90' lang='lat' dir='ltr'><em>nobis</em></span> <span class='ocrx_word' id='word_1_155' title='bbox 819 1870 909 1913; x_wconf 89' lang='lat' dir='ltr'><em>vias</em></span> <span class='ocrx_word' id='word_1_156' title='bbox 942 1870 1031 1914; x_wconf 88' lang='lat' dir='ltr'><em>eius</em></span> <span class='ocrx_word' id='word_1_157' title='bbox 1062 1871 1359 1915; x_wconf 82' lang='lat' dir='ltr'><em>comitantibus</em></span> <span class='ocrx_word' id='word_1_158' title='bbox 1391 1874 1433 1915; x_wconf 89' lang='lat' dir='ltr'><em>et</em></span> <span class='ocrx_word' id='word_1_159' title='bbox 1460 1887 1594 1929; x_wconf 90' lang='lat' dir='ltr'><em>usque</em></span> <span class='ocrx_word' id='word_1_160' title='bbox 1625 1874 1679 1917; x_wconf 90' lang='lat' dir='ltr'><em>ad</em></span> 
     </span>
     <span class='ocr_line' id='line_1_22' title="bbox 107 1947 1677 2008; baseline 0.003 -18"><span class='ocrx_word' id='word_1_161' title='bbox 107 1950 323 2005; x_wconf 87' lang='lat' dir='ltr'><em>aspectum</em></span> <span class='ocrx_word' id='word_1_162' title='bbox 343 1949 530 1990; x_wconf 90' lang='lat' dir='ltr'><em>vestrum</em></span> <span class='ocrx_word' id='word_1_163' title='bbox 560 1947 702 2004; x_wconf 90' lang='lat' dir='ltr'><em>ipsum</em></span> <span class='ocrx_word' id='word_1_164' title='bbox 730 1948 959 2005; x_wconf 90' lang='lat' dir='ltr'><em>perducere</em></span> <span class='ocrx_word' id='word_1_165' title='bbox 980 1948 1231 2004; x_wconf 90' lang='lat' dir='ltr'><em>volentibus,</em></span> <span class='ocrx_word' id='word_1_166' title='bbox 1261 1952 1382 1993; x_wconf 90' lang='lat' dir='ltr'><em>tanta</em></span> <span class='ocrx_word' id='word_1_167' title='bbox 1400 1950 1522 1994; x_wconf 90' lang='lat' dir='ltr'><em>nobis</em></span> <span class='ocrx_word' id='word_1_168' title='bbox 1542 1951 1677 2008; x_wconf 90' lang='lat' dir='ltr'><em>ipsius</em></span> 
     </span>
     <span class='ocr_line' id='line_1_23' title="bbox 106 2025 1676 2084; baseline 0.002 -14"><span class='ocrx_word' id='word_1_169' title='bbox 106 2025 296 2081; x_wconf 84' lang='lat' dir='ltr'><em>egritudo</em></span> <span class='ocrx_word' id='word_1_170' title='bbox 325 2025 522 2080; x_wconf 91' lang='lat' dir='ltr'><em>innotuit,</em></span> <span class='ocrx_word' id='word_1_171' title='bbox 554 2025 665 2081; x_wconf 88' lang='lat' dir='ltr'><em>quod</em></span> <span class='ocrx_word' id='word_1_172' title='bbox 685 2025 924 2069; x_wconf 90' lang='lat' dir='ltr'><em>nullatenus</em></span> <span class='ocrx_word' id='word_1_173' title='bbox 944 2027 1171 2083; x_wconf 89' lang='lat' dir='ltr'><em>procedere</em></span> <span class='ocrx_word' id='word_1_174' title='bbox 1190 2027 1412 2084; x_wconf 83' lang='lat' dir='ltr'><em>potuisset,</em></span> <span class='ocrx_word' id='word_1_175' title='bbox 1444 2042 1569 2084; x_wconf 90' lang='lat' dir='ltr'><em>quem</em></span> <span class='ocrx_word' id='word_1_176' title='bbox 1587 2032 1676 2073; x_wconf 93' lang='lat' dir='ltr'><em>tam</em></span> 
     </span>
     <span class='ocr_line' id='line_1_24' title="bbox 104 2102 1676 2162; baseline 0.003 -16"><span class='ocrx_word' id='word_1_177' title='bbox 104 2104 368 2147; x_wconf 87' lang='lat' dir='ltr'><em>inmoderata</em></span> <span class='ocrx_word' id='word_1_178' title='bbox 403 2102 626 2147; x_wconf 87' lang='lat' dir='ltr'><em>infirmitas</em></span> <span class='ocrx_word' id='word_1_179' title='bbox 665 2107 761 2147; x_wconf 92' lang='lat' dir='ltr'><em>ante</em></span> <span class='ocrx_word' id='word_1_180' title='bbox 802 2107 844 2147; x_wconf 91' lang='lat' dir='ltr'><em>et</em></span> <span class='ocrx_word' id='word_1_181' title='bbox 879 2104 925 2147; x_wconf 87' lang='lat' dir='ltr'><em>in</em></span> <span class='ocrx_word' id='word_1_182' title='bbox 954 2105 1025 2148; x_wconf 89' lang='lat' dir='ltr'><em>via</em></span> <span class='ocrx_word' id='word_1_183' title='bbox 1058 2105 1418 2162; x_wconf 89' lang='lat' dir='ltr'><em>apprehendisset.</em></span> <span class='ocrx_word' id='word_1_184' title='bbox 1480 2106 1676 2151; x_wconf 89' lang='lat' dir='ltr'><em>Vestram</em></span> 
     </span>
     <span class='ocr_line' id='line_1_25' title="bbox 103 2182 1676 2240; baseline 0.001 -14"><span class='ocrx_word' id='word_1_185' title='bbox 103 2182 247 2238; x_wconf 90' lang='lat' dir='ltr'><em>itaque</em></span> <span class='ocrx_word' id='word_1_186' title='bbox 276 2182 477 2225; x_wconf 88' lang='lat' dir='ltr'><em>hactenus</em></span> <span class='ocrx_word' id='word_1_187' title='bbox 507 2182 628 2226; x_wconf 91' lang='lat' dir='ltr'><em>nobis</em></span> <span class='ocrx_word' id='word_1_188' title='bbox 658 2182 703 2225; x_wconf 91' lang='lat' dir='ltr'><em>in</em></span> <span class='ocrx_word' id='word_1_189' title='bbox 734 2182 926 2225; x_wconf 93' lang='lat' dir='ltr'><em>omnibus</em></span> <span class='ocrx_word' id='word_1_190' title='bbox 957 2182 1078 2226; x_wconf 89' lang='lat' dir='ltr'><em>bonis</em></span> <span class='ocrx_word' id='word_1_191' title='bbox 1111 2186 1330 2240; x_wconf 86' lang='lat' dir='ltr'><em>expertam</em></span> <span class='ocrx_word' id='word_1_192' title='bbox 1350 2184 1676 2230; x_wconf 89' lang='lat' dir='ltr'><em>benivolentiam</em></span> 
     </span>
     <span class='ocr_line' id='line_1_26' title="bbox 106 2259 1675 2317; baseline 0.002 -13"><span class='ocrx_word' id='word_1_193' title='bbox 106 2274 199 2304; x_wconf 92' lang='lat' dir='ltr'><em>cum</em></span> <span class='ocrx_word' id='word_1_194' title='bbox 233 2260 347 2303; x_wconf 90' lang='lat' dir='ltr'><em>omni</em></span> <span class='ocrx_word' id='word_1_195' title='bbox 378 2259 596 2315; x_wconf 85' lang='lat' dir='ltr'><em>diligentia</em></span> <span class='ocrx_word' id='word_1_196' title='bbox 625 2260 903 2317; x_wconf 78' lang='lat' dir='ltr'><em>deposcimUS,</em></span> <span class='ocrx_word' id='word_1_197' title='bbox 937 2264 1141 2316; x_wconf 88' lang='lat' dir='ltr'><em>quatenus</em></span> <span class='ocrx_word' id='word_1_198' title='bbox 1174 2261 1226 2305; x_wconf 91' lang='lat' dir='ltr'><em>ob</em></span> <span class='ocrx_word' id='word_1_199' title='bbox 1253 2261 1362 2305; x_wconf 90' lang='lat' dir='ltr'><em>hanc</em></span> <span class='ocrx_word' id='word_1_200' title='bbox 1380 2263 1675 2307; x_wconf 88' lang='lat' dir='ltr'><em>necessitatem</em></span> 
     </span>
     <span class='ocr_line' id='line_1_27' title="bbox 104 2337 1693 2396; baseline 0.001 -15"><span class='ocrx_word' id='word_1_201' title='bbox 104 2338 388 2396; x_wconf 89' lang='lat' dir='ltr'><em>prenominati</em></span> <span class='ocrx_word' id='word_1_202' title='bbox 427 2338 571 2381; x_wconf 90' lang='lat' dir='ltr'><em>domni</em></span> <span class='ocrx_word' id='word_1_203' title='bbox 600 2337 787 2395; x_wconf 92' lang='lat' dir='ltr'><em>Philippi</em></span> <span class='ocrx_word' id='word_1_204' title='bbox 826 2337 1013 2395; x_wconf 88' lang='lat' dir='ltr'><em>episcopi</em></span> <span class='ocrx_word' id='word_1_205' title='bbox 1052 2339 1286 2382; x_wconf 87' lang='lat' dir='ltr'><em>absentiam</em></span> <span class='ocrx_word' id='word_1_206' title='bbox 1317 2340 1476 2384; x_wconf 92' lang='lat' dir='ltr'><em>intuitu</em></span> <span class='ocrx_word' id='word_1_207' title='bbox 1504 2343 1693 2385; x_wconf 78' lang='lat' dir='ltr'><em>nostrae,</em></span> 
     </span>
     <span class='ocr_line' id='line_1_28' title="bbox 105 2415 1672 2475; baseline 0.002 -15"><span class='ocrx_word' id='word_1_208' title='bbox 105 2417 340 2460; x_wconf 86' lang='lat' dir='ltr'><em>devotionis</em></span> <span class='ocrx_word' id='word_1_209' title='bbox 385 2419 427 2459; x_wconf 92' lang='lat' dir='ltr'><em>et</em></span> <span class='ocrx_word' id='word_1_210' title='bbox 464 2416 626 2459; x_wconf 89' lang='lat' dir='ltr'><em>servitii</em></span> <span class='ocrx_word' id='word_1_211' title='bbox 662 2415 990 2460; x_wconf 84' lang='lat' dir='ltr'><em>misericorditer</em></span> <span class='ocrx_word' id='word_1_212' title='bbox 1029 2415 1260 2472; x_wconf 84' lang='lat' dir='ltr'><em>sufferatis3</em></span> <span class='ocrx_word' id='word_1_213' title='bbox 1308 2421 1433 2474; x_wconf 90' lang='lat' dir='ltr'><em>atque</em></span> <span class='ocrx_word' id='word_1_214' title='bbox 1471 2432 1672 2475; x_wconf 88' lang='lat' dir='ltr'><em>personas</em></span> 
     </span>
     <span class='ocr_line' id='line_1_29' title="bbox 103 2493 1672 2553; baseline 0.002 -15"><span class='ocrx_word' id='word_1_215' title='bbox 103 2493 390 2549; x_wconf 89' lang='lat' dir='ltr'><em>honorabiles,</em></span> <span class='ocrx_word' id='word_1_216' title='bbox 426 2494 687 2551; x_wconf 89' lang='lat' dir='ltr'><em>presentium</em></span> <span class='ocrx_word' id='word_1_217' title='bbox 717 2497 1041 2550; x_wconf 88' lang='lat' dir='ltr'><em>presentatores,</em></span> <span class='ocrx_word' id='word_1_218' title='bbox 1070 2495 1322 2550; x_wconf 86' lang='lat' dir='ltr'><em>legationem</em></span> <span class='ocrx_word' id='word_1_219' title='bbox 1352 2496 1486 2553; x_wconf 89' lang='lat' dir='ltr'><em>ipsius</em></span> <span class='ocrx_word' id='word_1_220' title='bbox 1518 2497 1572 2540; x_wconf 91' lang='lat' dir='ltr'><em>ad</em></span> <span class='ocrx_word' id='word_1_221' title='bbox 1600 2511 1672 2541; x_wconf 83' lang='lat' dir='ltr'><em>ve-</em></span> 
     </span>
     <span class='ocr_line' id='line_1_30' title="bbox 104 2571 1671 2629; baseline 0.002 -13"><span class='ocrx_word' id='word_1_222' title='bbox 104 2575 237 2616; x_wconf 87' lang='lat' dir='ltr'><em>stram</em></span> <span class='ocrx_word' id='word_1_223' title='bbox 266 2572 534 2629; x_wconf 91' lang='lat' dir='ltr'><em>prudentiam</em></span> <span class='ocrx_word' id='word_1_224' title='bbox 565 2571 820 2627; x_wconf 87' lang='lat' dir='ltr'><em>deferentes,</em></span> <span class='ocrx_word' id='word_1_225' title='bbox 851 2571 1179 2616; x_wconf 87' lang='lat' dir='ltr'><em>misericorditer</em></span> <span class='ocrx_word' id='word_1_226' title='bbox 1208 2574 1457 2629; x_wconf 84' lang='lat' dir='ltr'><em>remittatis3</em></span> <span class='ocrx_word' id='word_1_227' title='bbox 1497 2577 1539 2618; x_wconf 87' lang='lat' dir='ltr'><em>et</em></span> <span class='ocrx_word' id='word_1_228' title='bbox 1568 2575 1671 2619; x_wconf 88' lang='lat' dir='ltr'><em>dile—</em></span> 
     </span>
     <span class='ocr_line' id='line_1_31' title="bbox 105 2649 1670 2712; baseline 0.003 -18"><span class='ocrx_word' id='word_1_229' title='bbox 105 2653 219 2694; x_wconf 91' lang='lat' dir='ltr'><em>ctum</em></span> <span class='ocrx_word' id='word_1_230' title='bbox 250 2650 452 2693; x_wconf 89' lang='lat' dir='ltr'><em>domnum</em></span> <span class='ocrx_word' id='word_1_231' title='bbox 482 2649 796 2706; x_wconf 89' lang='lat' dir='ltr'><em>Corbeiensem,</em></span> <span class='ocrx_word' id='word_1_232' title='bbox 837 2653 885 2693; x_wconf 90' lang='lat' dir='ltr'><em>ut</em></span> <span class='ocrx_word' id='word_1_233' title='bbox 915 2650 967 2694; x_wconf 92' lang='lat' dir='ltr'><em>ab</em></span> <span class='ocrx_word' id='word_1_234' title='bbox 997 2650 1077 2695; x_wconf 91' lang='lat' dir='ltr'><em>hoc</em></span> <span class='ocrx_word' id='word_1_235' title='bbox 1105 2651 1233 2696; x_wconf 88' lang='lat' dir='ltr'><em>verbo</em></span> <span class='ocrx_word' id='word_1_236' title='bbox 1265 2651 1460 2708; x_wconf 87' lang='lat' dir='ltr'><em>desistat,</em></span> <span class='ocrx_word' id='word_1_237' title='bbox 1495 2655 1670 2712; x_wconf 86' lang='lat' dir='ltr'><em>paterne</em></span> 
     </span>
    </p>
   </div>
   <div class='ocr_carea' id='block_1_4' title="bbox 104 2728 414 2772">
    <p class='ocr_par' dir='ltr' id='par_1_5' title="bbox 104 2728 414 2772">
     <span class='ocr_line' id='line_1_32' title="bbox 104 2728 414 2772; baseline 0 0"><span class='ocrx_word' id='word_1_238' title='bbox 104 2728 414 2772; x_wconf 90' lang='lat' dir='ltr'><em>commoneatis.</em></span> 
     </span>
    </p>
   </div>
   <div class='ocr_carea' id='block_1_5' title="bbox 743 2846 1028 2854">
    <p class='ocr_par' dir='ltr' id='par_1_6' title="bbox 743 2846 1028 2854">
     <span class='ocr_line' id='line_1_33' title="bbox 743 2846 1028 2854; baseline 0.004 -1"><span class='ocrx_word' id='word_1_239' title='bbox 743 2846 1028 2854; x_wconf 77' lang='lat'>———-—</span> 
     </span>
    </p>
   </div>
  </div>
 </body>
</html>
