<?xml version="1.0" encoding="UTF-8"?>
<!DOCTYPE html PUBLIC "-//W3C//DTD XHTML 1.0 Transitional//EN"
    "http://www.w3.org/TR/xhtml1/DTD/xhtml1-transitional.dtd">
<html xmlns="http://www.w3.org/1999/xhtml" xml:lang="en" lang="en">
 <head>
  <title>
</title>
<meta http-equiv="Content-Type" content="text/html;charset=utf-8" />
  <meta name='ocr-system' content='tesseract 3.04.00' />
  <meta name='ocr-capabilities' content='ocr_page ocr_carea ocr_par ocr_line ocrx_word'/>
</head>
<body>
  <div class='ocr_page' id='page_1' title='image "bibliothecarerum01wattuoft_0374.png"; bbox 0 0 1924 3288; ppageno 0'>
   <div class='ocr_carea' id='block_1_1' title="bbox 306 194 1356 238">
    <p class='ocr_par' dir='ltr' id='par_1_1' title="bbox 306 194 1356 238">
     <span class='ocr_line' id='line_1_1' title="bbox 306 194 1356 238; baseline -0.003 0"><span class='ocrx_word' id='word_1_1' title='bbox 306 194 393 238; x_wconf 86' lang='lat'>356</span> <span class='ocrx_word' id='word_1_2' title='bbox 810 205 1009 236; x_wconf 79' lang='lat' dir='ltr'>wmALm</span> <span class='ocrx_word' id='word_1_3' title='bbox 1037 203 1256 236; x_wconf 74' lang='lat' dir='ltr'>EP1sroLA</span> <span class='ocrx_word' id='word_1_4' title='bbox 1286 204 1356 236; x_wconf 82' lang='lat'>237.</span> 
     </span>
    </p>
   </div>
   <div class='ocr_carea' id='block_1_2' title="bbox 185 297 1902 2687">
    <p class='ocr_par' dir='ltr' id='par_1_2' title="bbox 185 297 1902 1290">
     <span class='ocr_line' id='line_1_2' title="bbox 185 297 1859 383; baseline 0.003 -44.003"><span class='ocrx_word' id='word_1_5' title='bbox 185 304 278 383; x_wconf 62' lang='lat' dir='ltr'>115rO</span> <span class='ocrx_word' id='word_1_6' title='bbox 302 314 445 345; x_wconf 85' lang='lat' dir='ltr'>corum</span> <span class='ocrx_word' id='word_1_7' title='bbox 475 300 719 357; x_wconf 87' lang='lat' dir='ltr'>imperatori</span> <span class='ocrx_word' id='word_1_8' title='bbox 751 303 948 356; x_wconf 85' lang='lat' dir='ltr'>augusto,</span> <span class='ocrx_word' id='word_1_9' title='bbox 981 300 1171 357; x_wconf 91' lang='lat' dir='ltr'>sublimi,</span> <span class='ocrx_word' id='word_1_10' title='bbox 1202 298 1523 356; x_wconf 85' lang='lat' dir='ltr'>Porfirogenito‚</span> <span class='ocrx_word' id='word_1_11' title='bbox 1554 298 1680 356; x_wconf 75' lang='lat' dir='ltr'>felici,</span> <span class='ocrx_word' id='word_1_12' title='bbox 1708 297 1859 344; x_wconf 68' lang='grc'>110101·-</span> 
     </span>
     <span class='ocr_line' id='line_1_3' title="bbox 301 378 1838 423; baseline -0.002 0"><span class='ocrx_word' id='word_1_13' title='bbox 301 393 399 423; x_wconf 87' lang='lat' dir='ltr'>nam</span> <span class='ocrx_word' id='word_1_14' title='bbox 430 379 696 422; x_wconf 90' lang='lat' dir='ltr'>dilectionem</span> <span class='ocrx_word' id='word_1_15' title='bbox 727 382 770 422; x_wconf 91' lang='lat' dir='ltr'>et</span> <span class='ocrx_word' id='word_1_16' title='bbox 799 391 921 422; x_wconf 91' lang='lat' dir='ltr'>omne</span> <span class='ocrx_word' id='word_1_17' title='bbox 950 378 1118 422; x_wconf 91' lang='lat' dir='ltr'>bonum.</span> <span class='ocrx_word' id='word_1_18' title='bbox 1774 388 1795 404; x_wconf 81' lang='lat'>···</span> <span class='ocrx_word' id='word_1_19' title='bbox 1834 393 1838 398; x_wconf 73' lang='grc'>’</span> 
     </span>
     <span class='ocr_line' id='line_1_4' title="bbox 418 453 1861 512; baseline 0 -13"><span class='ocrx_word' id='word_1_20' title='bbox 418 457 583 508; x_wconf 83' lang='lat' dir='ltr'>Quanta</span> <span class='ocrx_word' id='word_1_21' title='bbox 611 469 688 499; x_wconf 92' lang='lat' dir='ltr'>nos</span> <span class='ocrx_word' id='word_1_22' title='bbox 719 456 914 499; x_wconf 82' lang='lat' dir='ltr'>karitatis</span> <span class='ocrx_word' id='word_1_23' title='bbox 945 459 987 499; x_wconf 92' lang='lat' dir='ltr'>et</span> <span class='ocrx_word' id='word_1_24' title='bbox 1016 456 1248 499; x_wconf 87' lang='lat' dir='ltr'>devotionis</span> <span class='ocrx_word' id='word_1_25' title='bbox 1278 456 1493 511; x_wconf 84' lang='lat' dir='ltr'>instantia,</span> <span class='ocrx_word' id='word_1_26' title='bbox 1525 458 1680 512; x_wconf 87' lang='lat' dir='ltr'>quanto</span> <span class='ocrx_word' id='word_1_27' title='bbox 1699 453 1799 499; x_wconf 80' lang='lat' dir='ltr'>fidei</span> <span class='ocrx_word' id='word_1_28' title='bbox 1817 458 1861 499; x_wconf 85' lang='lat' dir='ltr'>et</span> 
     </span>
     <span class='ocr_line' id='line_1_5' title="bbox 299 524 1902 590; baseline 0 -14"><span class='ocrx_word' id='word_1_29' title='bbox 299 534 547 577; x_wconf 90' lang='lat' dir='ltr'>humilitatis</span> <span class='ocrx_word' id='word_1_30' title='bbox 578 533 716 576; x_wconf 92' lang='lat' dir='ltr'>studio</span> <span class='ocrx_word' id='word_1_31' title='bbox 746 534 792 576; x_wconf 89' lang='lat' dir='ltr'>in</span> <span class='ocrx_word' id='word_1_32' title='bbox 823 533 952 577; x_wconf 89' lang='lat' dir='ltr'>sacris</span> <span class='ocrx_word' id='word_1_33' title='bbox 984 534 1129 577; x_wconf 85' lang='lat' dir='ltr'><strong>edibus</strong></span> <span class='ocrx_word' id='word_1_34' title='bbox 1152 533 1353 588; x_wconf 82' lang='lat' dir='ltr'>gloriosi</span> <span class='ocrx_word' id='word_1_35' title='bbox 1342 532 1509 590; x_wconf 85' lang='lat' dir='ltr'>lmperii</span> <span class='ocrx_word' id='word_1_36' title='bbox 1526 533 1601 576; x_wconf 86' lang='lat' dir='ltr'>tui</span> <span class='ocrx_word' id='word_1_37' title='bbox 1611 524 1858 590; x_wconf 73' lang='lat' dir='ltr'>susceperis,</span> <span class='ocrx_word' id='word_1_38' title='bbox 1899 555 1902 558; x_wconf 96' lang='lat'>·</span> 
     </span>
     <span class='ocr_line' id='line_1_6' title="bbox 300 604 1860 667; baseline -0.001 -13"><span class='ocrx_word' id='word_1_39' title='bbox 300 614 454 667; x_wconf 89' lang='lat' dir='ltr'>quanta</span> <span class='ocrx_word' id='word_1_40' title='bbox 498 610 772 654; x_wconf 89' lang='lat' dir='ltr'>humanitatis</span> <span class='ocrx_word' id='word_1_41' title='bbox 819 614 861 654; x_wconf 91' lang='lat' dir='ltr'>et</span> <span class='ocrx_word' id='word_1_42' title='bbox 903 611 1168 655; x_wconf 81' lang='lat' dir='ltr'>liberalitatis</span> <span class='ocrx_word' id='word_1_43' title='bbox 1206 611 1343 666; x_wconf 86' lang='lat' dir='ltr'>gratia</span> <span class='ocrx_word' id='word_1_44' title='bbox 1378 611 1423 653; x_wconf 93' lang='lat' dir='ltr'>in</span> <span class='ocrx_word' id='word_1_45' title='bbox 1458 609 1567 654; x_wconf 87' lang='lat' dir='ltr'>lecto</span> <span class='ocrx_word' id='word_1_46' title='bbox 1602 604 1860 654; x_wconf 75' lang='lat' dir='ltr'>infirmitatis</span> 
     </span>
     <span class='ocr_line' id='line_1_7' title="bbox 297 687 1861 748; baseline 0 -17"><span class='ocrx_word' id='word_1_47' title='bbox 297 692 439 732; x_wconf 89' lang='lat' dir='ltr'>nostre</span> <span class='ocrx_word' id='word_1_48' title='bbox 470 701 554 732; x_wconf 92' lang='lat' dir='ltr'>non</span> <span class='ocrx_word' id='word_1_49' title='bbox 584 688 719 731; x_wconf 91' lang='lat' dir='ltr'>solum</span> <span class='ocrx_word' id='word_1_50' title='bbox 749 702 825 746; x_wconf 90' lang='lat' dir='ltr'>per</span> <span class='ocrx_word' id='word_1_51' title='bbox 853 692 948 732; x_wconf 86' lang='lat' dir='ltr'>tuos</span> <span class='ocrx_word' id='word_1_52' title='bbox 979 693 1021 733; x_wconf 91' lang='lat' dir='ltr'>et</span> <span class='ocrx_word' id='word_1_53' title='bbox 1050 692 1124 732; x_wconf 87' lang='lat' dir='ltr'>tua</span> <span class='ocrx_word' id='word_1_54' title='bbox 1153 691 1217 732; x_wconf 90' lang='lat' dir='ltr'>set</span> <span class='ocrx_word' id='word_1_55' title='bbox 1253 688 1380 732; x_wconf 90' lang='lat' dir='ltr'>etiam</span> <span class='ocrx_word' id='word_1_56' title='bbox 1409 688 1467 746; x_wconf 17' lang='lat' dir='ltr'>in,</span> <span class='ocrx_word' id='word_1_57' title='bbox 1483 687 1656 745; x_wconf 85' lang='lat' dir='ltr'>propria</span> <span class='ocrx_word' id='word_1_58' title='bbox 1681 701 1861 748; x_wconf 87' lang='lat' dir='ltr'>persona</span> 
     </span>
     <span class='ocr_line' id='line_1_8' title="bbox 299 765 1860 823; baseline -0.001 -14"><span class='ocrx_word' id='word_1_59' title='bbox 299 769 339 809; x_wconf 90' lang='grc'>01</span> <span class='ocrx_word' id='word_1_60' title='bbox 368 766 552 823; x_wconf 91' lang='lat' dir='ltr'>propriis</span> <span class='ocrx_word' id='word_1_61' title='bbox 583 766 777 810; x_wconf 90' lang='lat' dir='ltr'>manibus</span> <span class='ocrx_word' id='word_1_62' title='bbox 808 766 1128 822; x_wconf 80' lang='lat' dir='ltr'>ministraveris,</span> <span class='ocrx_word' id='word_1_63' title='bbox 1160 769 1260 809; x_wconf 87' lang='grc'>1000</span> <span class='ocrx_word' id='word_1_64' title='bbox 1279 765 1486 822; x_wconf 89' lang='lat' dir='ltr'>videlicet,</span> <span class='ocrx_word' id='word_1_65' title='bbox 1518 765 1684 822; x_wconf 86' lang='lat' dir='ltr'>quando</span> <span class='ocrx_word' id='word_1_66' title='bbox 1709 778 1860 809; x_wconf 83' lang='lat' dir='ltr'>manus</span> 
     </span>
     <span class='ocr_line' id='line_1_9' title="bbox 297 839 1859 900; baseline 0.001 -14"><span class='ocrx_word' id='word_1_67' title='bbox 297 843 378 887; x_wconf 92' lang='lat' dir='ltr'>Dei</span> <span class='ocrx_word' id='word_1_68' title='bbox 409 844 708 900; x_wconf 89' lang='lat' dir='ltr'>omnipotentis</span> <span class='ocrx_word' id='word_1_69' title='bbox 739 858 816 887; x_wconf 92' lang='lat' dir='ltr'>nos</span> <span class='ocrx_word' id='word_1_70' title='bbox 846 858 931 888; x_wconf 93' lang='lat' dir='ltr'>non</span> <span class='ocrx_word' id='word_1_71' title='bbox 961 844 1097 888; x_wconf 89' lang='lat' dir='ltr'>solum</span> <span class='ocrx_word' id='word_1_72' title='bbox 1126 845 1171 887; x_wconf 93' lang='lat' dir='ltr'>in</span> <span class='ocrx_word' id='word_1_73' title='bbox 1200 843 1452 887; x_wconf 88' lang='lat' dir='ltr'>detrimento</span> <span class='ocrx_word' id='word_1_74' title='bbox 1481 843 1625 887; x_wconf 88' lang='lat' dir='ltr'>amissi</span> <span class='ocrx_word' id='word_1_75' title='bbox 1652 839 1859 887; x_wconf 79' lang='lat' dir='ltr'>exereitus</span> 
     </span>
     <span class='ocr_line' id='line_1_10' title="bbox 298 919 1861 980; baseline 0 -15"><span class='ocrx_word' id='word_1_76' title='bbox 298 935 443 965; x_wconf 89' lang='lat' dir='ltr'>verum</span> <span class='ocrx_word' id='word_1_77' title='bbox 475 921 603 965; x_wconf 87' lang='lat' dir='ltr'>etiam</span> <span class='ocrx_word' id='word_1_78' title='bbox 633 922 678 965; x_wconf 93' lang='lat' dir='ltr'>in</span> <span class='ocrx_word' id='word_1_79' title='bbox 699 922 871 966; x_wconf 88' lang='lat' dir='ltr'>verbere</span> <span class='ocrx_word' id='word_1_80' title='bbox 895 922 1123 980; x_wconf 88' lang='lat' dir='ltr'>corporalis</span> <span class='ocrx_word' id='word_1_81' title='bbox 1145 921 1416 977; x_wconf 81' lang='lat' dir='ltr'>egrotationis</span> <span class='ocrx_word' id='word_1_82' title='bbox 1436 924 1714 978; x_wconf 74' lang='lat' dir='ltr'>percusserat,</span> <span class='ocrx_word' id='word_1_83' title='bbox 1743 919 1861 964; x_wconf 81' lang='lat' dir='ltr'>nulla</span> 
     </span>
     <span class='ocr_line' id='line_1_11' title="bbox 297 985 1856 1056; baseline 0 -14"><span class='ocrx_word' id='word_1_84' title='bbox 297 1002 436 1056; x_wconf 89' lang='lat' dir='ltr'>potest</span> <span class='ocrx_word' id='word_1_85' title='bbox 473 1013 614 1042; x_wconf 89' lang='lat' dir='ltr'>rerum</span> <span class='ocrx_word' id='word_1_86' title='bbox 656 999 809 1043; x_wconf 90' lang='lat' dir='ltr'>oblivio</span> <span class='ocrx_word' id='word_1_87' title='bbox 845 1000 897 1044; x_wconf 90' lang='lat' dir='ltr'>ab</span> <span class='ocrx_word' id='word_1_88' title='bbox 929 1001 1066 1044; x_wconf 89' lang='lat' dir='ltr'>anime</span> <span class='ocrx_word' id='word_1_89' title='bbox 1095 1003 1239 1043; x_wconf 90' lang='lat' dir='ltr'>nostre</span> <span class='ocrx_word' id='word_1_90' title='bbox 1267 999 1406 1043; x_wconf 87' lang='lat' dir='ltr'>tenaci</span> <span class='ocrx_word' id='word_1_91' title='bbox 1435 985 1639 1043; x_wconf 88' lang='lat' dir='ltr'>memoria</span> <span class='ocrx_word' id='word_1_92' title='bbox 1668 997 1856 1043; x_wconf 77' lang='lat' dir='ltr'>evellere.</span> 
     </span>
     <span class='ocr_line' id='line_1_12' title="bbox 297 1075 1859 1133; baseline 0 -13"><span class='ocrx_word' id='word_1_93' title='bbox 297 1075 396 1120; x_wconf 89' lang='lat' dir='ltr'>Pari</span> <span class='ocrx_word' id='word_1_94' title='bbox 434 1090 597 1133; x_wconf 90' lang='lat' dir='ltr'>quoque</span> <span class='ocrx_word' id='word_1_95' title='bbox 636 1081 678 1121; x_wconf 89' lang='lat' dir='ltr'>et</span> <span class='ocrx_word' id='word_1_96' title='bbox 714 1077 843 1121; x_wconf 91' lang='lat' dir='ltr'>simili</span> <span class='ocrx_word' id='word_1_97' title='bbox 871 1077 1173 1122; x_wconf 88' lang='lat' dir='ltr'>recordationis</span> <span class='ocrx_word' id='word_1_98' title='bbox 1204 1078 1440 1121; x_wconf 87' lang='lat' dir='ltr'>constantia</span> <span class='ocrx_word' id='word_1_99' title='bbox 1466 1076 1598 1120; x_wconf 86' lang='lat' dir='ltr'>fixum</span> <span class='ocrx_word' id='word_1_100' title='bbox 1629 1076 1768 1120; x_wconf 89' lang='lat' dir='ltr'>animo</span> <span class='ocrx_word' id='word_1_101' title='bbox 1796 1079 1859 1120; x_wconf 83' lang='lat' dir='ltr'>te-</span> 
     </span>
     <span class='ocr_line' id='line_1_13' title="bbox 297 1153 1859 1236; baseline 0 -39"><span class='ocrx_word' id='word_1_102' title='bbox 297 1168 458 1210; x_wconf 91' lang='lat' dir='ltr'>nemus,</span> <span class='ocrx_word' id='word_1_103' title='bbox 491 1169 571 1211; x_wconf 90' lang='lat' dir='ltr'>que</span> <span class='ocrx_word' id='word_1_104' title='bbox 601 1155 729 1199; x_wconf 87' lang='lat' dir='ltr'>fuerit</span> <span class='ocrx_word' id='word_1_105' title='bbox 757 1156 868 1199; x_wconf 88' lang='lat' dir='ltr'>inter</span> <span class='ocrx_word' id='word_1_106' title='bbox 897 1169 974 1199; x_wconf 93' lang='lat' dir='ltr'>nos</span> <span class='ocrx_word' id='word_1_107' title='bbox 1004 1159 1148 1200; x_wconf 86' lang='lat' dir='ltr'>mutue</span> <span class='ocrx_word' id='word_1_108' title='bbox 1178 1155 1385 1213; x_wconf 86' lang='lat' dir='ltr'>pactionis</span> <span class='ocrx_word' id='word_1_109' title='bbox 1417 1154 1628 1211; x_wconf 84' lang='lat' dir='ltr'>obligatio,</span> <span class='ocrx_word' id='word_1_110' title='bbox 1661 1153 1763 1212; x_wconf 89' lang='lat' dir='ltr'>quid</span> <span class='ocrx_word' id='word_1_111' title='bbox 1787 1156 1859 1236; x_wconf 90' lang='grc'>100</span> 
     </span>
     <span class='ocr_line' id='line_1_14' title="bbox 297 1232 1649 1290; baseline 0.001 -15"><span class='ocrx_word' id='word_1_112' title='bbox 297 1232 536 1276; x_wconf 88' lang='grc' dir='ltr'>001811οᾱ101</span> <span class='ocrx_word' id='word_1_113' title='bbox 566 1233 929 1290; x_wconf 90' lang='lat' dir='ltr'>spoponderimus,</span> <span class='ocrx_word' id='word_1_114' title='bbox 961 1233 1062 1290; x_wconf 89' lang='lat' dir='ltr'>quid</span> <span class='ocrx_word' id='word_1_115' title='bbox 1090 1232 1291 1290; x_wconf 89' lang='lat' dir='ltr'>perficere</span> <span class='ocrx_word' id='word_1_116' title='bbox 1320 1233 1649 1290; x_wconf 87' lang='lat' dir='ltr'>promiserimus.</span> 
     </span>
    </p>

    <p class='ocr_par' dir='ltr' id='par_1_3' title="bbox 228 1297 1858 2687">
     <span class='ocr_line' id='line_1_15' title="bbox 228 1297 1857 1369; baseline 0 -15"><span class='ocrx_word' id='word_1_117' title='bbox 228 1297 229 1300; x_wconf 8' lang='grc' dir='ltr'><strong>Ἰ</strong></span> <span class='ocrx_word' id='word_1_118' title='bbox 419 1310 493 1354; x_wconf 91' lang='lat' dir='ltr'>Set</span> <span class='ocrx_word' id='word_1_119' title='bbox 511 1323 607 1354; x_wconf 89' lang='lat' dir='ltr'>cum</span> <span class='ocrx_word' id='word_1_120' title='bbox 628 1325 653 1354; x_wconf 91' lang='lat' dir='ltr'>a</span> <span class='ocrx_word' id='word_1_121' title='bbox 673 1310 942 1355; x_wconf 91' lang='lat' dir='ltr'>sublimitatis</span> <span class='ocrx_word' id='word_1_122' title='bbox 966 1314 1037 1355; x_wconf 91' lang='lat' dir='ltr'>tue</span> <span class='ocrx_word' id='word_1_123' title='bbox 1057 1325 1186 1367; x_wconf 87' lang='lat' dir='ltr'>regno</span> <span class='ocrx_word' id='word_1_124' title='bbox 1217 1310 1490 1368; x_wconf 83' lang='lat' dir='ltr'>corporaliter</span> <span class='ocrx_word' id='word_1_125' title='bbox 1509 1304 1857 1369; x_wconf 77' lang='lat' dir='ltr'>discessissemus,</span> 
     </span>
     <span class='ocr_line' id='line_1_16' title="bbox 298 1387 1858 1445; baseline 0.001 -15"><span class='ocrx_word' id='word_1_126' title='bbox 298 1387 342 1430; x_wconf 93' lang='lat' dir='ltr'>in</span> <span class='ocrx_word' id='word_1_127' title='bbox 366 1401 447 1443; x_wconf 92' lang='lat' dir='ltr'>quo</span> <span class='ocrx_word' id='word_1_128' title='bbox 477 1401 553 1431; x_wconf 94' lang='lat' dir='ltr'>nos</span> <span class='ocrx_word' id='word_1_129' title='bbox 583 1402 660 1445; x_wconf 90' lang='lat' dir='ltr'>per</span> <span class='ocrx_word' id='word_1_130' title='bbox 690 1387 822 1432; x_wconf 83' lang='lat' dir='ltr'>fidem·</span> <span class='ocrx_word' id='word_1_131' title='bbox 846 1391 888 1432; x_wconf 90' lang='lat' dir='ltr'>et</span> <span class='ocrx_word' id='word_1_132' title='bbox 917 1388 1241 1432; x_wconf 88' lang='lat' dir='ltr'>benivolentiam</span> <span class='ocrx_word' id='word_1_133' title='bbox 1271 1388 1462 1432; x_wconf 90' lang='lat' dir='ltr'>habitare</span> <span class='ocrx_word' id='word_1_134' title='bbox 1491 1388 1708 1444; x_wconf 85' lang='lat' dir='ltr'>sentimus,</span> <span class='ocrx_word' id='word_1_135' title='bbox 1737 1387 1858 1444; x_wconf 84' lang='lat' dir='ltr'>inpe-</span> 
     </span>
     <span class='ocr_line' id='line_1_17' title="bbox 297 1465 1858 1523; baseline 0.001 -16"><span class='ocrx_word' id='word_1_136' title='bbox 297 1465 421 1520; x_wconf 86' lang='lat' dir='ltr'>rium,</span> <span class='ocrx_word' id='word_1_137' title='bbox 454 1465 564 1521; x_wconf 92' lang='lat' dir='ltr'>quod</span> <span class='ocrx_word' id='word_1_138' title='bbox 593 1465 713 1509; x_wconf 90' lang='lat' dir='ltr'>nobis</span> <span class='ocrx_word' id='word_1_139' title='bbox 743 1480 768 1509; x_wconf 91' lang='lat' dir='ltr'>a</span> <span class='ocrx_word' id='word_1_140' title='bbox 788 1479 971 1523; x_wconf 86' lang='lat' dir='ltr'>superna</span> <span class='ocrx_word' id='word_1_141' title='bbox 988 1466 1209 1510; x_wconf 87' lang='lat' dir='ltr'>maiestate</span> <span class='ocrx_word' id='word_1_142' title='bbox 1229 1466 1427 1510; x_wconf 90' lang='lat' dir='ltr'>collatum</span> <span class='ocrx_word' id='word_1_143' title='bbox 1448 1469 1525 1522; x_wconf 87' lang='lat' dir='ltr'>est,</span> <span class='ocrx_word' id='word_1_144' title='bbox 1554 1465 1791 1510; x_wconf 82' lang='lat' dir='ltr'>invenimus</span> <span class='ocrx_word' id='word_1_145' title='bbox 1809 1465 1858 1508; x_wconf 89' lang='lat' dir='ltr'>in</span> 
     </span>
     <span class='ocr_line' id='line_1_18' title="bbox 299 1541 1858 1599; baseline 0.001 -14"><span class='ocrx_word' id='word_1_146' title='bbox 299 1541 546 1598; x_wconf 91' lang='lat' dir='ltr'>quibusdam</span> <span class='ocrx_word' id='word_1_147' title='bbox 577 1543 768 1599; x_wconf 89' lang='lat' dir='ltr'>partibus</span> <span class='ocrx_word' id='word_1_148' title='bbox 789 1544 875 1587; x_wconf 88' lang='lat' dir='ltr'>suis</span> <span class='ocrx_word' id='word_1_149' title='bbox 905 1557 957 1587; x_wconf 88' lang='lat' dir='ltr'>ex</span> <span class='ocrx_word' id='word_1_150' title='bbox 979 1543 1193 1588; x_wconf 88' lang='lat' dir='ltr'>occasione</span> <span class='ocrx_word' id='word_1_151' title='bbox 1212 1543 1359 1599; x_wconf 75' lang='lat' dir='ltr'>longe²</span> <span class='ocrx_word' id='word_1_152' title='bbox 1381 1543 1568 1587; x_wconf 91' lang='lat' dir='ltr'>absentie</span> <span class='ocrx_word' id='word_1_153' title='bbox 1597 1546 1740 1587; x_wconf 85' lang='lat' dir='ltr'>nostre</span> <span class='ocrx_word' id='word_1_154' title='bbox 1767 1546 1858 1586; x_wconf 85' lang='grc'>1111-</span> 
     </span>
     <span class='ocr_line' id='line_1_19' title="bbox 297 1619 1857 1678; baseline 0.001 -15"><span class='ocrx_word' id='word_1_155' title='bbox 297 1619 454 1663; x_wconf 84' lang='lat' dir='ltr'>batum.</span> <span class='ocrx_word' id='word_1_156' title='bbox 514 1619 585 1663; x_wconf 94' lang='lat' dir='ltr'>Ad</span> <span class='ocrx_word' id='word_1_157' title='bbox 623 1634 725 1676; x_wconf 90' lang='lat' dir='ltr'>quos</span> <span class='ocrx_word' id='word_1_158' title='bbox 765 1625 903 1664; x_wconf 89' lang='lat' dir='ltr'>motus</span> <span class='ocrx_word' id='word_1_159' title='bbox 935 1621 1269 1678; x_wconf 90' lang='lat' dir='ltr'>comprimendos</span> <span class='ocrx_word' id='word_1_160' title='bbox 1301 1625 1343 1666; x_wconf 90' lang='lat' dir='ltr'>et</span> <span class='ocrx_word' id='word_1_161' title='bbox 1371 1634 1519 1678; x_wconf 86' lang='lat' dir='ltr'>pacem</span> <span class='ocrx_word' id='word_1_162' title='bbox 1549 1620 1857 1665; x_wconf 82' lang='lat' dir='ltr'>reformandam</span> 
     </span>
     <span class='ocr_line' id='line_1_20' title="bbox 298 1697 1858 1757; baseline 0.002 -17"><span class='ocrx_word' id='word_1_163' title='bbox 298 1697 398 1740; x_wconf 92' lang='lat' dir='ltr'>dum</span> <span class='ocrx_word' id='word_1_164' title='bbox 428 1700 518 1741; x_wconf 89' lang='lat' dir='ltr'>tota</span> <span class='ocrx_word' id='word_1_165' title='bbox 548 1698 685 1741; x_wconf 87' lang='lat' dir='ltr'>cordis</span> <span class='ocrx_word' id='word_1_166' title='bbox 715 1699 946 1742; x_wconf 89' lang='lat' dir='ltr'>intentione</span> <span class='ocrx_word' id='word_1_167' title='bbox 967 1699 1236 1754; x_wconf 87' lang='lat' dir='ltr'>accingimur,</span> <span class='ocrx_word' id='word_1_168' title='bbox 1267 1699 1393 1743; x_wconf 89' lang='lat' dir='ltr'>Pater</span> <span class='ocrx_word' id='word_1_169' title='bbox 1412 1699 1484 1743; x_wconf 92' lang='grc'>1110</span> <span class='ocrx_word' id='word_1_170' title='bbox 1503 1699 1754 1755; x_wconf 79' lang='lat' dir='ltr'>misericors,</span> <span class='ocrx_word' id='word_1_171' title='bbox 1785 1697 1858 1757; x_wconf 84' lang='lat' dir='ltr'>qui</span> 
     </span>
     <span class='ocr_line' id='line_1_21' title="bbox 297 1773 1857 1838; baseline 0.003 -21"><span class='ocrx_word' id='word_1_172' title='bbox 297 1773 481 1830; x_wconf 88' lang='lat' dir='ltr'>flagellat</span> <span class='ocrx_word' id='word_1_173' title='bbox 511 1788 678 1819; x_wconf 91' lang='lat' dir='ltr'>omnem</span> <span class='ocrx_word' id='word_1_174' title='bbox 708 1775 839 1819; x_wconf 90' lang='lat' dir='ltr'>filium</span> <span class='ocrx_word' id='word_1_175' title='bbox 872 1790 996 1833; x_wconf 90' lang='lat' dir='ltr'>quem</span> <span class='ocrx_word' id='word_1_176' title='bbox 1025 1774 1210 1834; x_wconf 89' lang='lat' dir='ltr'>recipit¹,</span> <span class='ocrx_word' id='word_1_177' title='bbox 1248 1777 1436 1821; x_wconf 84' lang='lat' dir='ltr'>extendit</span> <span class='ocrx_word' id='word_1_178' title='bbox 1463 1790 1635 1821; x_wconf 90' lang='lat' dir='ltr'>manum</span> <span class='ocrx_word' id='word_1_179' title='bbox 1664 1789 1783 1820; x_wconf 84' lang='lat' dir='ltr'>suam</span> <span class='ocrx_word' id='word_1_180' title='bbox 1811 1774 1857 1838; x_wconf 84' lang='grc'>111</span> 
     </span>
     <span class='ocr_line' id='line_1_22' title="bbox 298 1849 1856 1912; baseline 0.003 -17"><span class='ocrx_word' id='word_1_181' title='bbox 298 1849 588 1896; x_wconf 82' lang='lat' dir='ltr'>retribuendo²</span> <span class='ocrx_word' id='word_1_182' title='bbox 588 1886 601 1908; x_wconf 92' lang='lat'>,</span> <span class='ocrx_word' id='word_1_183' title='bbox 632 1853 832 1910; x_wconf 87' lang='lat' dir='ltr'>gravique</span> <span class='ocrx_word' id='word_1_184' title='bbox 864 1855 1051 1898; x_wconf 87' lang='lat' dir='ltr'>terciana</span> <span class='ocrx_word' id='word_1_185' title='bbox 1080 1854 1195 1898; x_wconf 88' lang='lat' dir='ltr'>febre</span> <span class='ocrx_word' id='word_1_186' title='bbox 1225 1858 1457 1899; x_wconf 86' lang='lat' dir='ltr'>maceratos</span> <span class='ocrx_word' id='word_1_187' title='bbox 1488 1868 1565 1898; x_wconf 91' lang='lat' dir='ltr'>nos</span> <span class='ocrx_word' id='word_1_188' title='bbox 1586 1866 1758 1912; x_wconf 85' lang='lat' dir='ltr'>prorsus</span> <span class='ocrx_word' id='word_1_189' title='bbox 1777 1853 1856 1898; x_wconf 88' lang='lat' dir='ltr'>im-</span> 
     </span>
     <span class='ocr_line' id='line_1_23' title="bbox 297 1926 1856 1990; baseline 0.001 -16"><span class='ocrx_word' id='word_1_190' title='bbox 297 1929 466 1974; x_wconf 87' lang='lat' dir='ltr'>becilles</span> <span class='ocrx_word' id='word_1_191' title='bbox 499 1933 540 1974; x_wconf 90' lang='lat' dir='ltr'>et</span> <span class='ocrx_word' id='word_1_192' title='bbox 569 1930 656 1974; x_wconf 87' lang='lat' dir='ltr'>fere</span> <span class='ocrx_word' id='word_1_193' title='bbox 685 1931 854 1975; x_wconf 90' lang='lat' dir='ltr'>inutiles</span> <span class='ocrx_word' id='word_1_194' title='bbox 885 1945 961 1989; x_wconf 88' lang='lat' dir='ltr'>per</span> <span class='ocrx_word' id='word_1_195' title='bbox 991 1946 1065 1976; x_wconf 83' lang='lat' dir='ltr'>sex</span> <span class='ocrx_word' id='word_1_196' title='bbox 1094 1929 1325 1976; x_wconf 76' lang='lat' dir='ltr'>mensium⁸</span> <span class='ocrx_word' id='word_1_197' title='bbox 1355 1933 1538 1990; x_wconf 91' lang='lat' dir='ltr'>spatium</span> <span class='ocrx_word' id='word_1_198' title='bbox 1569 1927 1760 1976; x_wconf 65' lang='lat' dir='ltr'>detinuit.</span> <span class='ocrx_word' id='word_1_199' title='bbox 1809 1926 1856 1976; x_wconf 84' lang='lat' dir='ltr'>Si</span> 
     </span>
     <span class='ocr_line' id='line_1_24' title="bbox 298 1994 1855 2068; baseline 0.003 -18"><span class='ocrx_word' id='word_1_200' title='bbox 298 2007 452 2064; x_wconf 89' lang='lat' dir='ltr'>itaque,</span> <span class='ocrx_word' id='word_1_201' title='bbox 475 2007 564 2052; x_wconf 89' lang='lat' dir='ltr'>Deo</span> <span class='ocrx_word' id='word_1_202' title='bbox 583 2008 852 2065; x_wconf 86' lang='lat' dir='ltr'>impediente,</span> <span class='ocrx_word' id='word_1_203' title='bbox 883 2010 1146 2067; x_wconf 90' lang='lat' dir='ltr'>propositum</span> <span class='ocrx_word' id='word_1_204' title='bbox 1166 2014 1357 2054; x_wconf 90' lang='lat' dir='ltr'>nostrum</span> <span class='ocrx_word' id='word_1_205' title='bbox 1377 2010 1431 2054; x_wconf 90' lang='lat' dir='ltr'>ad</span> <span class='ocrx_word' id='word_1_206' title='bbox 1453 2014 1628 2068; x_wconf 84' lang='lat' dir='ltr'>tempus</span> <span class='ocrx_word' id='word_1_207' title='bbox 1641 2012 1706 2054; x_wconf 90' lang='lat' dir='ltr'>est</span> <span class='ocrx_word' id='word_1_208' title='bbox 1722 1994 1855 2054; x_wconf 79' lang='lat' dir='ltr'>retar-</span> 
     </span>
     <span class='ocr_line' id='line_1_25' title="bbox 299 2085 1855 2146; baseline 0.002 -18"><span class='ocrx_word' id='word_1_209' title='bbox 299 2085 457 2141; x_wconf 88' lang='lat' dir='ltr'>datum,</span> <span class='ocrx_word' id='word_1_210' title='bbox 488 2099 572 2129; x_wconf 93' lang='lat' dir='ltr'>non</span> <span class='ocrx_word' id='word_1_211' title='bbox 603 2089 744 2130; x_wconf 86' lang='lat' dir='ltr'>tamen</span> <span class='ocrx_word' id='word_1_212' title='bbox 766 2090 830 2131; x_wconf 91' lang='lat' dir='ltr'>est</span> <span class='ocrx_word' id='word_1_213' title='bbox 851 2088 1020 2131; x_wconf 92' lang='lat' dir='ltr'>omnino</span> <span class='ocrx_word' id='word_1_214' title='bbox 1043 2091 1289 2132; x_wconf 85' lang='lat' dir='ltr'>evacuatum</span> <span class='ocrx_word' id='word_1_215' title='bbox 1299 2103 1314 2142; x_wconf 74' lang='lat'>3.</span> <span class='ocrx_word' id='word_1_216' title='bbox 1342 2091 1385 2132; x_wconf 87' lang='lat' dir='ltr'>et</span> <span class='ocrx_word' id='word_1_217' title='bbox 1403 2087 1694 2146; x_wconf 88' lang='lat' dir='ltr'>promissionis</span> <span class='ocrx_word' id='word_1_218' title='bbox 1713 2089 1855 2131; x_wconf 79' lang='lat' dir='ltr'>nostre</span> 
     </span>
     <span class='ocr_line' id='line_1_26' title="bbox 299 2161 1855 2222; baseline 0.002 -16"><span class='ocrx_word' id='word_1_219' title='bbox 299 2161 467 2207; x_wconf 85' lang='lat' dir='ltr'>effectus</span> <span class='ocrx_word' id='word_1_220' title='bbox 511 2163 646 2219; x_wconf 86' lang='lat' dir='ltr'>magis</span> <span class='ocrx_word' id='word_1_221' title='bbox 693 2167 757 2208; x_wconf 89' lang='lat' dir='ltr'>est</span> <span class='ocrx_word' id='word_1_222' title='bbox 794 2164 946 2209; x_wconf 89' lang='lat' dir='ltr'>dilatus</span> <span class='ocrx_word' id='word_1_223' title='bbox 992 2179 1116 2222; x_wconf 88' lang='lat' dir='ltr'>quam</span> <span class='ocrx_word' id='word_1_224' title='bbox 1154 2166 1392 2209; x_wconf 89' lang='lat' dir='ltr'>frustratus.</span> <span class='ocrx_word' id='word_1_225' title='bbox 1460 2165 1529 2209; x_wconf 92' lang='lat' dir='ltr'>Ad</span> <span class='ocrx_word' id='word_1_226' title='bbox 1576 2165 1855 2210; x_wconf 82' lang='lat' dir='ltr'>excusandam</span> 
     </span>
     <span class='ocr_line' id='line_1_27' title="bbox 298 2241 1854 2300; baseline 0.002 -16"><span class='ocrx_word' id='word_1_227' title='bbox 298 2241 440 2298; x_wconf 89' lang='lat' dir='ltr'>itaque</span> <span class='ocrx_word' id='word_1_228' title='bbox 469 2244 611 2285; x_wconf 90' lang='lat' dir='ltr'>nostre</span> <span class='ocrx_word' id='word_1_229' title='bbox 642 2254 758 2285; x_wconf 87' lang='lat' dir='ltr'>more</span> <span class='ocrx_word' id='word_1_230' title='bbox 787 2243 1102 2300; x_wconf 89' lang='lat' dir='ltr'>necessitatem,</span> <span class='ocrx_word' id='word_1_231' title='bbox 1142 2244 1195 2287; x_wconf 92' lang='lat' dir='ltr'>ad</span> <span class='ocrx_word' id='word_1_232' title='bbox 1231 2243 1494 2287; x_wconf 89' lang='lat' dir='ltr'>salutandam</span> <span class='ocrx_word' id='word_1_233' title='bbox 1523 2246 1594 2287; x_wconf 93' lang='lat' dir='ltr'>tue</span> <span class='ocrx_word' id='word_1_234' title='bbox 1623 2241 1854 2286; x_wconf 77' lang='lat' dir='ltr'>nobilitatis</span> 
     </span>
     <span class='ocr_line' id='line_1_28' title="bbox 298 2318 1855 2379; baseline 0.002 -18"><span class='ocrx_word' id='word_1_235' title='bbox 298 2318 543 2376; x_wconf 87' lang='lat' dir='ltr'>sospitatem</span> <span class='ocrx_word' id='word_1_236' title='bbox 573 2318 741 2362; x_wconf 86' lang='lat' dir='ltr'>mittere</span> <span class='ocrx_word' id='word_1_237' title='bbox 772 2321 1009 2364; x_wconf 82' lang='lat' dir='ltr'>curavimus</span> <span class='ocrx_word' id='word_1_238' title='bbox 1047 2334 1143 2365; x_wconf 91' lang='lat' dir='ltr'>cum</span> <span class='ocrx_word' id='word_1_239' title='bbox 1179 2321 1332 2365; x_wconf 88' lang='lat' dir='ltr'>litteris</span> <span class='ocrx_word' id='word_1_240' title='bbox 1358 2320 1626 2379; x_wconf 77' lang='lat' dir='ltr'>¹presentibus</span> <span class='ocrx_word' id='word_1_241' title='bbox 1655 2319 1855 2364; x_wconf 82' lang='lat' dir='ltr'>nuncium</span> 
     </span>
     <span class='ocr_line' id='line_1_29' title="bbox 298 2392 1855 2454; baseline 0.001 -14"><span class='ocrx_word' id='word_1_242' title='bbox 298 2395 476 2440; x_wconf 89' lang='lat' dir='ltr'>celerem</span> <span class='ocrx_word' id='word_1_243' title='bbox 507 2398 549 2440; x_wconf 89' lang='grc'>01</span> <span class='ocrx_word' id='word_1_244' title='bbox 578 2396 842 2453; x_wconf 66' lang='grc' dir='ltr'>0111001101ος</span> <span class='ocrx_word' id='word_1_245' title='bbox 876 2392 964 2454; x_wconf 80' lang='lat' dir='ltr'>qui&#39;</span> <span class='ocrx_word' id='word_1_246' title='bbox 979 2398 1029 2442; x_wconf 89' lang='lat' dir='ltr'>de</span> <span class='ocrx_word' id='word_1_247' title='bbox 1059 2402 1204 2442; x_wconf 89' lang='lat' dir='ltr'>nostra</span> <span class='ocrx_word' id='word_1_248' title='bbox 1226 2399 1336 2443; x_wconf 90' lang='lat' dir='ltr'>bona</span> <span class='ocrx_word' id='word_1_249' title='bbox 1362 2397 1592 2442; x_wconf 89' lang='lat' dir='ltr'>valitudine</span> <span class='ocrx_word' id='word_1_250' title='bbox 1622 2399 1781 2442; x_wconf 88' lang='lat' dir='ltr'>certum</span> <span class='ocrx_word' id='word_1_251' title='bbox 1811 2399 1855 2440; x_wconf 87' lang='lat' dir='ltr'>te</span> 
     </span>
     <span class='ocr_line' id='line_1_30' title="bbox 298 2473 1855 2532; baseline 0 -14"><span class='ocrx_word' id='word_1_252' title='bbox 298 2477 340 2518; x_wconf 90' lang='grc'>01</span> <span class='ocrx_word' id='word_1_253' title='bbox 370 2473 557 2532; x_wconf 86' lang='lat' dir='ltr'>hylarem</span> <span class='ocrx_word' id='word_1_254' title='bbox 589 2473 784 2529; x_wconf 84' lang='lat' dir='ltr'>efficeret,</span> <span class='ocrx_word' id='word_1_255' title='bbox 817 2478 859 2518; x_wconf 86' lang='lat' dir='ltr'>et</span> <span class='ocrx_word' id='word_1_256' title='bbox 889 2489 964 2519; x_wconf 91' lang='lat' dir='ltr'>nos</span> <span class='ocrx_word' id='word_1_257' title='bbox 994 2476 1221 2520; x_wconf 89' lang='lat' dir='ltr'>identidem</span> <span class='ocrx_word' id='word_1_258' title='bbox 1244 2477 1295 2520; x_wconf 92' lang='lat' dir='ltr'>de</span> <span class='ocrx_word' id='word_1_259' title='bbox 1315 2480 1389 2520; x_wconf 90' lang='lat' dir='ltr'>tua</span> <span class='ocrx_word' id='word_1_260' title='bbox 1408 2479 1450 2520; x_wconf 90' lang='grc'>01</span> <span class='ocrx_word' id='word_1_261' title='bbox 1470 2475 1579 2520; x_wconf 88' lang='lat' dir='ltr'>filiae</span> <span class='ocrx_word' id='word_1_262' title='bbox 1599 2478 1755 2531; x_wconf 87' lang='lat' dir='ltr'>nostre,</span> <span class='ocrx_word' id='word_1_263' title='bbox 1784 2477 1855 2526; x_wconf 81' lang='lat' dir='ltr'>tue</span> 
     </span>
     <span class='ocr_line' id='line_1_31' title="bbox 297 2548 1853 2611; baseline 0 -15"><span class='ocrx_word' id='word_1_264' title='bbox 297 2548 507 2607; x_wconf 87' lang='lat' dir='ltr'>coniugis⁴</span> <span class='ocrx_word' id='word_1_265' title='bbox 537 2551 758 2595; x_wconf 86' lang='lat' dir='ltr'>karissime</span> <span class='ocrx_word' id='word_1_266' title='bbox 789 2552 1038 2610; x_wconf 88' lang='lat' dir='ltr'>imperiique</span> <span class='ocrx_word' id='word_1_267' title='bbox 1068 2553 1525 2611; x_wconf 77' lang='lat' dir='ltr'>consortis,·sospitate</span> <span class='ocrx_word' id='word_1_268' title='bbox 1561 2556 1603 2597; x_wconf 92' lang='lat' dir='ltr'>et</span> <span class='ocrx_word' id='word_1_269' title='bbox 1632 2551 1684 2597; x_wconf 91' lang='lat' dir='ltr'>de</span> <span class='ocrx_word' id='word_1_270' title='bbox 1712 2565 1853 2597; x_wconf 89' lang='lat' dir='ltr'>rerum</span> 
     </span>
     <span class='ocr_line' id='line_1_32' title="bbox 297 2629 1100 2687; baseline 0.001 -13"><span class='ocrx_word' id='word_1_271' title='bbox 297 2632 532 2674; x_wconf 86' lang='lat' dir='ltr'>vestrarum</span> <span class='ocrx_word' id='word_1_272' title='bbox 560 2629 839 2687; x_wconf 84' lang='lat' dir='ltr'>prosperitate</span> <span class='ocrx_word' id='word_1_273' title='bbox 869 2629 1100 2675; x_wconf 87' lang='lat' dir='ltr'>letificaret.</span> 
     </span>
    </p>
   </div>
   <div class='ocr_carea' id='block_1_3' title="bbox 297 2742 1852 3031">
    <p class='ocr_par' dir='ltr' id='par_1_4' title="bbox 393 2742 604 2781">
     <span class='ocr_line' id='line_1_33' title="bbox 393 2742 604 2781; baseline -0.005 -7"><span class='ocrx_word' id='word_1_274' title='bbox 393 2752 420 2774; x_wconf 84' lang='lat' dir='ltr'>a.</span> <span class='ocrx_word' id='word_1_275' title='bbox 447 2742 556 2781; x_wconf 77' lang='lat' dir='ltr'>longus</span> <span class='ocrx_word' id='word_1_276' title='bbox 578 2754 604 2773; x_wconf 84' lang='lat' dir='ltr'>c.</span> 
     </span>
    </p>

    <p class='ocr_par' dir='ltr' id='par_1_5' title="bbox 297 2805 1852 3031">
     <span class='ocr_line' id='line_1_34' title="bbox 394 2805 1852 2852; baseline 0 -10"><span class='ocrx_word' id='word_1_277' title='bbox 394 2808 426 2843; x_wconf 90' lang='lat'>1.</span> <span class='ocrx_word' id='word_1_278' title='bbox 451 2805 564 2843; x_wconf 86' lang='lat' dir='ltr'>Hebr.</span> <span class='ocrx_word' id='word_1_279' title='bbox 582 2805 638 2851; x_wconf 82' lang='lat'>12,</span> <span class='ocrx_word' id='word_1_280' title='bbox 655 2805 688 2841; x_wconf 88' lang='grc'>6.</span> <span class='ocrx_word' id='word_1_281' title='bbox 786 2806 820 2841; x_wconf 86' lang='grc'>2.</span> <span class='ocrx_word' id='word_1_282' title='bbox 852 2806 911 2841; x_wconf 89' lang='grc' dir='ltr'>Ρ8.</span> <span class='ocrx_word' id='word_1_283' title='bbox 930 2806 986 2852; x_wconf 87' lang='lat'>54,</span> <span class='ocrx_word' id='word_1_284' title='bbox 1004 2808 1060 2843; x_wconf 81' lang='lat'>21.</span> <span class='ocrx_word' id='word_1_285' title='bbox 1159 2808 1191 2843; x_wconf 91' lang='grc'>3.</span> <span class='ocrx_word' id='word_1_286' title='bbox 1224 2807 1261 2842; x_wconf 88' lang='lat' dir='ltr'>id</span> <span class='ocrx_word' id='word_1_287' title='bbox 1288 2809 1345 2843; x_wconf 86' lang='lat' dir='ltr'>est</span> <span class='ocrx_word' id='word_1_288' title='bbox 1367 2806 1452 2843; x_wconf 88' lang='lat' dir='ltr'>inde</span> <span class='ocrx_word' id='word_1_289' title='bbox 1476 2806 1522 2843; x_wconf 83' lang='lat' dir='ltr'>ab</span> <span class='ocrx_word' id='word_1_290' title='bbox 1547 2809 1705 2844; x_wconf 81' lang='lat' dir='ltr'>exeunte</span> <span class='ocrx_word' id='word_1_291' title='bbox 1729 2814 1852 2842; x_wconf 85' lang='lat' dir='ltr'>mense</span> 
     </span>
     <span class='ocr_line' id='line_1_35' title="bbox 298 2864 1852 2912; baseline -0.001 -10"><span class='ocrx_word' id='word_1_292' title='bbox 298 2865 469 2912; x_wconf 85' lang='lat' dir='ltr'>Augusto</span> <span class='ocrx_word' id='word_1_293' title='bbox 485 2864 570 2901; x_wconf 86' lang='lat' dir='ltr'>anni</span> <span class='ocrx_word' id='word_1_294' title='bbox 589 2865 680 2900; x_wconf 89' lang='lat'>1149</span> <span class='ocrx_word' id='word_1_295' title='bbox 705 2865 791 2910; x_wconf 91' lang='lat' dir='ltr'>(quo</span> <span class='ocrx_word' id='word_1_296' title='bbox 808 2867 974 2910; x_wconf 86' lang='lat' dir='ltr'>tempore</span> <span class='ocrx_word' id='word_1_297' title='bbox 990 2876 1031 2902; x_wconf 88' lang='lat' dir='ltr'>se</span> <span class='ocrx_word' id='word_1_298' title='bbox 1047 2869 1238 2912; x_wconf 85' lang='lat' dir='ltr'>aegrotare</span> <span class='ocrx_word' id='word_1_299' title='bbox 1255 2865 1431 2911; x_wconf 86' lang='lat' dir='ltr'>coepisse,</span> <span class='ocrx_word' id='word_1_300' title='bbox 1452 2865 1640 2903; x_wconf 76' lang='lat' dir='ltr'>conradus</span> <span class='ocrx_word' id='word_1_301' title='bbox 1656 2865 1694 2902; x_wconf 89' lang='lat' dir='ltr'>in</span> <span class='ocrx_word' id='word_1_302' title='bbox 1711 2875 1769 2911; x_wconf 87' lang='lat' dir='ltr'>ep.</span> <span class='ocrx_word' id='word_1_303' title='bbox 1782 2865 1852 2902; x_wconf 80' lang='lat'>243</span> 
     </span>
     <span class='ocr_line' id='line_1_36' title="bbox 297 2922 1852 2970; baseline 0 -9"><span class='ocrx_word' id='word_1_304' title='bbox 297 2934 334 2970; x_wconf 89' lang='lat' dir='ltr'>p.</span> <span class='ocrx_word' id='word_1_305' title='bbox 351 2925 422 2961; x_wconf 79' lang='lat'>364</span> <span class='ocrx_word' id='word_1_306' title='bbox 453 2923 548 2960; x_wconf 86' lang='lat' dir='ltr'>infra</span> <span class='ocrx_word' id='word_1_307' title='bbox 576 2922 773 2970; x_wconf 82' lang='lat' dir='ltr'>significat)</span> <span class='ocrx_word' id='word_1_308' title='bbox 811 2923 858 2960; x_wconf 88' lang='lat' dir='ltr'>ad</span> <span class='ocrx_word' id='word_1_309' title='bbox 895 2934 1056 2961; x_wconf 88' lang='lat' dir='ltr'>mensem</span> <span class='ocrx_word' id='word_1_310' title='bbox 1088 2925 1325 2962; x_wconf 85' lang='lat' dir='ltr'>Februarium</span> <span class='ocrx_word' id='word_1_311' title='bbox 1359 2935 1393 2961; x_wconf 87' lang='lat' dir='ltr'>a.</span> <span class='ocrx_word' id='word_1_312' title='bbox 1419 2925 1521 2961; x_wconf 84' lang='lat'>1150.</span> <span class='ocrx_word' id='word_1_313' title='bbox 1632 2924 1667 2961; x_wconf 84' lang='lat'>4.</span> <span class='ocrx_word' id='word_1_314' title='bbox 1699 2923 1852 2961; x_wconf 84' lang='lat' dir='ltr'>Eirenes</span> 
     </span>
     <span class='ocr_line' id='line_1_37' title="bbox 298 2983 1259 3031; baseline 0.002 -12"><span class='ocrx_word' id='word_1_315' title='bbox 298 2994 327 3019; x_wconf 86' lang='lat' dir='ltr'>s.</span> <span class='ocrx_word' id='word_1_316' title='bbox 346 2983 513 3029; x_wconf 86' lang='lat' dir='ltr'>Berthae,</span> <span class='ocrx_word' id='word_1_317' title='bbox 538 2994 631 3029; x_wconf 85' lang='lat' dir='ltr'>quae</span> <span class='ocrx_word' id='word_1_318' title='bbox 656 2986 735 3020; x_wconf 83' lang='lat' dir='ltr'>erat</span> <span class='ocrx_word' id='word_1_319' title='bbox 758 2993 860 3020; x_wconf 81' lang='lat' dir='ltr'>soror</span> <span class='ocrx_word' id='word_1_320' title='bbox 884 2983 1076 3020; x_wconf 85' lang='lat' dir='ltr'>Gertrudis</span> <span class='ocrx_word' id='word_1_321' title='bbox 1101 2984 1259 3031; x_wconf 83' lang='lat' dir='ltr'>reginae.</span> 
     </span>
    </p>
   </div>
  </div>
 </body>
</html>
