1924 3288
561 174 759 205 wmALm
787 173 1036 205 EPISTOLAE
1064 172 1114 203 93.
1137 173 1186 203 94.
1537 151 1539 154 ⁵
1572 162 1654 206 167

93 283 211 329 spem
249 272 432 314 vestram
469 283 624 325 magna
661 283 713 313 ex
749 272 869 327 parte
908 269 961 312 ad
996 268 1172 312 tuendas
1204 270 1247 312 et
1275 267 1557 312 defendendas
1587 283 1654 313 res
1680 272 1774 310 1148

92 351 254 393 vestras
285 348 397 406 apud
425 361 503 392 nos
533 348 789 405 posueratis,
826 347 921 405 plus
953 347 1145 391 omnibus
1176 345 1365 390 homines
1396 350 1558 391 vestros
1589 347 1654 391 in-

91 426 218 471 festat
226 433 253 482 ⁸,
285 426 389 471 adeo
419 430 467 470 ut
496 425 791 470 ministeriales
822 429 984 469 vestros
1015 425 1067 469 de
1097 424 1266 490 Huxere
1295 424 1419 468 rebus
1451 425 1538 469 suis
1569 439 1654 469 non

89 504 228 548 minus
267 518 394 561 quam
431 504 486 548 ad
522 507 690 548 centum
729 504 1033 560 quinquaginta
1068 516 1232 547 marcas
1262 502 1468 547 violenter
1498 503 1653 561 spolia-

89 582 210 626 verit.
302 582 500 626 Villicum
537 585 724 626 vestrum
765 581 816 625 de
846 581 1171 625 Immenkhusen
1201 581 1391 625 homines
1421 582 1556 639 ipsius
1586 583 1652 626 in-

89 663 299 716 vaserant,
331 663 374 704 et
403 660 666 715 occidissent,
698 659 736 703 si
765 659 837 702 vix
857 673 1007 702 manus
1030 673 1174 703 eorum
1192 673 1278 703 non
1299 660 1543 717 evasissent,
1574 675 1651 718 pro

91 739 272 796 quodam
301 737 516 794 beneficio,
549 738 660 794 quod
679 737 730 781 de
751 751 917 781 annona
936 737 1115 781 fratrum
1136 737 1195 781 eis
1217 742 1489 782 concesserat.
1538 738 1653 783 Solet

89 817 203 862 enim
242 817 293 861 de
329 816 543 874 prebenda
578 816 759 859 fratrum
796 815 985 859 homines
1025 829 1121 859 suos
1151 815 1458 860 inbeneficiare.
1564 817 1653 861 Alii

88 898 282 953 preterea
307 894 431 938 multi
452 897 494 938 et
511 893 768 952 prebendam
788 893 968 937 fratrum
989 893 1197 951 dissipant
1218 897 1260 938 et
1278 894 1469 939 homines
1489 898 1652 939 vestros

88 973 295 1029 lacerant,
334 973 385 1016 de
417 972 566 1029 quibus
596 971 692 1029 plus
724 985 850 1028 quam
881 972 984 1016 satis
1016 972 1216 1028 audietis,
1258 985 1353 1015 cum
1382 973 1568 1030 primum
1599 974 1653 1017 ad

87 1065 164 1095 nos
195 1051 285 1095 Deo
324 1051 512 1108 propicio
550 1049 796 1094 redieritish.
903 1049 985 1094 Pro
1023 1050 1089 1094 his
1121 1053 1164 1094 et
1192 1050 1431 1094 huiusmodi
1460 1051 1652 1108 pluribus

88 1130 247 1185 causis,
287 1143 390 1186 quas
430 1131 472 1172 et
507 1129 693 1186 patimur
731 1131 773 1172 et
808 1142 1006 1185 passuros
1044 1143 1121 1172 nos
1151 1128 1446 1184 formidamus,
1484 1129 1650 1186 fratres,

87 1207 398 1263 ministeriales,
431 1207 672 1263 omnisque⁰
697 1206 914 1250 hominum
945 1210 987 1251 et
1015 1206 1202 1251 fidelium
1234 1207 1459 1251 aecclesiae
1486 1211 1652 1252 vestrae

87 1286 397 1344 deprecatorias
436 1285 580 1329 literas
618 1284 811 1329 misimus
851 1285 904 1328 ad
940 1299 1036 1341 vos,
1077 1285 1299 1341 diligenter
1338 1289 1380 1330 et
1409 1299 1505 1330 cum
1536 1287 1651 1330 omni

87 1378 170 1422 qua
198 1378 422 1422 possumus
453 1364 673 1408 devotione
704 1363 989 1420 obsecrantes,
1022 1364 1218 1420 quatinus
1248 1364 1432 1408 reditum
1462 1368 1650 1409 vestrum

85 1442 140 1487 ad
168 1456 244 1487 1108
276 1442 522 1499 quantocius
564 1441 802 1486 acceleretis
842 1445 884 1486 et
913 1456 1132 1499 pressuras
1162 1445 1328 1486 nostras
1358 1446 1448 1486 tam
1478 1457 1650 1500 presen-

84 1523 148 1565 tes
180 1534 306 1577 quam
337 1534 429 1576 eas,
463 1534 566 1577 quas
596 1520 758 1564 futuras
788 1520 998 1576 timemus,
1032 1521 1131 1564 dum
1164 1521 1298 1564 adhuc
1327 1522 1519 1578 potestis,
1552 1522 1650 1566 sub-

84 1599 223 1643 levare
258 1599 478 1643 festinetis.
532 1597 681 1642 Comes
721 1612 884 1655 quoque
921 1598 1204 1643 Herimannus
1242 1600 1425 1644 reditum
1461 1603 1650 1644 vestrum

84 1677 335 1722 omnimodis
382 1677 612 1732 desiderat,
658 1676 919 1733 multumque
964 1680 1052 1721 tam
1098 1678 1216 1727 vobis
1258 1692 1384 1735 quam
1423 1679 1649 1723 aecclesiae

84 1758 249 1800 vestrae
286 1754 532 1810 offuturum,
574 1755 611 1798 si
648 1755 730 1798 cito
766 1768 852 1798 non
888 1755 1119 1812 redieritis,
1160 1755 1353 1800 affirmat.
1461 1757 1526 1801 De
1556 1771 1648 1801 mu-

84 1833 236 1878 niendo
266 1836 408 1877 monte
438 1836 579 1877 vestro
599 1832 889 1877 Brunesberch
918 1847 1004 1877 non
1033 1834 1195 1879 modice
1224 1835 1405 1893 populus
1434 1835 1645 1880 formidat.

87 2005 168 2052 94.
198 2008 409 2051 Wibaldus
442 2007 747 2051 corbeiensibus
777 2009 1014 2066 respondet,
1052 2025 1135 2052 esse
1166 2025 1240 2053 cur
1269 2011 1389 2054 rebus
1426 2009 1648 2053 Stabulen-

201 2087 311 2129 sibus
334 2100 535 2143 praesens
566 2085 676 2127 assit.
724 2086 856 2128 Addit
884 2086 935 2129 de
965 2089 1150 2131 coenobii
1182 2088 1432 2131 Corbeiensis
1462 2089 1646 2145 neyotiis.

1461 2164 1533 2219 (M.
1560 2165 1647 2219 78.)

202 2239 351 2284 Frater
381 2239 598 2284 Wibaldus
638 2239 720 2283 Dei
761 2240 898 2295 gratia
935 2239 1198 2285 Corbeiensis
1237 2241 1462 2287 aecclesiae
1502 2257 1646 2287 servus

85 2318 248 2362 dilectis
277 2319 324 2362 in
354 2318 520 2362 Christo
550 2317 648 2361 filiis
688 2321 730 2361 et
764 2318 965 2362 fratribus
1005 2320 1114 2375 suis,
1145 2319 1195 2363 E.
1229 2321 1461 2365 venerabili
1498 2322 1645 2378 priori,

85 2396 346 2451 A(delberto)
366 2397 581 2454 preposito
614 2399 655 2439 et
685 2396 833 2439 ceteris
863 2396 1062 2440 fratribus
1093 2411 1170 2441 nec
1194 2412 1279 2441 non
1299 2398 1645 2443 ministerialibus

86 2474 349 2518 Corbeiensis
379 2473 645 2529 monasterii,
679 2473 832 2530 spiritu
862 2474 1025 2518 consilii
1056 2478 1098 2519 et
1126 2475 1385 2519 fortitudinis
1419 2477 1643 2520 abundare.

203 2552 322 2604 Quod
361 2552 562 2596 aecclesia
599 2552 882 2607 CorbeiensiS,
925 2566 1049 2609 quam
1086 2554 1310 2609 regendam
1347 2554 1437 2598 Deo
1478 2558 1645 2598 auctore

85 2630 357 2688 suscepimus,
389 2630 486 2674 ullis
517 2630 561 2674 in
593 2631 784 2674 absentia
812 2633 958 2674 nostra
987 2644 1183 2674 curarum
1214 2632 1302 2675 sive
1331 2632 1524 2675 laborum
1547 2633 1644 2676 fati-

84 2711 208 2764 gatur
243 2708 468 2764 molestiiS,
515 2712 681 2752 tantum
720 2708 929 2764 dolemuS,
968 2712 1170 2765 quantum
1207 2709 1345 2766 ipsam
1385 2710 1642 2767 aecclesiam,

85 2800 191 2842 quae
227 2789 396 2831 nostrae
433 2787 635 2844 parvitati
671 2787 830 2830 credita
865 2790 949 2842 est,
987 2786 1068 2830 Dei
1097 2801 1173 2844 pre
1204 2788 1333 2831 oculis
1364 2789 1515 2832 timore
1546 2803 1643 2846 pro-

84 2863 236 2920 posito,
269 2864 494 2919 diligimus.
540 2865 598 2909 Et
627 2879 701 2908 vos
733 2865 914 2922 quidem,
945 2878 1174 2921 paucarum
1203 2880 1343 2909 rerum
1365 2867 1642 2912 amaritudine

181 2956 208 2976 a.
235 2947 398 2978 indefestat
419 2960 445 2978 c.
528 2948 558 2978 b.
587 2949 712 2979 redietis
735 2960 760 2978 c.
844 2957 868 2978 c.
897 2948 1057 2979 multitudo
1078 2950 1126 2980 vel
1149 2950 1278 2980 societas
1299 2950 1448 2981 excidisse
1468 2952 1596 2982 videtur.

1674 2251 1767 2286 1148
