1924 3288
639 192 888 225 nmsronu:
917 193 990 226 474.
1011 193 1082 225 4¹15
1555 183 1643 228 605

78 285 416 345 achiepiscopus
457 287 609 332 dilecto
653 289 786 333 amico
825 302 900 332 suo
938 288 1091 332 domno
1129 286 1372 333 widikindo
1411 288 1642 334 venerabili
1668 294 1760 374 11190

77 362 320 409 Corbeiensi
351 365 493 410 abbati
523 366 724 410 orationis
756 375 799 411 et
827 367 1002 410 intimae
1033 366 1268 410 dilectionis
1299 367 1558 424 obsequium.

193 441 447 488 Petitionem
491 444 730 489 honestatis
767 448 934 490 vestrae
979 459 1105 502 super
1151 446 1461 490 consecratione
1500 449 1643 490 vestra

74 524 272 579 prompta
293 521 508 566 voluntate
539 536 588 567 ac
618 523 798 579 benigno
830 522 982 567 affectu
1013 523 1287 580 suscepimus,
1318 526 1464 582 utpote
1495 524 1547 569 de
1577 538 1640 581 eo,

76 611 200 654 quem
229 599 392 644 sincero
423 600 547 644 corde
578 601 872 659 amplectimur
902 601 1101 658 cuiusque
1125 601 1322 658 obsequio
1342 601 1521 646 libenter
1541 616 1642 660 ope-

73 689 167 720 ram
195 681 383 723 nostram
412 678 711 736 impendimus.
764 679 814 723 In
844 679 1038 737 proxima
1066 679 1196 735 igitur
1226 680 1437 724 dominica
1466 678 1558 725 die¹
1587 695 1641 725 ex

73 754 246 799 consilio
285 756 456 800 ecclesie
493 760 635 801 nostre
673 771 846 801 manum
876 758 995 802 vobis
1033 758 1236 815 inponere
1267 759 1548 816 disponimus;
1587 759 1641 803 ad

73 845 198 888 quem
213 833 324 878 diem
345 835 614 879 sanctitatem
627 839 812 879 vestram
827 836 1068 892 invitamus,
1085 839 1294 893 rogantes,
1315 840 1363 881 ut
1381 837 1428 881 in
1447 837 1639 895 proximo

72 909 269 956 sabbato'
289 911 416 957 Calve
447 913 501 956 ad
530 927 607 956 nos
628 914 820 971 veniatis,
853 915 1209 959 consecrationem
1239 929 1266 959 a
1293 915 1414 960 nobis
1444 916 1641 974 proxima

71 988 139 1034 die
169 992 362 1048 sequenti
391 991 617 1049 accepturi.

71 1131 191 1180 475.
216 1135 474 1179 Widikindus
505 1137 632 1180 abbas
654 1136 973 1192 Corbeiensibus,
1005 1153 1048 1180 se
1078 1144 1357 1181 consecratum
1383 1154 1478 1192 esse,
1510 1139 1637 1196 siqni-

207 1214 349 1274 ᾖσαν.

187 1301 454 1347 widikindus
474 1302 556 1346 Dei
575 1303 714 1358 gratia
733 1302 996 1347 Gorbeiensis
1021 1303 1221 1348 ecclesiae
1240 1303 1411 1348 humilis
1443 1305 1637 1349 minister
1662 1315 1755 1351 1190

69 1379 232 1424 dilectis
247 1381 293 1424 in
308 1380 474 1425 Christo
490 1380 704 1437 fratribus,
712 1380 962 1436 F(riderico)'
976 1382 1123 1438 priori,
1132 1381 1402 1438 M(einharto)
1419 1384 1635 1440 preposito
1679 1364 1726 1395 Μ

67 1458 229 1516 totique
245 1458 432 1503 eiusdem
453 1458 626 1503 ecclesie
646 1459 829 1517 capitulo
851 1459 1029 1504 salutem
1050 1463 1092 1504 et
1111 1463 1334 1518 paternam
1354 1460 1633 1506 dilectionem.

189 1536 481 1592 Significamus
503 1537 636 1593 vobis,
669 1538 780 1594 quod
809 1538 984 1582 nuncios
1014 1542 1180 1583 nostros
1213 1539 1267 1583 ad
1296 1539 1497 1583 domnum
1517 1539 1636 1596 Mag-

68 1614 371 1671 deburgensem
400 1615 726 1671 transmisimus,
755 1619 804 1659 ut
832 1616 1133 1660 benedictionis
1163 1620 1307 1662 nostre
1338 1618 1391 1662 ab
1421 1618 1514 1676 ipso
1538 1633 1634 1675 gra-

67 1693 172 1737 tiam
209 1697 426 1751 tamquam
463 1708 489 1738 a
518 1695 609 1739 viro
647 1693 824 1751 probato
854 1695 1160 1751 reciperemus,
1199 1709 1377 1752 eumque
1407 1697 1462 1740 ad
1491 1701 1636 1742 nostre

66 1772 288 1830 peticionis
329 1772 522 1816 effectum
551 1775 748 1830 paratum
777 1772 1027 1816 invenimus.
1091 1772 1164 1817 Set
1193 1787 1246 1818 ne
1278 1774 1399 1831 quid,
1439 1774 1550 1831 quod
1581 1775 1635 1819 ad

67 1850 276 1894 cautelam
298 1853 341 1895 et
367 1864 488 1895 suam
509 1854 551 1894 et
569 1853 759 1894 nostram
779 1853 1000 1907 spectaret,
1023 1851 1250 1908 omitteret,
1275 1852 1374 1908 quia
1394 1856 1634 1911 exemptam

68 1929 286 1973 ecclesiam
314 1928 504 1973 nostram
535 1943 560 1972 a
588 1928 876 1973 iurisdictione
908 1929 1094 1972 omnium
1125 1930 1417 1987 episcoporum
1445 1931 1633 1975 nondum

67 2019 120 2052 ex
156 2007 449 2052 instrumentis
485 2007 643 2051 nostris
678 2007 802 2064 plene
841 2010 1112 2063 cognoverat,
1151 2008 1429 2066 exemptionis
1463 2013 1632 2055 nostrae

67 2085 256 2130 exhiberi
301 2086 383 2130 sibi
425 2085 694 2144 privilegium
734 2084 976 2142 postulavit.
1046 2084 1165 2137 Quod
1202 2099 1298 2130 cum
1335 2087 1380 2130 in
1419 2088 1634 2132 audientia

65 2163 397 2220 Mersburgensis
435 2163 691 2219 Everhardi,
727 2162 1108 2219 Nuwenburgensis
1144 2163 1380 2221 Bertholdi,
1416 2164 1631 2210 Branden-

64 2241 284 2298 burgensis
314 2242 453 2298 Alexi,
484 2242 746 2286 Missinensis
778 2241 988 2285 Thiderici
1019 2242 1323 2299 episcoporum,
1361 2242 1559 2287 abbatum
1589 2247 1632 2289 et

66 2320 327 2364 diversarum
357 2320 627 2364 ecclesiarum
647 2319 905 2377 prelatorum
924 2320 970 2363 in
991 2319 1166 2364 ecclesia
1186 2334 1293 2377 quae
1313 2319 1630 2378 Godesgenathe

66 2398 219 2442 dicitur
255 2398 422 2456 publice
457 2398 606 2442 fuisset
642 2398 885 2453 recitatum,
927 2397 1125 2442 ecclesiae
1162 2401 1332 2442 nostrae
1368 2398 1542 2443 libertas
1576 2399 1629 2444 ab

66 2476 256 2520 omnibus
289 2479 354 2520 est
383 2476 674 2534 comprobata3
707 2480 749 2520 et
780 2476 840 2519 sic
870 2488 921 2519 ex
944 2476 1129 2519 omnium
1148 2476 1433 2534 predictorum
1454 2477 1628 2521 consilio

66 2555 357 2612 episcoporum
387 2557 430 2598 et
459 2567 552 2598 cum
585 2554 645 2598 eis
676 2554 852 2597 domnus
883 2553 1219 2612 archiepiscopus
1250 2568 1423 2598 manum
1442 2554 1561 2599 nobis
1581 2555 1627 2599 in

65 2631 133 2676 die
162 2632 283 2677 beate
302 2629 530 2676 Praxedis¹
558 2631 771 2690 imposuit.
813 2630 902 2675 Hec
919 2631 1039 2676 vobis
1068 2632 1306 2676 intimanda
1333 2632 1625 2690 iudicavimus,

64 2712 113 2753 ut
143 2713 186 2754 et
215 2710 387 2755 ecclesie
415 2713 580 2754 vestrae
612 2713 655 2754 et
682 2712 824 2753 nostro
854 2709 1004 2753 honori
1033 2710 1395 2766 congratulemini.

160 2801 188 2823 a.
217 2796 258 2832 cf.
279 2805 372 2833 cupra
389 2805 422 2834 p.
434 2794 496 2826 604
515 2806 542 2824 ιι.
557 2805 583 2824 c.

160 2845 193 2881 1.
217 2845 284 2882 Iul.
302 2846 360 2882 21.
456 2847 490 2883 2.
514 2846 580 2882 Iul.
598 2845 655 2881 20.
