1924 3288
547 205 745 236 wmALm
773 205 1022 237 EPISTOLAE
1051 190 1205 236 94—9e.'
1567 194 1650 238 169

89 299 280 357 hminum,
301 300 418 359 pacis
444 301 695 345 constitutae
715 301 760 344 in
781 314 901 345 sacra
921 301 1116 359 passione
1136 298 1369 346 dominica¹
1387 301 1647 358 violatorem,
1674 305 1767 342 1148

90 381 241 424 emta
261 379 489 424 'restituere
520 382 562 424 et
592 379 835 424 satisfacere
865 382 1127 424 commoneat
1156 379 1224 424 vel
1255 379 1331 425 sub
1353 393 1464 438 pena
1482 394 1649 425 excom-

89 457 382 502 municationis
413 457 648 516 compellat.

93 598 174 649 95.
205 601 426 647 Heinricus
454 604 741 647 Romanorum
773 618 849 645 rea·
877 601 1069 659 Enyem‘o
1099 603 1170 647 ΠΙ
1197 604 1357 661 qratias
1387 605 1474 662 aqit
1504 604 1555 647 de
1584 604 1649 647 lit-

207 680 304 724 teris
335 681 394 724 ad
413 681 626 738 principes
655 681 797 722 missis.
844 680 1081 724 Ebruinum
1111 682 1372 740 capellanum
1403 690 1582 726 excusat.

199 768 490 814 ,Dilectissimo
527 769 573 813 in
602 768 769 813 Christo
800 769 913 826 patri
943 783 1017 814 suo
1047 770 1236 826 Eugenio
1269 785 1431 816 summo
1461 771 1651 829 pontifici
1675 774 1767 811 1148

89 846 310 892 Heinrieus
346 847 428 892 Dei
473 847 610 903 gratia
646 847 931 892 Romanorum
971 862 1047 893 rex
1084 847 1256 893 filialem
1295 864 1371 908 per
1409 850 1551 894 omnia
1587 850 1650 894 di—

87 925 310 970 lectionem
339 928 382 970 et
412 926 597 970 debitam
626 926 672 969 in
702 925 883 970 Domino
913 927 1204 971 reverentiam.

208 1003 431 1048 Sanctitati
466 1007 632 1048 vestrae
676 1004 880 1062 plurimas
922 1005 1155 1061 gratiarum
1192 1006 1377 1051 actiones
1415 1007 1650 1064 referimus,

89 1082 201 1140 quod
228 1085 418 1127 nostram
447 1085 602 1127 etatem
631 1086 807 1141 paterno
837 1082 988 1128 affectu
1006 1083 1180 1128 visitare
1202 1087 1244 1128 et
1264 1084 1470 1129 consolari
1490 1086 1651 1141 dignati

91 1160 191 1205 estis
223 1173 272 1205 ac
300 1161 559 1219 principibus
588 1162 709 1217 regni
737 1161 858 1206 nobis
880 1162 905 1205 a
923 1162 1012 1206 Deo
1034 1162 1175 1206 collati
1196 1162 1375 1207 sollicita
1394 1163 1651 1219 benignitate

91 1236 308 1296 scfibere',
347 1239 541 1297 quatinus
578 1240 699 1284 nobis
735 1239 862 1284 fidem
899 1243 941 1302 et
978 1240 1243 1286 dilectionem
1280 1241 1504 1286 exhibeant
1535 1246 1576 1286 et
1605 1243 1650 1287 in

91 1318 467 1363 amministratione
496 1319 615 1375 regni
645 1318 766 1363 nobis
797 1318 1016 1363 consilium
1047 1322 1089 1364 et
1119 1323 1373 1378 oportunum
1397 1321 1651 1365 adiutorium

88 1396 239 1440 ferant.
301 1396 364 1441 Ob
402 1411 528 1454 quam
563 1411 655 1441 rem
683 1399 848 1441 vestrae
883 1411 1088 1455 personae
1127 1401 1169 1442 et
1204 1402 1495 1444 sacrosanctae
1524 1400 1652 1444 matri

89 1477 257 1519 nostrae
285 1473 497 1520 Romanae
524 1476 727 1520 >ecclesiae
762 1476 914 1520 intima
951 1477 1126 1520 caritate
1164 1477 1304 1522 devoti
1344 1480 1386 1522 et
1425 1478 1478 1522 ad
1509 1478 1651 1523 defen-

90 1553 250 1598 sionem
279 1553 507 1598 catholicae
538 1554 735 1599 ecclesiae
764 1552 842 1613 pro
871 1555 1031 1599 viribus
1061 1555 1220 1613 parati,
1258 1555 1549 1601 excellentiam
1580 1571 1651 1601 ve-

91 1634 223 1676 stram
258 1630 378 1676 filiali
416 1633 657 1677 sinceritate
696 1632 945 1689 salutamus,
985 1633 1199 1690 obtantes,
1239 1637 1288 1678 ut
1325 1635 1443 1679 vobis
1479 1638 1569 1679 tam
1604 1636 1650 1680 in

90 1710 232 1754 anima
261 1724 385 1768 quam
415 1712 460 1755 in
490 1724 663 1770 corpore
685 1712 826 1756 omnia
845 1723 1050 1770 prospera
1069 1713 1294 1757 succedant
1315 1716 1357 1757 et
1375 1716 1424 1757 ut
1443 1713 1650 1758 Dominus

90 1791 279 1833 conterat
316 1789 535 1834 sathanam
570 1790 646 1834 sub
675 1791 853 1848 pedibus
882 1790 1047 1835 vestris.
1166 1791 1380 1836 Ebruinus
1411 1792 1650 1850 capellanus

90 1867 223 1925 patris
261 1867 396 1911 nostri
434 1871 476 1911 et
514 1871 656 1912 noster
694 1869 805 1926 apud
843 1868 1133 1913 celsitudinem
1162 1873 1348 1914 vestram
1382 1870 1650 1916 insimulatus

93 1948 169 2002 est,
202 1945 321 2003 quasi
351 1949 516 1990 vestrae
547 1946 761 1990 sanctitati
790 1947 917 1991 verbo
948 1947 1170 1991 temerario
1194 1951 1267 1992 aut
1285 1948 1559 2006 petulantiori
1579 1950 1650 1995 de-

91 2024 281 2068 traxerit.
333 2023 453 2076 Quod
483 2025 562 2068 etsi
591 2026 637 2069 in
666 2025 843 2070 veritate
873 2028 1097 2082 constaret,
1129 2027 1479 2071 contemnendum
1508 2031 1651 2073 tamen

91 2105 134 2146 et
161 2116 334 2160 prorsus
356 2102 619 2146 abiciendum
641 2104 666 2147 a
685 2107 827 2148 vestra
846 2104 1096 2148 discretione
1117 2108 1239 2149 esset.
1286 2105 1419 2161 Igitur
1439 2108 1649 2164 quoniam,

90 2184 265 2237 urgente
295 2180 468 2225 alterius
499 2181 735 2238 maledicto,
768 2182 966 2238 quiddam
995 2182 1157 2227 locutus
1190 2186 1266 2239 est,
1299 2185 1410 2241 quod
1441 2185 1650 2230 detractor

91 2273 190 2303 suus
221 2259 428 2304 delatione
458 2259 725 2317 depravavit,
762 2260 898 2304 nostri
925 2274 1087 2304 memor
1116 2261 1280 2306 bonitas
1311 2266 1452 2307 vestra
1480 2265 1648 2322 inpuni-

91 2340 181 2381 tum
211 2351 307 2382 eum
337 2341 379 2383 et
409 2338 645 2383 absolutum
674 2338 719 2382 in
747 2337 1008 2395 plenitudine
1038 2340 1198 2395 gratiae
1229 2340 1423 2385 dimittet.

95 2480 175 2528 96.
206 2482 417 2526 Wbaldus
446 2482 657 2538 Hadwidi,
689 2485 824 2526 sorori
848 2485 1026 2527 Arnoldi
1055 2485 1305 2540 cancellarii,
1337 2502 1380 2528 se
1411 2487 1461 2529 de
1491 2487 1647 2530 littera-

208 2576 303 2603 rwm
332 2563 553 2605 cessatione
583 2569 758 2605 excusat.
805 2562 874 2605 De
903 2563 987 2605 suis
1015 2563 1187 2619 nepotiis
1218 2563 1345 2606 addit.
1461 2562 1532 2616 (M.
1559 2563 1645 2617 79.)

210 2648 358 2694 Frater
379 2649 628 2706 W(ibaldus)
650 2651 731 2695 Dei
755 2651 893 2707 gratia
921 2651 979 2707 id,
1011 2652 1122 2707 quod
1153 2654 1216 2695 est
1245 2652 1289 2694 in
1320 2652 1525 2696 catholica
1555 2666 1646 2697 aec-
1670 2665 1763 2701 1148

92 2727 231 2784 clesia,
263 2727 438 2772 dilectae
469 2729 602 2773 sorori
633 2743 732 2773 suae
756 2729 951 2774 Hadwidi
981 2729 1311 2774 benedictionem
1343 2733 1385 2774 et
1414 2731 1546 2774 vitam
1577 2745 1646 2776 us-

92 2819 172 2863 que
201 2806 246 2850 in
276 2806 472 2850 seculum.

209 2883 489 2942 Reprehendit
517 2899 594 2929 nos
624 2886 815 2930 fortassis
848 2889 890 2930 et
919 2885 1059 2941 arguit
1089 2884 1255 2929 dilectio
1279 2889 1366 2942 tua,
1397 2887 1522 2943 quod,
1551 2890 1644 2932 tan-

188 2973 221 3009 1.
250 2973 339 3010 1148
362 2973 466 3010 Mart.
483 2973 542 3011 28.
637 2974 672 3010 2.
697 2972 754 3011 Cf.
779 2984 862 3020 epp.
880 2974 927 3011 80
950 2976 989 3011 et
1012 2974 1055 3010 81
1083 2984 1194 3020 supra
1217 2985 1254 3020 p.
1272 2974 1342 3011 154
1358 2977 1396 3012 et
1413 2974 1492 3012 155.
