1924 3288
313 191 399 235 266
755 204 953 235 wmALm
981 204 1228 236 EPISTOLAE
1257 205 1326 236 160.
1350 206 1420 236 161.

318 297 430 345 160.
456 299 666 344 Wibaldus
701 300 885 344 Gnidoni
904 300 1156 344 'cancellario
1179 301 1334 359 papali
1364 301 1416 343 de
1443 302 1575 345 salute
1601 302 1680 346 eibi
1708 302 1868 347 duab-e

458 372 517 415 ad
543 373 782 415 Amelmum
819 373 1053 430 episcopum
1082 372 1448 430 Havelberqemem
1479 373 1658 431 epistola}
1686 374 1868 432 aaa-ipsa

453 444 613 501 qratia&
649 445 746 501 ayit.
809 444 1074 488 Commendat
1107 444 1364 488 Hartwt'ewm
1402 445 1570 487 electum
1602 444 1866 489 Brea-amm

457 522 496 557 et
523 514 779 559 Hartwimm
800 517 1086 573 praepositmn
1114 517 1159 559 in
1188 516 1352 559 Italiam
1385 523 1556 559 euntem.
1654 515 1728 570 (M.
1747 516 1865 571 113.)

193 609 284 646 1149
425 603 667 647 Reverendo
704 604 816 661 patri
854 617 929 647 suo
968 607 1011 648 et
1046 605 1213 648 domino
1245 603 1428 648 Guidoni
1457 606 1626 649 sanctae
1654 604 1866 651 Romanae

309 681 506 725 ecclesiae
535 680 739 725 cardinali
769 681 942 726 diacono
955 679 978 738 ¹,
1014 682 1267 739 apostolicae
1297 682 1408 725 sedis
1438 681 1706 739 cancellario,
1734 682 1866 728 frater

308 758 558 813 Wfibaldus)
574 758 812 814 Dei-gratia
830 759 888 815 id,
910 759 1020 816 quod
1040 763 1105 803 est
1123 760 1168 803 in
1188 759 1390 804 aecclesia
1409 759 1626 816 catholica,
1646 760 1863 818 seipsum.

424 836 520 880 Non
558 837 610 881 ab
647 850 694 880 re
732 836 840 880 hauc
875 834 1205 894 possessionem²
1240 840 1404 881 vestrae
1442 836 1692 882 sublimitati
1727 836 1865 882 offeri-

306 928 421 970 mus,
462 928 589 971 quam
625 915 687 958 ita
723 915 964 958 memoriter
1003 919 1046 959 et
1082 914 1305 959 affectuose
1340 915 1514 971 tenetis,
1550 918 1618 971 ut,
1653 914 1754 960 licet
1788 927 1864 960 vos

307 992 420 1036 orbis
458 996 666 1036 terrarum
703 1005 804 1035 cura
841 991 1036 1036 sollicitet
1079 996 1122 1036 et
1157 1006 1360 1050 responsa
1401 991 1600 1036 ecclesiae
1636 991 1864 1055 catholicae

307 1070 535 1126 detineant,
566 1083 652 1114 non
680 1072 822 1114 tamen
853 1070 1093 1125 exiguitatis
1123 1073 1293 1114 nostrae
1323 1070 1417 1113 sitis
1438 1070 1704 1115 inmemores.
1746 1067 1866 1122 Quod

306 1148 430 1192 binae
468 1147 668 1205 epistolae
708 1148 761 1191 ad
799 1148 1041 1205 episcopum
1069 1144 1340 1192 Anselmum⁸
1377 1148 1402 1191 a
1429 1147 1549 1191 vobis
1577 1148 1733 1192 missae
1761 1147 1865 1192 satis

306 1226 613 1283 patefecerunt,
658 1225 704 1269 in
750 1226 899 1282 quibus
938 1226 1218 1283 subscriptam
1254 1226 1547 1270 salutationem
1583 1225 1639 1269 ad
1675 1227 1864 1269 nostrum

305 1317 528 1361 personam
566 1303 662 1360 piae
696 1303 997 1347 recordationis
1027 1302 1176 1347 affectu
1207 1303 1494 1348 subiunxistis.
1613 1302 1864 1361 Accepimus

304 1381 467 1425 litteras
503 1384 686 1436 vestras,
730 1394 832 1437 quas
871 1381 992 1425 nobis
1029 1395 1106 1438 per
1143 1395 1321 1438 puerum
1356 1384 1548 1425 nostrum
1583 1377 1864 1425 Ludovicum⁴

303 1459 611 1514 transmisistis,
642 1458 871 1515 plurimum
903 1472 954 1502 ex
985 1459 1045 1502 eis
1076 1459 1222 1514 gavisi,
1255 1459 1365 1515 quod
1396 1459 1574 1502 domnus
1595 1471 1708 1516 papa
1726 1461 1770 1502 et
1786 1471 1863 1503 vos

304 1536 425 1580 nobis
454 1539 656 1593 tanquam
684 1535 797 1579 fideli
828 1550 948 1580 servo
979 1550 1054 1580 suo
1083 1536 1242 1592 aliquid
1260 1536 1460 1593 inponere
1479 1536 1686 1591 voluistis,
1714 1535 1762 1579 in
1780 1549 1863 1593 quo
1918 1584 1922 1590 λ

304 1614 490 1658 studium
527 1627 576 1657 ac
615 1614 779 1658 devotio
815 1617 962 1657 nostra
998 1614 1110 1657 circa
1138 1613 1350 1657 Romanae
1387 1613 1584 1657 ecclesiae
1619 1613 1862 1670 obsequium

305 1694 518 1749 appareat.
640 1691 819 1735 Causam
856 1690 1094 1735 Bremensis
1133 1691 1253 1735 electi
1263 1688 1291 1746 ⁵,
1331 1705 1454 1747 quem
1492 1691 1628 1735 eidem
1665 1690 1863 1736 ecclesiae

302 1769 533 1827 plurimum
576 1783 699 1827 posse
742 1767 944 1826 proficere
988 1781 1072 1811 non
1118 1767 1365 1824 diffidimus,
1411 1771 1576 1813 vestrae
1617 1768 1863 1813 clementiae

304 1847 550 1905 suppliciter
599 1847 951 1891 commendamus.
1093 1845 1223 1912 LQY
1270 1847 1549 1908 presexsstium,
1598 1843 1862 1904 prepositus‘

304 1925 579 1981 Harthvicus‚
615 1924 682 1968 vir
710 1924 894 1981 prudens
925 1927 967 1968 et
995 1923 1204 1967 litteratus
1235 1927 1278 1967 et
1305 1924 1352 1967 in
1379 1927 1496 1968 terra
1523 1937 1600 1968 sua
1629 1923 1863 1969 sublimiter

303 2006 450 2059 natus,
487 2005 656 2046 nostrae
693 2002 894 2058 parvitati
928 2002 954 2045 a
981 2001 1106 2057 longo
1135 2004 1324 2059 tempore
1352 2005 1476 2045 notus
1509 2004 1552 2045 et
1578 2000 1754 2045 dilectus
1782 2003 1860 2045 est.

305 2080 435 2132 Quem
467 2080 640 2136 dignum
670 2080 892 2135 credimus,
922 2082 972 2122 ut
1001 2079 1040 2122 ei
1062 2079 1241 2137 gratiam
1261 2082 1446 2122 vestram
1467 2092 1563 2123 cum
1582 2077 1863 2123 benivolentia

306 2158 537 2202 exhibeatis
569 2161 611 2201 et
639 2158 684 2201 in
715 2158 801 2201 suis
832 2157 1110 2215 peticionibus
1141 2170 1236 2199 eum
1265 2156 1592 2201 misericorditer
1613 2155 1859 2200 exaudiatis.

310 2300 333 2346 1
344 2300 371 2347 6
381 2300 404 2346 1
413 2335 424 2346 .
455 2301 667 2345 ΠΤίὀαῖάαε
680 2300 938 2344 Hartwioum
952 2300 983 2344 I
994 2301 1162 2344 electum
1181 2300 1446 2344 Bremensem
1460 2306 1593 2356 royat‚
1614 2306 1661 2344 ut
1673 2299 1862 2343 Adonem

455 2373 668 2430 expulsam&
689 2374 875 2416 abbatem
893 2372 1258 2429 Rosenfeldemem
1285 2369 1480 2414 restituat.
1527 2371 1658 2414 Addit
1676 2370 1727 2413 de
1746 2371 1862 2414 bom's

452 2445 814 2489 Kaminatensibus
859 2445 988 2502 deque
1032 2444 1175 2486 litteris
1226 2442 1285 2486 ad
1333 2442 1623 2486 cancellarium
1664 2441 1861 2500 papalem

451 2517 594 2559 missis.
1645 2509 1718 2566 (M.
1743 2510 1860 2566 152.)

189 2607 279 2644 1149
422 2597 775 2643 Reverentissimo
805 2597 917 2655 patri
948 2610 1023 2640 suo
1054 2599 1096 2640 et
1115 2596 1282 2640 domino
1303 2594 1549 2649 H(artwico)
1570 2597 1740 2639 sanctae
1758 2593 1859 2639 Bre-

305 2677 462 2722 mensis
483 2675 708 2720 aecclesiae
727 2674 957 2719 venerabili
978 2674 1288 2732 archiepiscopo
1309 2672 1439 2717 electo
1459 2673 1590 2717 frater
1609 2671 1858 2727 Wfibaldus)

400 2771 433 2806 1.
460 2768 523 2806 SS.
542 2769 695 2806 Cosmae
719 2771 758 2805 et
781 2767 962 2805 Damiani.
1043 2768 1078 2803 2.
1103 2766 1161 2803 sui
1183 2766 1299 2812 ipsius
1324 2764 1527 2811 (wibaldi).
1602 2766 1638 2803 3.
1662 2765 1859 2803 Havelber-

305 2839 468 2875 gensem.
492 2828 539 2864 V.
557 2838 642 2874 epp.
661 2829 727 2865 121
746 2827 867 2865 01122
892 2837 1003 2873 supra
1025 2836 1062 2872 p.
1079 2825 1158 2862 195.
1178 2825 1258 2862 196.
1329 2824 1365 2861 4.
1390 2834 1497 2871 quem
1518 2823 1580 2862 die
1596 2823 1644 2861 30
1658 2824 1748 2862 Dec.
1766 2825 1859 2862 1148

305 2888 459 2925 viterbo
491 2886 698 2934 profectum
729 2897 828 2933 esse,
859 2886 969 2924 docet
998 2895 1056 2932 ep.
1075 2884 1144 2921 159
1175 2893 1286 2930 supra
1315 2893 1353 2930 p.
1375 2883 1457 2920 264.
1560 2884 1594 2921 5.
1626 2882 1801 2921 Hartwici
1827 2881 1858 2920 1.

306 2948 341 2983 6.
372 2947 672 2993 Hamburgensis.
