1924 3288
319 221 404 266 276
765 234 963 264 wmALm
991 232 1238 265 Eprsromm
1268 232 1338 263 166.
1363 232 1432 262 16⁷.

200 330 291 367 1149
315 328 549 373 siderabilis
588 331 652 371 est
681 330 845 371 vestrae
880 327 1148 372 iocunditatis
1182 326 1416 384 presentia,
1456 339 1541 370 non
1569 325 1664 370 ideo
1692 326 1873 381 mmm,

315 406 437 462 quia’
466 404 690 461 multiplici
717 404 971 448 ferculorum
1000 418 1150 460 genere
1180 417 1330 461 corpus
1360 417 1501 447 meum
1527 414 1663 460 nuper
1679 401 1874 460 pavistis,

315 487 380 527 set
410 483 509 539 quia
537 483 789 538 gratioribus
820 482 1110 538 condimentis,
1142 481 1461 526 mansuetudine
1481 479 1641 525 scilicet
1661 478 1874 524 ethilari-

314 563 414 616 tate,
447 560 634 604 animum
663 574 805 604 meum
834 561 1067 604 recreastis.

462 679 585 723 Multi
615 679 667 723 de
696 679 852 723 mundo
883 679 1112 723 docuerunt
1141 692 1212 722 ore
1242 677 1443 731 rotundo;

462 756 547 800 Adb
579 757 680 813 quid
710 757 766 801 sit
794 757 928 801 factus
942 753 964 812 ¹,
998 770 1078 812 quo
1107 759 1296 813 tempore
1325 755 1461 798 factus
1492 756 1535 798 et
1564 752 1688 808 unde,

462 834 585 878 Nobis
617 838 832 878 auctorum
861 833 1029 891 scriptis
1060 833 1248 890 aperitur
1279 831 1454 876 abunde.

462 911 514 954 13⁰
546 925 723 968 quorum
752 912 937 956 numeris
968 911 1040 968 qui
1070 910 1226 965 dicunt,
1259 909 1401 953 omnia
1429 907 1540 952 veris

464 989 590 1033 Grata
618 989 822 1047 temperie
851 989 1010 1047 primos
1042 991 1158 1031 ortus
1188 987 1396 1042 habuisse,

463 1068 584 1110 Ortus
613 1067 737 1111 rebus
768 1081 839 1111 eos
870 1069 990 1124 aptos
1020 1068 1138 1123 patet
1168 1063 1422 1108 attribuisse.

461 1144 568 1188 Lex*
598 1145 708 1188 veris
738 1144 850 1199 talis,
880 1144 991 1188 veris
1022 1141 1255 1199 complexio
1286 1140 1403 1184 talis:

463 1223 567 1266 llum
596 1223 822 1266 constricta
851 1220 947 1277 gelu
975 1219 1122 1276 nequit
1151 1218 1270 1262 arida
1297 1216 1562 1273 fructificare,
1860 1275 1862 1277 Ι

461 1299 562 1344 Ver⁰
593 1299 788 1355 calidum,
820 1302 884 1343 set
915 1301 957 1341 et
985 1297 1238 1351 humectum,
1271 1295 1376 1339 solet
1405 1295 1513 1339 hanc
1545 1293 1744 1339 animare.
1819 1295 1822 1299 ’

462 1376 531 1421 Sic
560 1375 608 1419 fit
637 1376 838 1420 fecundus
867 1376 1056 1420 redivivo
1087 1374 1275 1430 germine
1304 1373 1483 1416 mundus
1492 1369 1519 1416 ¹.

460 1471 618 1528 Abbas,
650 1457 753 1515 haec
782 1471 827 1514 in
856 1474 899 1514 te
930 1469 1162 1527 complexio
1193 1469 1302 1512 mira
1330 1471 1522 1523 notatur;

461 1549 539 1593 Illa
567 1563 644 1607 per
675 1547 844 1592 effectus
874 1548 919 1591 in
948 1551 990 1599 te
1021 1560 1197 1603 regnare
1226 1545 1439 1604 probatur.

460 1627 538 1670 Ula
570 1631 690 1670 tuum
719 1626 878 1670 fructus
911 1625 964 1669 ad
993 1628 1082 1668 tam
1111 1623 1307 1682 pulchros
1338 1636 1408 1667 cor
1439 1622 1589 1679 aravit,

459 1704 548 1748 Hec
578 1705 623 1748 in
653 1704 777 1747 corde
806 1706 878 1746 tuo
909 1703 1109 1746 virtutem
1138 1700 1418 1757 fructificavit,

459 1782 573 1834 Quae
603 1781 798 1839 pulchros
828 1794 966 1823 mores
997 1779 1274 1834 commendat,
1306 1782 1348 1822 et
1378 1782 1502 1834 auget
1530 1777 1721 1823 honores.

458 1859 571 1916 Ergo
601 1862 677 1903 tua
706 1858 799 1916 quis
830 1858 1006 1901 miretur
1037 1857 1088 1900 de
1116 1856 1410 1914 prosperitate,

459 1937 603 1982 Virtus
633 1937 679 1980 in
708 1939 827 1980 tanta
855 1935 935 1979 tibi
964 1947 1060 1978 cum
1089 1934 1229 1978 faveat
1257 1933 1478 1991 probitate.

318 2079 431 2126 167.
458 2081 669 2124 Wibaldus
700 2081 759 2123 ad
786 2078 1028 2136 Maneqoldi
1057 2077 1244 2120 canonici
1272 2077 1622 2120 Paderbornemis
1651 2074 1871 2120 blanditias

458 2158 654 2200 rescribit.
825 2203 837 2215 .
1656 2150 1729 2206 (Μ.
1754 2151 1869 2207 147.)

195 2252 286 2289 1149
429 2245 646 2291 Wibaldus
667 2244 748 2288 Dei
769 2244 906 2300 gratia
925 2243 1188 2287 Corbeiensis
1210 2241 1440 2307 aecclesiae⁴
1452 2244 1699 2298 procurator
1717 2239 1869 2287 dilecto

310 2324 431 2368 fratri
467 2326 508 2367 et
539 2322 671 2366 amico
703 2335 777 2365 suo
809 2319 1122 2376 M(anegoldo)‘,
1161 2318 1331 2363 maioris
1370 2317 1593 2362 aecclesiae
1622 2319 1667 2362 in
1696 2317 1869 2375 Pather-

310 2401 445 2445 buma
465 2399 664 2444 canonico
690 2402 733 2443 et
752 2398 888 2442 scolae
909 2398 1124 2454 magistro,
1148 2396 1307 2452 legere⁸
1326 2399 1374 2439 ut
1393 2395 1613 2453 intelligat,
1634 2394 1868 2452 intelligere

311 2482 358 2522 ut
387 2479 537 2536 sapiat,
570 2490 717 2534 sapere
747 2479 795 2520 ut
823 2475 1055 2534 provideat,
1085 2473 1307 2532 providere
1335 2476 1382 2516 ut
1411 2473 1537 2516 vivat.

429 2555 669 2600 Delectatus
701 2567 813 2609 sum,
852 2553 1004 2608 frater,
1042 2551 1193 2596 litteris
1222 2551 1328 2606 tuis,
1367 2564 1451 2594 non
1483 2550 1581 2607 quia
1610 2563 1678 2594 me
1706 2548 1867 2606 laudas,

311 2636 375 2677 set
405 2633 516 2689 quod
545 2636 587 2677 te
618 2631 784 2675 studere
815 2629 1023 2686 intelligo;
1061 2643 1145 2673 non
1176 2629 1274 2686 quia
1302 2641 1370 2671 me
1400 2626 1521 2671 effers
1551 2626 1773 2684 preconiis,
1803 2629 1868 2670 set

311 2710 411 2767 quia
447 2724 516 2754 me
546 2709 699 2765 diligis.
761 2707 887 2752 Nulla
925 2708 1038 2751 enim
1075 2706 1259 2751 laudatio
1294 2705 1384 2749 sine
1414 2718 1554 2748 amore
1584 2703 1676 2748 fieri
1706 2705 1865 2762 potest3

407 2808 434 2829 a.
455 2807 543 2838 quun
566 2810 593 2828 c.
664 2797 695 2828 b.
717 2797 750 2827 1d
773 2809 799 2827 c.
872 2805 898 2826 c.
919 2795 959 2827 Et
977 2808 1002 2826 c.
1079 2795 1108 2826 d.
1129 2794 1194 2826 Rex
1214 2806 1240 2826 c.
1317 2803 1344 2824 ο.
1365 2793 1423 2824 Per
1443 2805 1469 2824 c.
1548 2793 1570 2824 f.
1591 2795 1623 2824 io·
1643 2794 1779 2834 norgia-e
1798 2791 1865 2823 eli·

310 2864 400 2884 manu
421 2864 445 2883 ο.
460 2853 534 2883 ΧΙΙ.
556 2854 697 2891 scriptum
719 2857 763 2882 eet
784 2849 972 2888 Mmegoldo.
1047 2857 1076 2887 g.
1097 2848 1165 2887 1033
1187 2860 1213 2878 c.

407 2911 440 2946 1.
473 2920 526 2945 se.
549 2908 719 2944 mundus.
826 2909 861 2943 2.
896 2907 1032 2943 Decem
1069 2905 1197 2943 horum
1228 2914 1400 2941 versuum
1436 2903 1628 2950 principiis
1659 2901 1865 2949 Mmegoldi

313 2978 447 3006 nomen
473 2967 621 3005 formari
645 2967 772 3013 liquet.
