1924 3288
323 175 411 219 446
770 189 968 219 wmALm
996 188 1244 227 emerem
1271 189 1342 220 316.
1367 189 1437 220 81⁵1.

102 285 254 341 115051.
270 303 303 307 -
324 283 470 327 cedere
499 282 704 327 volumus.
760 282 878 334 Quod
910 286 1050 327 autem
1078 283 1196 328 laicis
1226 284 1442 340 negotium
1475 284 1555 329 hoc
1583 298 1661 342 per
1689 298 1767 330 nos
1794 298 1881 330 non

101 332 189 368 1151
207 339 249 364 ¹¹¹³
323 361 524 417 innotuit,
559 360 668 404 ratio
698 361 901 417 temporis
933 361 1146 418 poposcit,
1183 375 1237 406 ne
1267 362 1488 406 temerarie
1518 361 1643 406 solito
1671 361 1882 408 confiden-

323 438 408 482 tius
437 439 484 481 in
512 441 658 482 nostra
685 452 835 482 manus
863 439 1087 495 inicerent,
1124 453 1177 484 ne
1215 439 1313 483 fidei
1352 443 1394 483 et
1424 440 1684 485 constantiae
1712 443 1882 488 noaino

323 516 369 559 in
399 516 537 572 aliquo
568 515 808 560 detrahere⁸
840 520 1025 574 possent,
1055 532 1108 562 ne
1138 519 1245 562 itum
1265 517 1332 562 vel
1361 518 1546 562 reditum
1564 521 1752 563 vestrum
1771 517 1883 563 inse

323 594 551 637 consistere
579 594 832 638 iactitarent.
879 594 1099 640 Orationes
1131 599 1270 640 autem
1303 595 1356 639 ad
1375 595 1514 640 Deum
1543 609 1621 653 pro
1649 596 1815 652 magnis
1840 599 1882 640 ct

323 671 531 715 continuis
560 672 769 729 pressuris
799 673 978 729 nostris,
1017 677 1059 718 et
1094 677 1142 718 ut
1176 674 1298 718 nobis
1336 686 1482 730 pacem
1520 673 1674 718 mentis
1711 677 1755 718 et
1789 686 1882 719 cor-

322 749 437 806 poris
468 763 563 793 cum
594 750 748 807 spiritu
776 750 940 794 consilii
968 754 1011 794 et
1029 751 1288 796 fortitudinis
1308 751 1480 807 tribuat,
1510 751 1770 796 incessanter
1786 751 1882 796 fun-

324 827 474 871 dimus.
544 827 593 871 In
628 841 732 886 pace
771 828 884 872 enim
919 832 1061 873 vestra
1104 833 1249 874 nostra
1295 829 1499 873 consistit.
1569 822 1690 874 Unde
1727 828 1882 874 iterum

322 905 557 962 iterumque
586 906 872 950 universitatis
901 910 1069 951 nostrae
1100 909 1207 964 petit
1235 908 1377 963 facieS,
1407 911 1468 963 ut,
1498 907 1679 951 fratrum
1698 905 1881 951 filiorum

323 986 366 1027 et
385 984 614 1027 amicorum
633 987 868 1028 vestrorum
887 998 1106 1042 memoreS,
1128 986 1326 1030 ecclesiae
1351 984 1591 1030 Stabulensi
1615 985 1704 1028 iam
1721 984 1881 1030 labenti

323 1065 365 1105 et
392 1074 626 1119 pauperum
655 1062 774 1106 vobis
798 1063 1115 1106 commissorum
1135 1063 1394 1107 multimodis
1413 1062 1754 1108 tribulationibus
1783 1061 1881 1107 snb-

321 1139 520 1195 veniatis,
552 1143 594 1183 et
621 1140 667 1183 in
696 1140 844 1184 ultimo
874 1141 1136 1184 necessitatis
1168 1141 1343 1186 articulo
1381 1142 1468 1185 iam
1505 1154 1613 1199 pene
1643 1140 1881 1186 constitutis

322 1217 486 1262 consilii
515 1221 558 1261 et
588 1218 734 1262 auxilii
762 1232 934 1262 manum
963 1232 1048 1262 non
1079 1219 1348 1264 subtrahatis.

326 1371 442 1418 317.
469 1373 673 1417 Henricus
708 1374 932 1416 monachus
964 1373 1216 1418 stabulensis
1246 1375 1479 1418 Wibaldwm
1506 1381 1724 1432 precatur,
1762 1380 1809 1416 ut
1835 1373 1882 1416 in

470 1453 647 1509 reyendo
677 1453 922 1494 monasterio
956 1451 1190 1495 stabulensi
1213 1449 1458 1508 perseveret.
1665 1448 1738 1504 (M.
1760 1449 1880 1504 300.)

100 1551 192 1586 1150
207 1562 252 1583 ex.
269 1568 301 1572 —
439 1539 790 1584 Reverentissimo
827 1540 872 1583 in
909 1539 1075 1583 Christo
1112 1540 1226 1596 patri
1263 1553 1337 1583 suo
1376 1543 1419 1584 et
1454 1539 1622 1583 domino
1651 1538 1879 1594 wibaldo)

100 1599 189 1634 1151
206 1602 246 1631 iu·
321 1618 551 1662 venerabili
581 1617 819 1661 Stabulensi
849 1616 991 1660 abbati
1020 1617 1275 1673 H(enricus),
1308 1617 1505 1674 quicquid
1533 1617 1647 1674 patri
1673 1616 1798 1661 filius·

411 1714 413 1716 ’
439 1695 571 1751 Licet,
602 1699 722 1753 pater
753 1695 1053 1750 amantissime,
1085 1694 1336 1752 multiplices
1369 1695 1561 1752 querelae
1585 1698 1627 1739 et
1646 1694 1880 1739 cotidianae

322 1774 563 1818 vexationes
593 1787 826 1831 pauperum
856 1775 1096 1816 nostrorum
1124 1772 1186 1816 ita
1215 1787 1287 1817 cor
1317 1777 1358 1817 et
1389 1774 1572 1817 animam
1600 1787 1735 1818 meam
1765 1786 1879 1818 ama-

321 1852 574 1896 ritudinibus
613 1851 885 1908 repleverint,
925 1853 973 1893 ut
1009 1850 1082 1894 vix
1120 1850 1203 1894 alia
1239 1851 1386 1907 verba,
1427 1865 1553 1908 quam
1586 1865 1638 1896 ve
1675 1855 1719 1896 et
1747 1865 1798 1896 ve
1834 1851 1879 1895 in

322 1933 462 1974 mente
491 1929 681 1985 habeam,
711 1932 854 1972 tamen
883 1928 1052 1985 pietatis
1080 1931 1245 1972 vestrae
1275 1929 1506 1972 sinceritati
1534 1942 1670 1987 pauca
1698 1929 1879 1974 scribere

322 2007 486 2063 curavi,
522 2021 606 2051 non
637 2021 718 2063 quo
750 2007 1024 2050 eruditionem
1053 2009 1237 2050 vestram
1268 2009 1341 2050 aut
1371 2007 1558 2050 animum
1587 2017 1752 2064 semper
1780 2020 1880 2064 pro-

322 2085 479 2140 vidum,
511 2098 676 2142 semper
707 2084 792 2127 alta
821 2085 1068 2141 sapientem,
1099 2084 1307 2127 instruere
1335 2085 1564 2140 intendam,
1596 2088 1660 2130 set
1688 2087 1738 2128 ut
1756 2083 1880 2128 solita

323 2162 591 2219 simplicitate
611 2161 781 2206 filialem
802 2162 1064 2205 devotionem
1085 2162 1196 2218 patri
1216 2162 1439 2206 karissimo
1460 2176 1626 2220 semper
1645 2161 1876 2207 exhibeam.

322 2239 640 2284 Pretermittens
670 2240 811 2296 itaque
843 2239 1028 2283 omnium
1059 2240 1323 2296 questionum
1352 2241 1658 2298 propositiones
1688 2243 1732 2284 et
1754 2253 1877 2295 argu·

322 2321 558 2362 mentorum
593 2316 898 2372 conclusiones,
930 2331 1035 2374 quae
1068 2318 1119 2361 de
1149 2321 1234 2362 scio
1266 2321 1309 2362 et
1336 2321 1472 2362 nescio
1504 2320 1714 2362 contracte
1743 2319 1842 2361 sunt
1853 2314 1877 2373 ¹,

323 2398 524 2451 quantum
561 2394 804 2451 capacitatis
842 2407 934 2438 mee
970 2394 1203 2451 intelligere
1242 2398 1382 2452 potest
1417 2394 1614 2450 tarditas,
1653 2407 1738 2439 non
1774 2394 1876 2439 ordo

321 2473 477 2530 poscit,
515 2485 600 2516 non
629 2472 774 2528 regula
802 2472 941 2527 docet,
979 2486 1064 2516 non
1094 2473 1330 2517 obedientia
1358 2472 1557 2530 precipit,
1595 2484 1680 2516 non
1708 2472 1789 2516 ius
1805 2474 1878 2515 aut

321 2550 391 2594 lex
422 2550 693 2605 demonstrat,
723 2553 771 2593 ut
799 2554 919 2606 pater
948 2549 1056 2594 filios
1088 2550 1326 2594 obedientes
1353 2549 1528 2605 abdicet,
1559 2553 1607 2593 ut
1625 2553 1762 2594 mater
1779 2548 1877 2594 filiis

322 2631 511 2685 tempore
540 2627 800 2672 necessitatis
829 2627 959 2671 ubera
989 2627 1218 2683 subtrahat,
1250 2630 1297 2671 ut
1326 2627 1457 2671 bonus
1486 2630 1632 2684 pastor
1661 2641 1758 2672 oves
1779 2639 1876 2671 con-

322 2709 515 2761 gregatas
560 2705 706 2750 alienis
749 2704 859 2748 male
897 2705 1159 2762 dissipandas
1195 2704 1414 2761 relinquat.
1483 2704 1626 2760 Neque
1663 2704 1776 2748 enim
1812 2707 1877 2749 est

323 2786 470 2828 contra
498 2783 675 2828 salutem
705 2782 939 2827 animarum
969 2783 1056 2827 sive
1083 2785 1228 2827 contra
1246 2782 1511 2826 dilectionem
1531 2781 1611 2826 Dei
1631 2784 1673 2825 et
1692 2781 1874 2838 proximi

418 2888 445 2909 a.
475 2877 654 2909 dethrahere
675 2890 700 2908 c.

419 2938 451 2972 1.
476 2936 522 2973 V.
547 2947 630 2982 epp.
649 2936 718 2972 313
735 2938 773 2972 et
788 2935 858 2971 315
881 2945 992 2980 supra
1015 2945 1050 2980 p.
1069 2935 1138 2970 442
1156 2938 1193 2971 et
1208 2935 1290 2971 444.
