1930 3242
490 200 895 234 CHRONOGRAPHUS
928 202 1223 234 consummem
1585 191 1641 235 65

75 298 254 352 quatuor
289 297 455 352 magnis
487 297 698 341 montibus
730 298 1017 355 premunitur,
1057 298 1109 342 ab
1141 298 1376 342 occidente*
1407 312 1506 342 vero
1540 313 1641 354 quo-

74 372 172 416 dam
199 372 371 418 flumine
402 376 630 431 irroratur,
663 376 780 419 cuius
812 390 965 420 nomen
994 376 1150 420 Phafar
1181 376 1346 420 dicitur.
1402 376 1523 420 Hanc
1552 377 1641 420 An-

72 451 236 495 tiochus
267 466 343 496 rex
375 467 470 497 cum
502 454 588 497 suis
622 455 677 498 65
709 455 876 509 regibus
910 455 1116 510 condidit,
1149 455 1257 498 sicut
1286 455 1477 512 hystoria
1506 455 1641 512 ipsius

72 530 199 588 plane
229 531 345 588 dicit,
376 545 610 588 nomenque
642 532 693 575 de
725 546 799 575 suo
831 534 1000 577 nomine
1030 533 1195 576 indidit.
1247 533 1365 576 Hanc
1395 533 1538 589 itaque
1569 533 1642 577 ob-

74 608 273 654 sederunt
293 611 427 654 nostri
447 610 664 667 perigrini,
697 610 857 654 scilicet
878 612 1042 655 itineris
1065 612 1220 668 prioris
1252 611 1417 668 quando
1447 614 1489 655 et
1519 614 1643 668 capta

74 690 139 730 est
167 683 446 744 Hierusalem,
477 702 554 745 per
585 691 677 732 octo
709 702 874 732 menses
907 691 948 732 et
979 690 1091 733 diem
1113 703 1264 744 unum3
1298 693 1341 733 et
1359 689 1494 733 tribus
1517 690 1642 733 ebdo-

73 765 265 810 madibus
304 766 474 810 fuerunt
511 766 625 810 intus
662 766 814 810 inclusi
855 781 880 810 a
917 771 1042 823 gente
1072 768 1346 823 Parthorum,
1389 782 1468 824 que
1500 768 1641 811 divino

74 847 272 901 superata
301 845 487 889 subsidio
520 847 562 888 et
584 845 857 900 ammirabili3
890 849 1039 903 postea
1060 847 1308 902 quieverunt
1327 846 1372 889 in
1394 860 1443 890 ea
1464 849 1643 903 quatuor

73 935 239 967 menses
271 926 314 967 et
343 923 432 967 dies
466 924 505 967 8.

191 1077 450 1135 Patriarcha,
474 1078 660 1136 episcopi
677 1077 801 1122 Greci
821 1082 864 1123 et
878 1078 1020 1123 Latini
1043 1082 1084 1123 et
1105 1079 1277 1123 ecclesie
1299 1079 1642 1135 Ierosolimitane,

75 1156 322 1201 occidentali
353 1157 525 1201 ecclesie
556 1157 785 1201 universali
816 1159 1072 1202 consortium
1103 1158 1295 1202 coelestis
1326 1157 1566 1202 Ierusalem.

194 1235 401 1288 Quoniam
431 1235 603 1280 ecclesie
633 1239 802 1280 nostrae
833 1237 1090 1281 incremento
1122 1250 1196 1280 vos
1218 1236 1400 1292 gaudere
1421 1250 1505 1279 non
1525 1236 1643 1291 igno-

75 1327 217 1358 ramus
265 1317 307 1358 et
351 1314 552 1358 sollicitos
600 1314 653 1357 ad
692 1315 900 1359 audienda
936 1318 1025 1358 tam
1063 1315 1240 1359 adversa
1277 1329 1404 1371 quam
1440 1329 1646 1372 prospera

76 1392 298 1448 credimus,
331 1392 620 1450 ampliacionis
650 1393 975 1451 prosperitatem
1006 1393 1066 1437 sic
1085 1392 1361 1437 notificamus.
1409 1393 1647 1437 Innotescat

75 1470 207 1526 igitur
236 1471 403 1514 caritati
432 1474 610 1528 vestrae,
648 1472 865 1516 dominum
894 1475 1087 1515 nostrum
1119 1471 1381 1515 Salvatorem
1411 1471 1456 1515 in
1485 1473 1545 1516 40
1575 1486 1646 1515 ur-

77 1548 198 1593 bibus
238 1552 280 1593 et
316 1550 362 1592 in
394 1550 481 1594 200
512 1550 661 1594 castris
693 1565 793 1594 suae
825 1550 1024 1594 ecclesiae
1055 1550 1339 1608 triumphasse
1369 1553 1459 1594 tam
1488 1550 1534 1592 in
1563 1549 1646 1593 Ro-

76 1628 218 1671 mania
257 1641 382 1684 quam
412 1628 457 1671 in
489 1627 633 1685 Suria,
675 1632 716 1673 et
745 1643 822 1672 nos
854 1629 989 1672 adhuc
1019 1629 1173 1673 habere
1204 1632 1347 1686 preter
1376 1628 1526 1684 vulgus
1562 1629 1647 1671 100

75 1705 194 1749 milia
224 1705 275 1750 de
305 1705 513 1763 loricatis,
547 1707 713 1751 amissis
744 1710 886 1751 tamen
916 1707 1062 1750 multis
1092 1707 1138 1750 in
1168 1707 1318 1764 primis
1350 1706 1509 1764 preliis.
1574 1705 1647 1749 Set

78 1783 177 1839 quid
215 1783 318 1827 hoc?
379 1784 488 1836 Quid
526 1799 634 1829 unus
670 1785 717 1828 in
754 1785 897 1829 mille?
957 1785 1040 1829 Ubi
1077 1800 1154 1829 nos
1193 1785 1395 1830 habemus
1435 1784 1644 1838 comitem,

77 1861 218 1905 hostes
250 1861 406 1906 habent
436 1863 495 1905 40
525 1876 666 1917 reges3
699 1863 772 1906 ubi
801 1877 878 1907 nos
903 1867 1100 1919 turmam,
1131 1863 1195 1906 illi
1214 1863 1444 1918 legionem3
1476 1862 1549 1906 ubi
1569 1875 1645 1905 nos

77 1939 269 1996 militem,
301 1940 364 1983 illi
396 1940 565 1994 ducem3
598 1940 671 1984 ubi
701 1955 779 1984 nos
810 1942 1010 1998 peditem,
1041 1941 1106 1984 illi
1137 1941 1354 1995 comitem;
1387 1941 1460 1984 ubi
1479 1954 1556 1983 nos
1578 1953 1645 1983 ca-

78 2020 225 2074 strum,
256 2017 320 2061 illi
349 2032 538 2074 regnum.
587 2018 673 2062 Nos
706 2022 847 2063 autem
876 2033 962 2063 non
991 2019 1136 2063 confisi
1156 2019 1425 2063 multitudine
1447 2031 1524 2062 nec
1544 2018 1646 2062 viri-

78 2095 155 2139 bus
186 2109 263 2140 nec
292 2097 610 2153 presumptione
641 2096 803 2153 aliqua,
836 2101 900 2141 set
930 2098 1065 2155 clipeo
1097 2098 1254 2141 Christi
1286 2101 1328 2141 et
1359 2098 1447 2141 eius
1479 2097 1647 2140 iusticia

78 2174 278 2230 protecti,
325 2173 503 2230 Georgio
551 2178 592 2218 et
631 2175 870 2231 Theodoro,
918 2175 1134 2220 Demetrio
1171 2175 1396 2232 Blasioque
1440 2175 1645 2218 militibus

79 2250 237 2296 Christi
266 2266 364 2297 vere
395 2253 708 2297 committimus.
756 2253 915 2298 Valete.

177 2382 203 2402 a.
226 2372 378 2403 octidente
400 2386 426 2404 c.

154 3020 258 3056 Jnn',
281 3024 468 3053 Bibliotheca
491 3024 513 3053 Ι.
1316 3023 1339 3059 5
