1924 3288
305 201 391 246 174
817 214 1014 245 wmALm
1041 212 1260 245 nms'rom
1288 212 1338 244 99.

307 307 389 354 99.
419 310 660 353 Adelbercus
677 310 939 367 praepositus
961 309 1209 353 Corbeiemis
1232 308 1466 352 Wibaldmn
1482 308 1735 356 velamen-em
1752 307 1852 357 7⁶⁰2*-

421 394 543 441 tatur,
573 394 618 429 ut
647 401 772 444 quam
795 387 980 443 primum
1009 387 1161 431 redeat.
1209 387 1340 430 Addit
1369 387 1420 430 de
1437 385 1854 431 Famem-‘buccados

422 466 566 508 abbate
586 464 878 522 Her-qf'eldemi.
1666 461 1739 518 (Μ.ι
1756 461 1869 518 82.)-

188 560 280 597 1148
422 553 600 596 Domino
632 565 706 595 suo
735 551 964 596 venerabili
985 550 1225 596 Corbeiensi
1256 551 1398 596 abbati
1415 552 1546 596 frater
1564 551 1850 607 A(delbortuu)

303 630 540 688 prepositus
570 629 831 674 Corbeiensis
869 633 959 673 tam
996 629 1189 674 devotam
1227 643 1353 687 quam
1392 630 1576 674 debitam
1610 630 1724 687 patri
1751 629 1851 686 obq-

305 708 518 752 dientiam.
1691 739 1694 742 -
1808 728 1811 735 π
1837 731 1839 734 ·

420 785 516 829 Non
549 784 741 828 videatur
770 784 888 829 vobis
919 784 1088 841 durum,
1129 785 1166 828 si
1196 784 1318 828 solito
1349 785 1549 829 attentius
1577 797 1654 829 vos
1681 796 1851 830 revoca-

304 876 417 917 mus3
451 862 561 919 quia,
595 862 706 919 quod
734 862 883 906 honori
911 865 1051 907 vestro
1081 862 1290 919 timemus,
1323 863 1433 919 quod
1463 862 1661 907 ecclesiae
1687 865 1854 908 vestrae

305 940 601 984 detrimentum
629 940 924 996 formidamus,
963 954 1015 984 ex
1045 940 1264 984 dilectione
1294 943 1377 996 est,
1409 954 1492 997 qua
1519 954 1595 985 vos
1623 939 1852 998 diligimus,

306 1031 359 1062 ex
386 1017 468 1062 fide
499 1021 575 1074 est,
608 1031 733 1074 quam
764 1017 961 1062 ecclesiae
991 1018 1201 1062 debemus.
1247 1016 1382 1061 Multa
1410 1017 1615 1075 siquidem
1645 1003 1757 1076 apud
1774 1027 1854 1062 nos

305 1099 518 1152 geruntur,
548 1109 625 1153 pro
658 1095 806 1152 quibus
836 1096 967 1139 vestri
995 1097 1251 1153 presentiam
1280 1095 1402 1139 valde
1430 1096 1709 1140 necessariam
1726 1096 1853 1141 habe-

304 1187 419 1230 mus,
459 1173 510 1217 de
547 1173 696 1229 quibus
731 1174 824 1231 ipse
857 1187 1030 1231 presens
1062 1173 1339 1217 abundantius
1369 1173 1585 1230 videbitis,
1623 1186 1748 1231 quam
1775 1171 1853 1219 n‘o's

306 1251 469 1295 absenti
504 1251 671 1308 scriptis
700 1251 914 1295 insinuare
942 1251 1172 1308 possimus,
1204 1253 1345 1308 preter
1373 1250 1468 1306 illa,
1500 1264 1606 1308 quae
1635 1244 1783 1308 adhuc,
1814 1251 1852 1296 si

305 1342 469 1372 moram
501 1329 705 1384 feceritis,
743 1332 916 1386 propter
947 1328 1178 1372 absentiam
1207 1332 1391 1372 vestram
1419 1329 1562 1372 futura
1590 1341 1683 1374 esse
1709 1327 1854 1373 formi-

306 1407 465 1450 damus.
512 1406 606 1449 Una
636 1407 790 1450 etenim
820 1420 914 1462 vox,
947 1406 1091 1450 eadem
1122 1407 1329 1450 sententia
1353 1407 1551 1463 omnium,
1584 1408 1656 1464 qui
1675 1405 1857 1463 diligunt

306 1497 401 1528 vos:
440 1484 543 1528 utile
581 1498 693 1540 esse,
732 1484 843 1541 quod
873 1484 1028 1541 absque
1058 1483 1256 1528 dilatione
1285 1484 1466 1528 redeatis
1505 1488 1566 1541 et,
1595 1498 1651 1529 ne
1679 1497 1763 1542 qua
1789 1484 1854 1528 in-

307 1562 596 1606 convenientia
626 1561 737 1619 apud
766 1575 842 1605 nos
874 1562 1081 1617 oriantur,
1123 1575 1228 1618 quae
1256 1562 1523 1619 postmodum
1553 1575 1649 1606 cum
1678 1561 1857 1606 difficul-

306 1642 394 1683 tate
429 1639 604 1696 reprimi
634 1642 844 1696 oporteat,
885 1639 1154 1696 precaveatiS.
1200 1638 1319 1683 Licet
1348 1640 1459 1683 enim
1487 1653 1572 1683 non
1600 1640 1854 1696 ignoremus,

308 1717 431 1773 quod,
462 1717 500 1760 si
521 1718 567 1760 in
585 1717 891 1775 presentiarum
914 1717 1136 1773 redieritis,
1168 1730 1375 1761 annonam
1397 1730 1561 1760 omnem
1582 1717 1724 1774 precio
1742 1729 1857 1761 com-

307 1808 458 1852 parare
488 1795 687 1850 debeatis,
717 1808 803 1838 non
833 1798 974 1838 tamen
999 1795 1163 1839 videtur
1182 1795 1302 1839 nobis
1322 1797 1473 1850 tutum,
1506 1794 1616 1851 quod
1633 1798 1857 1852 propterea

308 1872 464 1916 diutius
493 1872 758 1928 remaneatiS,
790 1875 855 1916 set
877 1873 1021 1916 statim
1039 1876 1136 1930 post
1165 1876 1355 1930 acceptas
1383 1872 1546 1916 litteras
1575 1871 1651 1916 has
1681 1871 1733 1916 de
1760 1871 1859 1916 red-

308 1950 372 1993 itu
408 1954 546 1994 vestro
587 1951 839 2007 disponatis,
879 1951 977 2007 quia
1013 1952 1157 2007 utique
1194 1950 1443 1994 laudabilius
1475 1953 1540 1993 est
1568 1952 1611 1993 et
1637 1949 1758 1994 nobis
1786 1961 1856 1993 ca-

308 2028 417 2084 rius,
456 2028 567 2085 quod
601 2031 819 2084 argentum
848 2031 1034 2072 vestrum
1065 2042 1189 2085 quam
1218 2028 1419 2071 honorem
1446 2025 1646 2085 perdatis.
1693 2026 1858 2071 Scimus

310 2105 450 2161 etiam,
483 2105 606 2162 quod,
638 2119 733 2149 cum
752 2106 964 2162 veneritis,
994 2106 1128 2150 multa
1150 2119 1256 2162 quae
1285 2119 1418 2162 neque
1448 2105 1700 2149 camerarius
1718 2107 1858 2149 vester

309 2196 444 2239 neque
473 2197 550 2227 nos
581 2197 824 2241 possumus,
864 2197 941 2241 per
969 2198 1044 2228 vos
1075 2183 1322 2241 acquiretis,
1360 2183 1458 2239 quia
1484 2195 1558 2226 vos
1589 2195 1665 2239 per
1692 2182 1857 2226 miseri-

310 2260 492 2304 cordiam
523 2260 604 2304 Dei
641 2261 770 2305 talem
808 2275 900 2305 esse
939 2261 1112 2318 scimus,
1153 2261 1225 2318 qui
1262 2264 1304 2305 et
1339 2260 1457 2304 vobis
1487 2262 1530 2303 et
1557 2259 1677 2303 nobis
1706 2258 1856 2303 solatio

310 2352 402 2383 esse
436 2338 619 2395 possitis.
671 2339 766 2382 Non
802 2342 969 2383 moveat
1005 2353 1101 2395 vos,
1140 2339 1251 2396 quod
1287 2338 1454 2382 domum
1493 2336 1546 2380 ad
1581 2335 1857 2380 habitandum

309 2430 393 2460 non
431 2416 593 2460 habetis
632 2416 743 2473 apud
779 2405 878 2472 nos,
919 2417 1017 2473 quia
1046 2417 1158 2474 apud
1189 2416 1387 2460 Sanctum
1415 2413 1663 2458 Martinam·
1692 2413 1856 2458 habita-

310 2494 450 2538 culum
478 2494 600 2538 valde
629 2494 891 2538 commodum
922 2498 964 2538 et
992 2497 1198 2538 secretum
1225 2506 1356 2550 usque
1383 2492 1438 2537 ad
1456 2491 1854 2536 consummationem

311 2571 457 2615 domus
486 2574 650 2616 vestrae
678 2571 796 2615 vobis
826 2572 1097 2628 previdimus,
1127 2572 1200 2615 ubi
1229 2584 1325 2615 cum
1354 2569 1467 2614 omni
1486 2569 1704 2613 devotione
1722 2569 1855 2615 liben-

310 2653 376 2693 ter
418 2649 502 2707 ipsi
546 2649 665 2693 vobis
711 2649 958 2705 serviemus,
1007 2653 1171 2693 tantum
1214 2650 1451 2706 presentem
1494 2660 1568 2691 vos
1613 2646 1852 2691 habeamus.

310 2727 534 2771 Annonam
578 2727 756 2770 fratrum
802 2727 827 2771 a
862 2726 1012 2771 villicis
1057 2727 1213 2771 nostris
1255 2729 1327 2770 aut
1363 2725 1436 2768 vix
1474 2727 1546 2767 aut
1580 2723 1695 2768 nullo
1729 2723 1855 2767 modo

313 2807 558 2861 extorquere
588 2804 674 2847 iam
702 2817 936 2861 possumus.
1027 2804 1253 2848 Fuldenses
1281 2801 1572 2846 nichilominus
1598 2801 1854 2859 presentiam

312 2885 492 2925 vestram
530 2881 661 2926 multo
701 2882 906 2926 desiderio
943 2884 1182 2939 expectant,
1223 2880 1321 2937 quia
1356 2878 1556 2923 aeeclesia
1593 2878 1706 2935 sua²',
1748 2891 1854 2935 quae

393 2973 421 2995 a.
448 2954 535 2995 Mar-t.
556 2977 582 2996 c.
663 2965 692 2995 b.
718 2966 775 2995 nh
794 2976 820 2996 c.
