1930 3224
645 175 932 208 TRANSLATIO
963 175 1000 208 s.
1020 175 1114 208 vm
1608 162 1661 207 13

95 269 219 315 hardi
254 269 421 327 confisi,
461 269 640 327 eligunt¹
674 271 754 315 sibi
790 271 982 316 abbatem
1012 271 1099 315 iam
1129 270 1287 314 dictum
1318 271 1456 315 virum
1488 283 1661 314 venera·
1710 273 1780 309 826

96 348 222 394 bilem
248 347 491 405 Warinum,
533 349 627 406 qui·
648 349 892 407 proficiebat
929 350 1114 407 quotidie
1154 352 1196 394 et
1226 352 1420 407 acceptus
1453 352 1544 393 erat
1573 352 1661 392 tam
1685 323 1810 362 Apum

96 426 186 472 Deo
217 440 344 484 quam
373 427 624 471 hominibus.

214 504 291 549 His
322 518 420 549 vero
452 505 595 561 gestis,
626 507 724 562 post
748 503 917 561 aliquod
936 506 1138 563 temporis
1159 505 1342 563 spatium
1364 504 1516 548 accidit
1537 517 1662 561 quae-

96 581 194 627 dam
224 583 472 641 disceptatio
502 583 614 627 inter
643 581 915 642 Ludowicum
950 584 1247 641 imperatorem
1278 587 1320 628 et
1348 583 1560 640 principes
1591 582 1663 639 qui

97 663 217 705 erant
245 661 291 705 in
320 675 464 717 regno.
519 660 601 704 Pro
632 674 715 717 qua
743 674 790 705 re
820 661 865 704 in
894 664 1060 705 tantum
1090 662 1323 718 indignatio
1353 661 1558 719 principis
1591 675 1663 705 ex-

95 739 240 795 crevit,
270 742 319 783 ut
349 742 391 784 et
409 738 667 795 walonem¹³‚
695 752 820 796 quem
842 738 941 782 olim
967 743 1063 784 ante
1086 754 1228 784 omnes
1251 739 1468 796 dilexerat,
1499 740 1544 783 in
1575 740 1664 783 exi·
1689 747 1759 782 830

95 816 201 860 lium
229 817 437 873 mitteret,
476 821 518 861 et
547 817 835 861 Hilduwinum
843 813 871 872 ²,
911 817 1050 860 virum
1081 831 1210 874 aeque
1241 818 1580 873 devotissimum,
1619 817 1664 860 in
1688 796 1753 826 ⁰⁶t'

98 894 306 939 Saxoniae
341 894 556 953 partibus,
596 895 755 940 scilicet
793 895 839 939 in
876 896 1130 940 monasterio
1162 895 1339 940 Corbeia
1373 899 1589 953 tamquam
1619 896 1665 939 in

97 972 246 1017 exilio⁶
276 973 510 1017 collocaret.
882 1020 884 1022 ,

214 1050 388 1095 Interim
417 1050 668 1095 venerabilis
700 1051 808 1095 abba
837 1050 1034 1096 Warinus
1073 1051 1224 1095 maiori
1254 1051 1412 1095 honore
1444 1052 1557 1109 apud
1586 1052 1665 1095 im-

95 1132 334 1187 peratorem
371 1129 613 1174 habebatur.
674 1113 735 1172 'At
770 1143 869 1173 vero
908 1143 1090 1186 memor,
1129 1129 1240 1186 quod
1278 1130 1359 1173 sibi
1396 1130 1666 1173 commissum

97 1210 202 1264 erat,
234 1207 393 1252 scilicet
421 1211 469 1251 ut
495 1208 607 1251 inter
626 1207 903 1251 barbarorum
923 1212 1067 1263 gentes
1088 1208 1391 1251 monasterium
1413 1207 1665 1264 aedificaret,

96 1285 234 1343 petiit,
265 1289 313 1329 ut
343 1286 394 1330 de
425 1286 669 1344 corporibus
701 1289 961 1342 sanctorum,
994 1300 1172 1343 quorum
1202 1286 1375 1344 plurimi
1405 1286 1667 1330 habebantur

98 1363 143 1407 in
171 1363 363 1420 Francia,
395 1364 475 1408 sibi
507 1363 689 1421 aliquot‘¹
719 1364 948 1408 transferre
978 1365 1024 1408 in
1053 1365 1274 1422 proprium
1303 1365 1491 1408 licuisset
1520 1378 1665 1408 mona-

98 1442 284 1486 sterium.
334 1442 567 1499 Statimque
587 1443 830 1500 imperator,
854 1447 902 1486 ut
921 1441 1054 1499 fieret,
1085 1443 1221 1487 iussit.
1269 1443 1350 1495 Qui
1371 1456 1465 1487 cum
1485 1443 1666 1486 multum

99 1519 243 1564 eodem
291 1534 399 1564 anno
438 1520 692 1577 laborasset,
738 1524 787 1564 ut
829 1524 1021 1564 sanctum
1058 1521 1315 1565 Victoricum
1354 1522 1405 1565 de
1443 1522 1665 1565 Ambianis

99 1598 268 1642 civitate
298 1599 567 1655 transferret,
607 1599 686 1643 hoc
723 1599 900 1656 implere
936 1600 1147 1656 nequivit,
1189 1600 1287 1656 quia
1326 1600 1491 1643 accolae
1528 1603 1666 1643 terrae

98 1675 212 1719 illius
241 1676 320 1719 hoc
350 1677 534 1732 graviter
552 1678 754 1721 ferebant.
803 1677 919 1720 Tunc
938 1691 1131 1721 reversus
1163 1682 1226 1721 est
1258 1678 1311 1721 ad
1340 1679 1526 1736 propria,
1558 1678 1667 1721 mul-

99 1756 239 1797 torum
267 1757 409 1798 tamen
441 1759 679 1799 sanctorum
709 1755 908 1812 reliquias
939 1769 1081 1799 secum
1111 1756 1315 1799 adferens.

218 1831 315 1875 11100
336 1846 434 1877 vero
461 1833 525 1876 in‘
546 1836 734 1890 tempore
754 1833 1004 1877 venerabilis
1027 1833 1135 1878 abba
1154 1833 1417 1878 Hilduwinus
1445 1834 1491 1877 in
1521 1834 1667 1878 eodem

100 1911 354 1954 monasterio
383 1911 502 1955 iussu
531 1911 748 1955 habitabat
777 1912 1065 1969 imperatoriS,
1106 1915 1277 1968 eratque
1317 1912 1510 1956 omnibus
1546 1925 1667 1956 carus

102 1991 227 2045 atque
267 1988 577 2033 dilectissimus.
639 1988 740 2041 Quis
779 1990 891 2032 enim
931 2003 975 2033 se
1014 1990 1227 2034 continere
1267 1994 1411 2047 posset
1442 1991 1493 2034 ab
1526 2004 1667 2034 amore

102 2066 212 2122 eius,
259 2066 331 2123 qui
369 2066 620 2110 Dominumg
659 2081 821 2111 summo
867 2067 1074 2111 desiderio
1113 2068 1282 2112 amabat
1320 2072 1362 2112 et
1398 2069 1444 2112 in
1481 2069 1668 2112 eiusdem

102 2144 217 2188 cultu
255 2145 448 2188 assiduus
485 2146 600 2189 erat?
662 2145 742 2188 Hic
778 2159 874 2189 cum
914 2146 1176 2201 cognovisset
1206 2147 1459 2190 desiderium
1488 2147 1669 2204 praefati

104 2221 266 2266 abbatis
297 2225 339 2266 et
363 2222 562 2278 fratrum,
595 2223 693 2279 quia
723 2223 920 2267 volebant
949 2224 1001 2267 ob
1033 2227 1303 2279 augmentum
1333 2225 1551 2268 christiani
1581 2225 1668 2268 cul-

102 2303 171 2344 tus
192 2300 374 2357 aliquem
395 2303 635 2344 sanctorum
655 2301 700 2343 in
720 2302 1021 2345 monasterium
1042 2316 1164 2345 suum
1184 2303 1427 2359 transferre,
1458 2303 1666 2361 promisit,

104 2378 234 2435 quod,
272 2378 309 2422 si
339 2392 384 2423 se
414 2378 619 2422 Dominus
649 2378 695 2421 in
724 2378 923 2423 honorem
962 2380 1189 2437 pristinum
1229 2381 1472 2437 collocaret,
1511 2381 1668 2437 absque

197 2519 224 2540 a.
246 2510 357 2550 quique
380 2512 408 2541 2.
424 2511 453 2540 3.
536 2510 565 2540 b.
587 2510 673 2540 Walo
701 2526 733 2530 —
758 2510 927 2542 mitteretur
948 2512 977 2542 1.
993 2513 1021 2542 3.
1102 2521 1128 2542 c.
1151 2512 1272 2542 exilium
1294 2513 1323 2542 2.
1338 2513 1367 2542 3.
1441 2512 1470 2543 d.
1493 2512 1616 2552 aliquod
1638 2514 1667 2543 1.

105 2572 132 2593 e.
153 2561 277 2594 Eodem.
301 2565 330 2594 2.
412 2563 433 2594 f.
455 2564 487 2594 in
509 2575 563 2595 om.
581 2565 610 2593 2.
694 2572 722 2602 g.
744 2563 842 2594 Deum
863 2566 892 2594 2.

201 2634 232 2669 1.
267 2633 336 2670 826
361 2633 451 2679 Apr.
467 2634 525 2669 26.
562 2632 662 2670 Obiit
693 2633 789 2669 enim
815 2633 986 2671 Warinus
1017 2646 1050 2671 a.
1076 2635 1145 2671 856
1178 2634 1280 2681 Sept.
1298 2635 1362 2680 20,
1396 2645 1479 2671 cum
1511 2635 1668 2672 sedisset

106 2702 221 2729 annos
245 2693 302 2738 30,
329 2703 472 2729 menses
495 2693 529 2738 4,
554 2693 634 2729 dies
654 2694 712 2729 25.
748 2693 795 2730 V.
813 2693 908 2730 infra
924 2693 1087 2730 Annales
1105 2694 1344 2732 Corbeienses
1369 2695 1438 2730 856
1463 2698 1502 2730 et
1527 2696 1668 2732 Catalo-

106 2763 194 2799 gum
218 2752 405 2789 abbatum.
484 2754 517 2790 2.
544 2753 714 2790 abbatem
739 2752 775 2789 S.
793 2753 974 2800 Dionysii,
999 2765 1108 2800 quem
1134 2754 1297 2800 „iussum
1316 2765 1397 2791 esse
1414 2755 1517 2791 iuxta
1532 2755 1668 2792 Patris-

107 2811 285 2849 brunnam
302 2812 341 2848 in
357 2813 620 2859 expeditionali
635 2813 708 2849 hie
718 2823 836 2849 mare
852 2813 1089 2850 tabernaculo
1097 2813 1125 2861 ⁴⁴,
1151 2813 1260 2850 docet
1276 2814 1364 2851 Vita
1384 2814 1563 2851 Ludovici
1579 2815 1667 2860 imp.

107 2881 139 2908 c.
155 2871 204 2908 45
229 2872 338 2916 (Mon.
357 2871 421 2909 SS.
438 2873 485 2909 II.
504 2874 606 2918 633),
639 2873 751 2919 idque
777 2871 913 2908 factum
947 2884 1028 2910 esse
1058 2885 1106 2909 m.
1124 2873 1272 2910 Octobri
1297 2884 1330 2910 a.
1347 2874 1433 2918 830,
1467 2874 1668 2911 ostendunt

107 2930 271 2969 Annales
294 2932 492 2969 Mettenses
516 2933 587 2969 830
612 2933 723 2975 (Mon.
740 2932 802 2969 SS.
822 2932 851 2968 Ι.
868 2933 964 2978 336),
990 2933 1192 2970 Bertiniani
1216 2934 1286 2970 830
1310 2933 1415 2978 (ibid.
1432 2934 1529 2979 424).
