1924 3288
161 308 252 344 1146

142 356 205 387 Dec
207 358 273 387 ,12

142 468 215 499 Dec.
233 470 271 499 18

176 621 194 656 1
201 620 268 657 147

167 670 229 700 Ian.

297 197 384 242 242
797 209 994 242 wmALm
1022 209 1240 242 nrrsroLA
1274 209 1344 241 150.

294 305 480 350 iacturae
499 305 687 349 subicere
707 307 950 361 statuentes,
982 318 1108 361 quam
1127 304 1421 349 Corbeiensem
1440 303 1684 349 aecclesiam
1701 283 1876 349 nomu-

294 382 466 427 consilio
497 386 539 426 et
569 382 724 426 auxilio
755 386 901 426 contra
929 382 1109 439 predicti
1136 382 1325 427 Heinrici
1355 383 1537 440 impetus
1565 381 1737 427 nudare.
1771 383 1787 414 s

412 460 588 503 Dimissi
617 473 715 515 ergo
747 461 772 504 a
799 460 917 516 regia
945 460 1081 516 curia,
1118 460 1385 518 pervenimus
1415 459 1635 504 Corbeiam
1666 459 1721 504 15
1751 458 1851 504 ΚΑ»

293 537 495 592 Ianuarii3
526 537 600 581 ubi
628 537 814 580 mirabili
843 538 1030 581 omnium
1058 537 1202 582 favore
1233 538 1417 594 suscepti
1445 537 1615 581 fuimus.

409 615 663 658 Nunciatum
702 617 765 659 est
793 615 913 659 nobis
944 613 1160 659 Goslariae
1189 614 1320 658 Nonis
1350 615 1556 671 Ianuarii,
1595 613 1707 671 quod
1733 613 1853 659 idem

249 670 512 736 ⁵Heinricus
544 692 596 736 ab
617 691 730 736 Urbe
761 695 870 736 esset
898 705 1104 748 reversus,
1136 692 1322 736 confecto
1351 692 1536 748 negocio.
1582 691 1668 735 Noe
1690 693 1853 747 tmen,

291 769 454 827 Spiritu
491 773 635 814 sancto
672 769 915 826 roborante,
958 770 1236 827 processimus
1275 770 1329 813 ad
1372 783 1440 813 res
1481 768 1704 814 aecclesiae
1739 767 1846 814 obti-

288 847 468 902 nendas3
510 851 552 891 et
581 850 728 891 contra
757 861 876 905 spem
905 847 1078 891 humani
1106 847 1250 890 iudicii
1280 850 1368 891 tam
1381 860 1613 904 -personas,
1649 859 1756 903 quae
1781 845 1853 892 illi

287 924 451 969 fidelius
492 925 762 981 adheserant,
801 939 926 982 quam
963 925 1269 983 possessiones,
1308 938 1411 981 quas
1448 925 1539 982 ipse
1579 923 1846 980 alienaverat,

290 1003 445 1059 absque
475 1003 647 1047 maioris
679 1001 936 1047 difficultatis
969 1002 1180 1047 obstaculo
1201 1003 1448 1060 recepimus.
1495 1001 1610 1046 Heae
1629 1007 1729 1046 vero
1749 1003 1848 1045 sunt

287 1081 588 1138 possessiones,
620 1094 723 1137 quas
754 1080 920 1124 liberali
949 1094 1078 1124 manu
1107 1083 1205 1137 post
1235 1080 1538 1137 depositionem
1569 1093 1689 1123 suam
1718 1078 1846 1123 donae-

287 1162 426 1202 verat:
464 1159 510 1201 in
547 1157 860 1215 Cropensteden
897 1158 1049 1214 viginti
1088 1171 1279 1212 mansus;
1323 1158 1368 1200 in
1403 1156 1653 1201 Nortlandia
1686 1159 1849 1201 curtem

286 1235 496 1291 integram
514 1235 744 1291 Loningen,
776 1239 936 1279 curtem
966 1237 1175 1291 integram
1194 1234 1436 1289 Buochorn;
1467 1234 1512 1278 in
1542 1238 1659 1279 curte
1675 1232 1847 1279 visbich

217 1326 222 1328 ·
286 1313 390 1357 duos
421 1327 612 1368 mansus;
643 1314 688 1357 in
719 1317 836 1357 curte
868 1313 985 1357 Ioten
1014 1327 1146 1357 unum
1175 1326 1390 1368 mansum;
1422 1314 1469 1356 in
1495 1316 1611 1357 curte
1634 1311 1851 1358 Werleten

171 2332 258 2362 Mart.

120 2568 207 2599 Mart.
220 2569 260 2599 30

285 1405 416 1435 unum
451 1405 666 1446 mansum3
711 1391 757 1435 in
793 1395 911 1435 curte
948 1390 1225 1448 Mettesthorp
1264 1405 1395 1434 unum
1431 1404 1646 1452 mansum,
1684 1392 1728 1433 et
1754 1388 1847 1433 salia

286 1469 502 1525 quaedam.
610 1468 724 1520 Quae
754 1469 951 1513 universa
980 1483 1056 1512 nos
1087 1468 1177 1512 Deo
1209 1468 1397 1526 propicio
1427 1467 1777 1526 recuperavimus.

405 1546 478 1590 Set
508 1560 665 1602 rumor,
697 1560 822 1603 quem
853 1559 1147 1603 acceperamus
1179 1546 1230 1589 de
1259 1545 1373 1589 illius
1397 1546 1681 1601 restitucione,
1711 1556 1844 1589 vanus

284 1624 386 1678 fuit3
419 1624 616 1680 quoniam
647 1637 779 1680 usque
802 1624 904 1668 adeo
934 1623 1041 1667 nihil
1072 1624 1170 1679 egit,
1201 1627 1249 1667 ut
1277 1623 1302 1667 a
1322 1623 1420 1668 sede
1441 1622 1670 1681 apostolica
1688 1621 1844 1678 absque

284 1701 464 1745 formata
494 1701 674 1758 epistola
702 1701 876 1745 redierit
905 1715 982 1745 nec
1012 1701 1174 1745 litteras
1202 1701 1570 1745 commendaticias
1589 1713 1668 1744 nec
1685 1698 1843 1757 recepti

284 1779 553 1823 sacerdotalis
586 1778 711 1822 officii
742 1782 783 1822 et
803 1779 1076 1823 absolutionis
1098 1792 1197 1822 suae
1219 1779 1271 1823 ab
1293 1777 1733 1822 excommunicationis
1750 1775 1844 1820 vin-

283 1856 375 1900 culo
406 1857 694 1901 testimonium
724 1857 912 1900 referret.
961 1856 1070 1908 Quid
1099 1870 1198 1901 vero
1229 1857 1280 1900 de
1308 1856 1495 1914 epistolis
1516 1856 1543 1900 a
1561 1855 1712 1899 domno
1732 1866 1844 1912 papa

285 1933 557 1990 accipiendis,
596 1934 795 1991 precipue
826 1934 878 1978 ab
908 1934 994 1989 his,
1033 1934 1105 1990 qui
1135 1934 1189 1978 ad
1217 1934 1358 1991 ipsum
1386 1933 1601 1978 venientes
1630 1931 1843 1988 negotium

282 2010 457 2066 habent,
498 2024 619 2056 sacra
648 2025 856 2056 canonum
887 2012 1114 2055 auctoritas
1146 2011 1362 2068 decernat,
1400 2014 1541 2056 vestra
1569 2009 1718 2054 melius
1748 2021 1849 2054 em·
1897 2015 1899 2018 ⁴

283 2088 386 2132 ditio
417 2089 546 2132 novit.
1770 2141 1775 2146 .

401 2166 571 2210 Cunctis
602 2166 744 2222 itaque
775 2166 1104 2211 dissensionibus
1125 2165 1387 2211 Corbeiensis
1418 2163 1643 2208 aecclesiae
1669 2167 1759 2208 tam
1774 2162 1843 2207 in·

282 2247 350 2287 tus
382 2257 510 2299 quam
539 2244 642 2287 foris
672 2257 749 2300 per
778 2243 860 2287 Dei
889 2244 1222 2288 misericordiam
1251 2242 1399 2300 sopitis
1431 2242 1705 2298 omnibusque
1732 2238 1842 2285 diffi-

283 2321 508 2364 cultatibus
540 2320 830 2377 complanatis,
860 2321 980 2365 missi
1010 2321 1165 2365 fuimus
1196 2335 1222 2364 a
1249 2320 1402 2364 domno
1422 2332 1521 2374 rege
1540 2332 1637 2362 cum
1651 2317 1841 2363 Worma-

283 2396 436 2443 ciensi¹
457 2402 499 2442 et
519 2398 894 2453 Havelebergensi‘¹
916 2399 1123 2456 episcopis
1145 2397 1310 2442 obviam
1330 2397 1481 2441 domno
1502 2409 1637 2453 papae
1651 2394 1840 2451 Eugenio

283 2476 536 2531 ingredienti
573 2475 754 2520 Galliam
791 2475 1021 2520 Comatam.
1077 2475 1155 2520 Cui
1196 2474 1452 2519 occurrimus
1490 2474 1536 2517 in
1573 2472 1729 2530 oppido
1764 2471 1840 2516 Di-

282 2554 417 2597 vionis
449 2555 475 2597 3
507 2552 600 2597 Kal.
623 2553 784 2610 Aprilis
816 2566 924 2596 anno
945 2552 1117 2597 Domini
1141 2554 1266 2597 1147.
1366 2551 1445 2595 Cui
1474 2564 1570 2594 cum
1599 2553 1840 2606 suggestum

283 2635 406 2686 esset,
437 2631 548 2686 quod
582 2644 659 2674 nos
691 2630 892 2674 aecclesia
922 2629 1183 2674 Corbeiensis
1212 2630 1258 2674 in
1288 2628 1480 2673 abbatem
1511 2627 1723 2683 elegisset,
1754 2626 1839 2670 dis-

282 2709 466 2751 cretione
504 2707 734 2765 apostolica
779 2711 821 2751 et
858 2707 1148 2764 providentiae
1187 2705 1409 2762 singularis
1456 2704 1618 2749 cautela
1654 2704 1838 2759 edoctus,

282 2785 419 2828 nullas
458 2785 682 2829 aecclesiae
712 2784 955 2829 Corbeiensi
991 2785 1080 2829 sive
1117 2785 1162 2828 in
1197 2782 1427 2841 privilegiis
1459 2782 1547 2827 sive
1575 2782 1622 2826 in
1650 2780 1838 2839 epistolis

283 2862 359 2905 sub
396 2862 565 2906 nomine
602 2866 746 2906 nostro
783 2862 945 2907 litteras
987 2862 1169 2917 dirigere
1206 2860 1358 2915 voluit,
1395 2860 1478 2903 nisi
1514 2860 1632 2917 prius
1668 2859 1721 2904 de
1749 2861 1839 2903 tota

379 2948 404 2967 a.
435 2938 657 2977 Havebergensi
678 2951 705 2970 c.

380 2991 411 3024 1.
438 2990 621 3027 Buccone.
