1924 3288
564 222 764 254 wmALDI
792 220 1012 253 EPISTOLA
1041 219 1109 250 150.
1539 203 1622 247 241

63 321 369 364 sacramentum
406 318 607 375 adiurati,
647 319 859 374 venimus,
898 316 991 374 plus
1032 317 1203 371 cogente
1234 312 1315 357 Dei
1350 311 1626 356 ordinationis
1650 312 1781 393 Dless‘sslil

63 397 238 443 articulo
276 411 382 455 quae
418 397 461 440 in
502 410 573 440 ore
611 410 829 441 servorum
867 408 1038 439 suorum
1079 394 1297 447 sonuerat,
1335 404 1462 448 quam
1492 389 1628 447 inpel-
1717 385 1724 392 ’

62 476 173 520 lente
202 475 343 532 regiae
373 475 606 519 maiestatis
628 478 670 519 et
690 474 871 519 offensae
891 472 1127 516 formidine.
1174 470 1434 527 Consumpta
1454 471 1518 512 est
1539 468 1628 511 dies

62 551 159 598 illa²
177 554 223 598 in
252 554 471 610 utriusque
499 554 634 611 partis
666 551 998 608 allegationibus.
1046 550 1103 593 Et
1134 548 1410 606 querebamus
1438 547 1483 590 in
1507 546 1629 590 domo

63 633 182 688 regia
217 632 537 688 intercessores,
576 631 649 688 qui
687 634 811 674 antea
846 643 922 687 pro
952 628 1097 672 multis
1131 627 1259 671 etiam
1290 625 1500 670 damnatis
1532 638 1631 682 sepe

64 711 434 755 interveneramus.
469 709 527 753 Et
548 708 875 753 sollicitabamus
898 707 1053 751 amicos
1075 709 1256 761 nostros,
1274 704 1395 761 quasi
1415 704 1466 748 de
1488 717 1634 748 eorum

65 788 147 834 fide
178 789 431 844 dubitantes,
463 787 713 831 Anselmum
742 786 901 830 scilicet
922 785 1331 840 Havelebergensem
1350 782 1634 827 venerabilem

67 867 311 925 episcopm
349 869 390 910 et
419 865 656 909 Arnoldum
696 864 868 908 maioris
909 863 1134 908 aecclesiae
1164 863 1211 905 in
1242 861 1415 906 Colonia
1444 861 1635 919 preposi-

67 949 171 1001 tum,
200 945 342 1001 regiae
373 944 513 988 curiae
545 942 856 998 cancellarium,
889 955 991 998 quos
1023 942 1048 985 a
1067 942 1284 985 iuventute
1304 942 1451 983 nostra
1471 952 1637 983 summa

70 1023 290 1068 dilectione
321 1036 464 1067 sumus
494 1022 679 1079 amplexi
710 1024 752 1065 et
783 1020 974 1076 diligenti
1005 1019 1143 1063 studio
1175 1033 1268 1063 cum
1302 1018 1529 1062 cottidiano
1561 1017 1637 1060 ka-

68 1101 207 1146 ritatis
244 1102 500 1145 incremento
532 1100 742 1155 venerati3
783 1103 929 1156 atque,
968 1102 1016 1142 ut
1044 1098 1166 1142 nobis
1199 1098 1445 1141 assisterent
1476 1099 1518 1140 et
1549 1096 1638 1139 ani-

69 1194 186 1224 mum
214 1179 418 1238 principis
451 1179 502 1223 ab
533 1179 612 1222 hac
641 1178 874 1222 intentione
904 1179 1164 1232 revocarent,
1196 1189 1352 1231 magna
1381 1187 1554 1232 precum
1574 1174 1639 1217 in-

71 1258 232 1303 stancia
267 1259 531 1314 rogabamus.
589 1257 805 1313 Siquidem
844 1255 1089 1313 disputandi
1130 1258 1171 1298 et
1209 1253 1453 1309 refragandi
1492 1266 1641 1296 ausum

70 1337 184 1381 ultra
212 1337 300 1381 voti
329 1337 464 1380 nostri
495 1339 537 1380 et
565 1335 759 1393 responsi
790 1334 950 1392 accepti
981 1334 1257 1378 stabilitatem
1286 1332 1407 1376 nobis
1437 1331 1543 1374 illud
1570 1345 1641 1374 ex-

72 1415 253 1470 hibebat,
285 1415 397 1472 quod
425 1415 578 1458 fratres
609 1414 744 1457 nostri
775 1413 852 1457 sub
885 1413 1066 1470 quodam
1088 1411 1365 1469 interpositae
1391 1410 1642 1454 conditionis

74 1492 255 1551 pendulo
288 1493 509 1537 consilium
541 1492 756 1548 dederant,
788 1494 836 1534 ut
864 1494 965 1534 tune
998 1504 1269 1547 sequeremur
1299 1489 1575 1545 vocationem,
1609 1488 1645 1532 si

74 1571 237 1615 nullum
281 1572 437 1615 vicium
482 1571 569 1615 sive
608 1570 726 1614 dolus
766 1570 812 1613 in
851 1570 1014 1613 actione
1054 1569 1121 1613 vel
1157 1568 1400 1611 narratione
1441 1567 1643 1611 subesset.

77 1649 185 1702 Quid
213 1649 358 1693 multis
388 1663 616 1704 moramur,
648 1661 745 1692 cum
775 1648 985 1704 universa,
1019 1661 1123 1704 quae
1155 1647 1268 1690 dicta
1299 1650 1410 1702 sunt,
1442 1659 1520 1689 nec
1539 1648 1645 1688 tem-

77 1727 193 1784 poris
230 1740 308 1771 nec
346 1727 548 1784 epistolae
579 1727 764 1770 brevitas
795 1726 931 1783 possit
962 1725 1342 1783 comprehendere?
1388 1724 1437 1768 In
1470 1738 1539 1768 eas
1572 1737 1645 1766 an-

79 1805 238 1860 gustias
270 1805 451 1861 quadam
474 1807 616 1848 rerum
636 1805 886 1848 necessitate
918 1804 1078 1847 detrusi
1110 1818 1267 1860 sumus,
1300 1806 1360 1859 ut,
1391 1803 1428 1846 si
1448 1802 1645 1846 receden-

81 1883 180 1927 dum
217 1883 345 1938 foret,
387 1882 587 1926 offensam
626 1885 667 1925 et
703 1882 1037 1937 indignationem
1073 1882 1234 1937 regiam
1263 1882 1573 1925 incurreremus
1605 1882 1647 1923 et

81 1961 375 2005 Corbeiensem
415 1960 661 2004 aecclesiam
692 1960 768 2003 sub
799 1974 978 2015 magnae
1010 1960 1264 2003 confusionis
1297 1963 1339 2003 et
1367 1959 1515 2002 ruinae
1547 1958 1648 2002 arti-

83 2039 174 2083 culo
205 2039 548 2095 relinqueremus.
597 2038 773 2082 Turbati
804 2051 902 2093 ergo
935 2041 977 2081 et
1006 2038 1154 2095 inopes
1184 2038 1287 2082 facti
1315 2038 1446 2081 totius
1472 2036 1649 2092 consilii,

83 2131 178 2162 cum
214 2118 402 2161 maxima
435 2117 706 2160 lacrimarum
743 2119 784 2159 et
815 2116 1075 2171 singultuum
1105 2116 1412 2173 interruptione
1444 2115 1651 2159 defensio-

83 2209 181 2240 nem
217 2209 366 2239 causae
404 2198 574 2238 nostrae
611 2194 880 2250 reliquimus,
923 2194 1067 2238 domni
1097 2194 1208 2249 regis
1240 2194 1414 2238 arbitrio
1445 2194 1508 2238 rei
1539 2207 1651 2237 sum-

84 2287 199 2317 mam
230 2277 271 2318 et
301 2274 529 2318 terminum
560 2273 882 2328 committentes,
916 2286 966 2316 ea
995 2275 1138 2316 tamen
1167 2273 1458 2330 providentiae
1489 2272 1653 2315 ratione

86 2352 359 2407 considerata,
392 2355 440 2395 ut
469 2355 569 2394 tunc
599 2350 716 2405 regia
745 2350 1022 2393 mansuetudo
1055 2354 1274 2406 cogeretur
1298 2365 1323 2394 a
1343 2351 1560 2408 proposito
1582 2350 1653 2393 de-

87 2430 256 2486 clinare,
289 2443 384 2474 cum
414 2444 490 2473 nos
524 2432 564 2472 et
594 2429 795 2472 honorem
825 2432 1018 2472 nostrum
1049 2442 1097 2472 ac
1126 2429 1285 2472 famam
1316 2442 1416 2472 suae
1446 2428 1544 2471 fidei
1567 2431 1653 2470 tra-

88 2508 350 2552 didissemus.
397 2507 555 2551 Verum
585 2507 690 2564 ipse,
723 2507 768 2549 in
799 2507 865 2550 sui
895 2507 1094 2563 promissi
1125 2507 1356 2551 stabilitate
1379 2518 1654 2564 perseverans

89 2590 131 2630 et
159 2590 374 2643 tamquam
407 2586 458 2629 de
491 2600 589 2629 suae
621 2585 848 2628 voluntatis
877 2598 1076 2642 processu
1098 2585 1248 2642 adepto
1270 2584 1550 2641 triumphanS,
1582 2597 1655 2627 vo-

90 2665 193 2708 catis
225 2663 545 2708 Corbeiensibus
576 2664 779 2719 nobisque
809 2663 1066 2719 tacentibus,
1098 2677 1175 2706 nos
1206 2677 1323 2711 more
1355 2662 1548 2706 sollemni
1578 2675 1655 2719 pu-
1678 2671 1812 2702 Dec.12

90 2742 197 2786 blice
236 2743 286 2786 de
319 2742 488 2786 abbatia
518 2741 760 2786 Corbeiensi
789 2738 1041 2784 investivit².
1090 2741 1306 2784 Induimus
1337 2741 1494 2785 ibidem
1527 2754 1656 2797 quan-

92 2819 188 2863 dam
218 2818 414 2863 firmioris
447 2820 577 2863 animi
607 2818 899 2873 constantiam,
931 2832 1154 2875 personam
1178 2820 1296 2876 prius
1319 2822 1360 2863 et
1379 2832 1470 2862 rem
1491 2832 1657 2862 omnem

187 2925 218 2960 1.
246 2925 336 2962 Dec.
354 2926 411 2962 11.
507 2927 542 2962 2.
569 2924 782 2962 Wibaldum
799 2923 859 2959 die
878 2925 922 2959 12
947 2923 1163 2964 Decembris
1182 2925 1273 2960 1146
1291 2925 1329 2960 in
1345 2924 1434 2960 villa
1450 2924 1655 2961 Weinheim

92 2982 306 3020 investitum
331 2995 424 3030 esse,
449 2985 566 3031 liquet
590 2996 635 3021 ex
661 2985 766 3022 Notis
792 2983 1071 3021 Stabulensibus
1097 2996 1207 3030 supra
1230 2995 1266 3030 p.
1286 2985 1343 3020 75.

152 3048 255 3084 suni.
278 3051 465 3080 Bibliotheca
486 3053 508 3080 1.
1329 3051 1372 3086 16
