1924 3288
571 209 769 240 wmALm
798 207 1019 240 EPISTOLA
1048 207 1098 238 37.
1535 197 1618 240 117

20 277 22 279 >
60 302 141 353 3⁷.
174 305 431 350 corbeienses
462 305 676 350 Widonem
707 305 997 348 cancellarium
1022 304 1222 362 papalem
1252 311 1423 362 royant,
1461 311 1506 347 ut
1533 304 1619 348 Wi-

173 383 288 427 baldt'
315 384 488 441 neyotiis
509 383 670 441 faveat.
1102 414 1325 473 Summa«,
1435 380 1507 434 (M.
1531 381 1618 436 16.)

174 471 355 516 Domino
387 475 429 516 et
458 472 592 529 patri⁸
612 471 843 516 venerabili
862 466 1091 548 W(idoni)s
1112 484 1299 515 summae
1319 470 1431 514 sedis
1452 474 1620 527 aposto·
1647 473 1738 510 1147

55 550 162 595 licae
191 549 462 605 cancellario,
498 550 685 594 universi
713 549 865 593 fratres
897 548 1161 593 Corbeiensis
1193 548 1417 593 aecclesiae
1448 548 1620 604 exiguas
1654 524 1727 562 ΑΨ

57 628 266 673 orationes
295 628 342 672 in
371 627 564 672 Domino.

176 705 382 758 Quoniam
416 705 644 749 multorum
673 704 965 760 religiosorum
996 707 1038 747 et
1069 707 1309 747 sanctorum
1338 703 1525 747 virorum
1555 703 1620 747 in-

57 784 166 828 dicio
195 784 328 828 mirae
358 786 400 827 et
428 782 722 827 inestimabilis
754 782 1058 840 compassionis
1089 783 1201 826 circa
1232 780 1407 825 afflictos
1429 785 1472 826 et
1490 782 1620 826 variis

57 861 343 907 calamitatum
371 861 553 905 miseriis
584 875 805 919 oppressos
837 874 911 904 vos
943 874 1034 904 esse
1062 859 1355 917 comperimus,
1389 873 1510 904 aures
1530 860 1621 918 pie-

55 940 154 985 tatis
184 942 350 984 vestrae
382 953 460 997 pro
493 939 690 983 ecclesiae
721 942 892 983 nostrae
923 938 1091 982 diversa
1119 937 1436 995 perturbatione
1467 937 1621 982 litteris

56 1018 297 1074 exiguitatis
327 1021 497 1062 nostrae
528 1018 762 1061 studuimus
794 1016 1084 1074 interpellare,
1117 1019 1184 1071 ut,
1217 1016 1416 1072 quoniam
1445 1016 1621 1060 nuncios

54 1099 220 1140 nostros
251 1095 305 1139 ad
335 1096 535 1139 domnum
566 1109 721 1153 papam
751 1109 829 1153 pro
861 1095 998 1139 causis
1031 1093 1256 1138 aecclesiae
1288 1094 1459 1148 agendis
1483 1097 1621 1138 trans-

54 1173 266 1230 misimus,
311 1177 454 1218 vestra
490 1173 763 1231 opitulatione
802 1173 967 1216 facilius
1006 1172 1105 1216 inde
1142 1171 1428 1229 expediamur.
1488 1171 1622 1227 Igitur

53 1254 219 1296 vestrae
248 1252 587 1308 magnanimitati
615 1251 891 1308 suggerimus,
925 1251 1123 1308 quoniam
1147 1250 1325 1293 domnus
1346 1249 1619 1306 H(einricus),

56 1330 127 1388 qui
156 1330 280 1374 huius
312 1330 537 1375 aecclesiae
568 1330 696 1374 abbas
729 1330 883 1385 extitit,
917 1329 1030 1387 apud
1060 1328 1260 1372 domnum
1282 1327 1485 1371 Thomam
1510 1328 1620 1372 sedis

56 1408 307 1466 apostolicae
346 1408 554 1464 legatum,
594 1422 690 1452 cum
722 1411 832 1452 esset
861 1408 907 1451 in
935 1407 1026 1451 loco
1057 1409 1222 1461 nostro,
1261 1419 1338 1463 pro
1371 1406 1622 1462 quibusdam

55 1486 248 1545 capitulis
295 1490 512 1531 accusatus
559 1489 601 1531 et
641 1486 818 1530 testibus
864 1485 1047 1529 inductis
1086 1483 1329 1528 indefensus
1367 1483 1541 1541 insuper
1580 1488 1623 1529 et

56 1564 209 1609 suimet
245 1563 505 1609 confessione
541 1579 637 1609 reus
668 1564 981 1619 manifestatus,
1022 1562 1150 1618 digna
1180 1561 1388 1605 sententia
1418 1576 1518 1606 suae
1550 1563 1621 1607 de-

54 1643 275 1701 positionis
311 1643 513 1687 multatus
558 1645 643 1697 est3
688 1645 730 1686 et
765 1642 811 1685 in
850 1641 989 1685 locum
1028 1641 1117 1684 eius
1155 1640 1331 1683 domnus
1363 1639 1620 1696 H(einricus)

55 1721 294 1779 prepositus
326 1724 390 1765 est
420 1724 672 1778 assumptus.
722 1719 850 1763 Cuius
880 1719 1073 1764 electioni
1099 1732 1194 1762 cum
1215 1719 1355 1774 gravis
1376 1718 1620 1763 reclamatio

57 1801 100 1843 et
137 1799 398 1856 quorundam
434 1799 613 1842 fratrum
642 1801 883 1841 nostrorum
914 1800 956 1841 et
987 1797 1115 1841 etiam
1144 1796 1350 1840 laicorum
1379 1799 1621 1840 nostrorum

55 1875 175 1921 fieret
209 1879 252 1921 et
281 1877 400 1932 gravi
431 1876 641 1920 discordia
670 1875 872 1919 aecclesia
899 1875 1238 1933 perturbaretur,
1276 1874 1412 1930 Deus,
1452 1875 1621 1919 univer-

58 1968 199 1998 sorum
237 1954 362 1999 saluti
400 1954 524 1998 solita
560 1954 718 2011 pietate
756 1952 996 2009 consulens,
1038 1967 1134 1996 eum
1174 1953 1330 1996 exemit
1368 1952 1419 1996 de
1458 1953 1618 2008 medio;

57 2046 156 2076 nam
184 2033 257 2076 vix
289 2035 467 2090 quatuor
495 2032 708 2076 mensibus
737 2031 905 2089 prefuit.
953 2030 1042 2083 Quo
1065 2030 1300 2087 absumptO,
1333 2030 1510 2075 domnus
1531 2030 1619 2076 Wi-

57 2110 204 2155 boldus
244 2111 372 2155 abbas
406 2110 666 2154 Stabulensis
702 2109 892 2153 unanimi
928 2122 1134 2152 consensu
1163 2107 1463 2151 monachorum
1494 2108 1620 2152 simul

59 2192 102 2233 et
134 2188 337 2232 laicorum
367 2201 463 2232 cum
492 2202 646 2243 magna
677 2187 899 2232 concordia
929 2186 1136 2241 omnium,
1175 2185 1439 2243 presentibus
1470 2185 1620 2240 B(ern-

57 2266 204 2321 hardo)
233 2265 588 2310 Patherburnensi
619 2266 813 2323 episcopo
844 2265 909 2309 et'³
940 2264 1207 2308 Heremanno
1238 2263 1390 2307 comite
1421 2263 1619 2308 ecclesiae

58 2347 226 2388 nostrae
272 2344 472 2388 advocato
521 2346 563 2387 et
606 2343 651 2386 in
689 2343 857 2386 laudem
894 2342 1107 2386 electionis
1148 2342 1236 2385 eius
1276 2341 1617 2398 acclamantibus,

58 2435 211 2478 magna
240 2435 335 2466 cum
365 2422 585 2466 devotione
616 2420 797 2475 eligitur.
844 2420 923 2472 Qui
954 2433 1050 2463 cum
1080 2419 1132 2464 de
1160 2419 1414 2463 monasterio
1445 2433 1519 2462 suo
1539 2433 1617 2476 pro

59 2499 215 2547 honore
244 2499 490 2557 prelationis
522 2498 613 2544 erui
643 2512 727 2541 non
756 2501 913 2556 posset,
945 2512 997 2542 ex
1027 2501 1224 2555 precepto
1249 2497 1361 2552 regis
1383 2497 1437 2540 ad
1457 2497 1618 2540 curiam

62 2580 126 2621 est
170 2581 385 2633 evocatus,
432 2578 505 2621 ubi
547 2576 737 2633 quamvis
776 2576 914 2633 primo
951 2575 1131 2619 multum
1168 2575 1403 2630 resisteret,
1447 2574 1618 2618 tandem

60 2655 200 2711 regiae
245 2655 451 2699 voluntati
460 2662 487 2711 ⁰,
535 2655 721 2698 omnium
765 2652 960 2710 precibus
1007 2653 1186 2708 evictus,
1233 2665 1327 2695 cum
1364 2651 1492 2695 reniti
1532 2666 1618 2696 non

61 2736 224 2790 posset,
270 2733 369 2777 licet
407 2733 565 2776 invitus
603 2731 823 2789 acquievit.
875 2730 938 2774 Eo
978 2731 1108 2786 igitur
1147 2730 1200 2773 ad
1240 2743 1314 2773 nos
1352 2729 1615 2786 adventante,

61 2810 189 2854 nichil
218 2810 309 2854 Deo
347 2810 531 2868 propitio
569 2810 615 2854 in
656 2823 820 2853 morum
857 2808 1073 2852 honestate
1110 2811 1152 2851 et
1188 2808 1234 2850 in
1270 2807 1484 2852 doctrinae
1515 2808 1617 2852 emi-

62 2889 205 2933 nentia
235 2891 276 2932 et
305 2888 351 2931 in
377 2888 679 2932 consultatione
701 2891 743 2932 et
762 2886 1000 2944 provisione
1021 2886 1257 2929 divinarum
1278 2888 1321 2929 et
1338 2885 1616 2931 humanarum

144 2980 171 3002 a.
191 2971 271 3011 patri
293 2972 413 3003 addidi,
494 2971 524 3002 b.
547 2974 577 3002 et
598 2972 719 3003 addidi.
803 2979 829 3001 c.
854 2972 899 3002 sic
920 2976 963 3001 est
984 2971 1013 3001 ἰιι
1036 2969 1104 3000 cod.
1126 2975 1286 3001 correctum
1306 2969 1521 3009 indulgentiae.
