1924 3288
535 163 734 194 wmALm
762 161 1013 194 nms'romn
1041 161 1111 192 294.
1135 161 1207 193 296.
1568 150 1657 194 423

88 272 216 317 quam
243 258 471 304 monachos
503 271 580 315 pro
610 257 911 302 monachorum
943 257 1151 301 delatione
1171 258 1218 301 in
1237 257 1303 300 ius
1334 257 1583 301 vocaveritis
1616 261 1658 302 et

86 343 254 383 omnem
283 336 612 381 controversiam
640 335 740 379 hinc
770 339 814 379 et
842 335 941 379 inde
963 335 1186 391 diligenter
1205 335 1484 391 cognoveritis
1506 339 1549 379 et
1568 339 1657 380 tam

84 415 240 460 iudicio
270 428 399 472 quam
434 414 608 459 consilio
640 413 840 458 ecclesiae
870 417 1036 457 vestrae
1075 413 1270 458 abbatem
1301 413 1326 457 a
1354 413 1657 457 monachorum

85 493 363 548 accusatione,
394 492 619 550 presertim
646 491 767 547 falsa,
801 491 1080 547 absolveritiS,
1111 505 1196 534 non
1216 495 1281 535 est
1300 491 1512 547 credibile,
1545 492 1657 548 quod

85 574 233 628 contra
270 570 462 615 canonici
502 570 607 614 iuris
645 570 855 613 rationem
891 569 1010 613 litem
1049 569 1235 613 decisam
1271 569 1463 613 refricari
1500 553 1654 614 >velitis.

83 649 142 694 Et
161 649 292 694 seculi
310 648 424 704 leges
447 648 604 703 dicunt,
635 647 761 692 rebus
781 648 868 691 iam
888 647 1084 691 iudicatis
1115 647 1313 690 standum
1335 661 1438 691 esse.
1476 647 1534 691 Et
1554 661 1656 705 quo-

83 727 200 773 niam
230 726 486 785 apostolicae
516 725 734 781 dignitatis
765 725 931 769 culmen
960 729 1051 769 tam
1082 725 1228 769 ordine
1249 739 1376 782 quam
1394 726 1657 783 professione

83 805 250 862 tenetis,
282 818 368 848 non
397 805 499 848 estis
529 804 651 847 iuxta
681 803 917 861 apostolum
947 803 1119 847 levitate
1150 817 1266 859 uSUS,
1296 807 1345 847 ut
1372 804 1428 847 sit
1449 804 1562 861 apud
1579 817 1655 848 vos

83 892 144 928 ent
173 885 216 927 et
243 879 371 927 non¹z
403 885 451 926 ut
480 881 676 926 videlicet
705 895 875 926 causam
906 882 1011 926 bene
1043 882 1068 926 a
1088 881 1207 925 vobis
1242 882 1456 937 cognitam
1487 885 1530 925 et
1559 895 1656 939 pre-

82 961 313 1006 iudicatam
342 960 546 1016 nobisque
577 960 631 1004 ad
660 959 974 1004 terminandum
1002 960 1272 1004 commissam
1292 974 1438 1003 rursus
1461 963 1558 1004 ante
1578 960 1656 1004 tri-

82 1039 212 1084 bunal
249 1042 438 1083 vestrum
475 1039 522 1082 in
559 1038 762 1082 iudicium
797 1037 1016 1082 revocetis.
1138 1037 1249 1082 Nam
1281 1038 1393 1094 quod
1424 1051 1523 1095 sepe
1554 1038 1657 1082 dicti

81 1117 278 1163 monachi
308 1119 633 1173 conqueruntur,
665 1116 778 1172 quod
807 1116 919 1160 bona
939 1115 1225 1160 Hasteriensis
1254 1115 1455 1160 ecclesiae
1475 1130 1552 1173 per
1583 1116 1656 1160 ab-

81 1195 191 1240 batis
211 1194 513 1251 negligentiam
534 1197 682 1238 contra
700 1194 865 1237 licitum
886 1194 1192 1250 distrahuntur,
1223 1197 1271 1237 ut
1292 1194 1404 1251 apud
1423 1181 1658 1251 propitium

80 1273 262 1318 iudicem
292 1272 527 1330 loquamur,
557 1286 660 1316 vera
689 1272 778 1316 fere
799 1272 1010 1328 dixerunt,
1043 1285 1138 1315 cum
1161 1272 1212 1316 de
1236 1272 1447 1316 thesauris
1469 1273 1657 1316 eiusdem

81 1351 280 1396 eeclesiae
308 1354 402 1394 tum
431 1351 478 1394 in
509 1350 645 1395 eundo
678 1350 731 1394 ad
761 1364 836 1394 vos
867 1354 959 1394 tum
997 1351 1043 1394 in
1080 1351 1330 1394 revertendo
1370 1350 1424 1394 ad
1455 1350 1656 1394 domnum

79 1427 358 1474 Leodiensem
388 1429 562 1473 calicem
593 1442 669 1473 sex
699 1442 939 1473 marcarum
970 1433 1012 1473 et
1042 1442 1209 1472 crucem
1240 1431 1504 1485 argenteam,
1535 1429 1656 1484 igno-

80 1510 202 1552 rante
234 1507 405 1564 abbate,
437 1507 689 1565 expendisse
719 1510 983 1563 asserantur,
1016 1510 1058 1551 et
1087 1507 1223 1550 multa
1250 1510 1464 1564 preterea,
1505 1506 1655 1563 quibus

79 1600 157 1644 per
186 1585 522 1643 inquietudinem
562 1599 684 1630 suam
723 1589 766 1629 et
802 1584 1015 1643 superflua
1050 1584 1189 1641 litigia
1220 1585 1440 1629 ecclesiam
1470 1586 1656 1628 minorar-

80 1667 252 1718 verunt3
283 1677 553 1720 nequaquam
584 1664 720 1708 adhuc
749 1663 967 1720 cessaturi,
999 1663 1084 1707 nisi
1115 1663 1362 1707 animositas
1395 1677 1540 1708 eorum
1570 1663 1655 1706 for-

80 1741 182 1786 tiori
211 1741 460 1799 disciplinae
489 1742 587 1797 iugo
618 1742 887 1799 reprimatur.
1002 1740 1284 1793 Quamobrem
1315 1741 1552 1786 sanctitatis
1582 1755 1655 1786 ve-

82 1823 196 1865 strae
225 1819 402 1875 genibus
442 1819 649 1876 advoluti,
689 1819 843 1864 obnixe
878 1832 1123 1876 precamur,
1161 1823 1210 1863 ut
1246 1819 1532 1864 misereamini
1567 1819 1655 1863 iam

81 1896 314 1942 deficientis
344 1897 456 1942 inter
486 1897 562 1941 has
592 1897 882 1942 contentiones
914 1897 1101 1953 abbatis,
1140 1897 1303 1955 parcite
1342 1897 1453 1953 seni,
1492 1897 1655 1954 parcite

79 1976 212 2034 inopi,
245 1976 318 2033 qui
347 1976 459 2021 inter
488 1976 758 2033 tyrannidem
787 1975 1087 2020 advocatorum
1114 1979 1156 2021 et
1175 1989 1319 2020 rerum
1340 1975 1528 2019 omnium
1559 1989 1654 2031 ege-

81 2057 235 2099 statem
274 2053 463 2100 laborem
500 2054 573 2098 vix
610 2053 792 2099 tolerare
828 2052 1021 2098 sufficiet.
1143 2053 1337 2099 Misimus
1376 2054 1431 2098 ad
1468 2039 1655 2098 vestram

81 2132 377 2176 discretionem
407 2135 600 2177 nostrum
630 2135 719 2176 tam
750 2132 954 2188 sanguine
985 2146 1112 2189 quam
1135 2132 1374 2176 obedientia
1404 2135 1448 2176 et
1477 2132 1654 2176 caritate

80 2223 348 2267 germanum,
380 2223 505 2266 quem
534 2213 737 2267 tanquam
767 2223 845 2254 nos
874 2210 990 2267 ipsos
1020 2211 1065 2253 in
1097 2210 1289 2256 omnibus
1322 2213 1364 2255 et
1392 2209 1653 2254 honorabitis

82 2291 126 2334 et
153 2288 401 2334 exaudietis.

85 2429 202 2477 295.
227 2431 440 2476 Wibaldus
471 2431 702 2475 Arnoldum
733 2432 1026 2476 cancellarium
1055 2439 1196 2489 φοραί,
1237 2439 1282 2474 ut
1304 2447 1472 2490 pannos
1501 2433 1653 2474 sericos

229 2511 308 2553 sibi
336 2510 478 2552 mittat.
528 2509 597 2552 De
627 2510 735 2566 reyis
766 2510 944 2553 consiliis
975 2511 1123 2553 certior
1145 2510 1248 2570 fieri
1278 2509 1372 2552 vult.
1435 2507 1507 2559 (M.
1531 2507 1650 2561 292.)

201 2597 434 2643 Karissimo
465 2598 634 2642 domino
666 2600 710 2641 et
733 2597 867 2641 amico
888 2611 964 2641 suo
984 2597 1207 2651 A(rnoldo)
1229 2596 1460 2642 venerabili
1481 2600 1651 2640 sanctae

84 2675 344 2720 Coloniensis
382 2675 583 2721 ecclesiae
620 2675 772 2718 maiori
802 2675 1017 2732 preposito
1048 2675 1190 2730 regiae
1220 2675 1360 2718 curiae
1401 2674 1650 2718 cancellario

82 2754 214 2798 frater
234 2752 485 2808 W(iba1dus)
517 2753 599 2798 Dei
629 2752 767 2808 gratia
796 2753 854 2808 id,
885 2752 998 2809 quod
1029 2756 1094 2798 est
1122 2753 1167 2796 in
1199 2751 1401 2797 aecclesia
1431 2751 1648 2808 catholica,

84 2831 263 2876 salutem
295 2835 337 2875 et
364 2831 710 2875 benedictionem.

179 2920 213 2956 1.
237 2920 260 2956 2
277 2919 442 2956 corinth.
460 2920 492 2965 1,
511 2919 566 2955 17.

1730 260 1825 297 1150

1676 309 1760 350 Sept.
1771 326 1805 331 —
1816 309 1882 341 Oct.

1679 2606 1771 2641 1150
