1924 3288
181 291 274 327 1152

156 340 244 371 Mart.
256 341 294 372 27

319 182 407 226 502
825 194 1023 226 wmflm
1050 195 1271 228 ums'rom
1301 195 1373 227 3⁷4.

318 301 433 332 mere
471 287 539 332 vel
584 288 768 343 adicere3
815 289 1101 346 unusquisque
1145 290 1258 335 enim
1300 290 1346 334 in
1382 304 1457 335 suo
1495 304 1628 336 sensuv
1656 289 1876 337 abundav.

318 365 631 421 Verumtamen,
664 366 862 423 quoniam
888 380 956 410 ars
975 366 1093 411 nulla
1112 367 1202 411 sine
1221 370 1466 425 preceptore
1484 382 1616 426 usque
1636 369 1691 414 ad
1708 368 1879 428 plenum

316 457 457 488 rerum
478 443 772 488 certitudinem
788 444 966 502 capitur,
986 444 1086 489 licet
1099 445 1326 500 benignum
1341 448 1488 502 pectus
1502 445 1880 492 vestrum'scientia

317 525 360 566 et
389 521 629 578 eloquentia
654 535 739 565 11011
770 521 1000 588 deseratur,
1030 525 1176 566 nostra
1194 526 1336 566 tamen
1355 524 1579 568 verborum
1595 521 1877 582 liniamenta’,

317 613 422 656 quae
461 598 766 643 disertitudinis
803 602 970 644 vestrae
1004 601 1194 658 picturae
1232 600 1557 658 substravimus,
1602 601 1719 646 nullo
1755 604 1878 647 erunt

315 677 536 721 facundiae
566 680 812 721 ornamento
841 677 1010 735 penitus
1041 678 1333 722 oblitteranda.

435 754 673 811 Siquidem,
719 767 815 798 cum
859 769 937 799 nos
985 756 1120 800 adhuc
1155 756 1326 800 iuvenes
1364 755 1524 800 curiam
1545 756 1879 803 'intravissemus

316 835 414 876 ante
445 846 575 876 annos
607 846 774 876 sursum
793 846 962 877 versum
990 833 1086 891 plus
1116 834 1307 877 minusve
1335 830 1547 890 triginta³‚
1577 834 1814 880 invenimus
1832 835 1880 880 in

316 910 566 967 quibusdam
585 910 688 954 viris
719 911 981 966 gravioribus
1011 911 1308 969 imperatoriae
1336 911 1569 956 maiestatis
1597 911 1798 970 reliquias
1825 913 1879 958 de

316 988 586 1032 contubernio
609 990 652 1032 et
671 988 895 1046 disciplina
913 989 1180 1046 imperatoris
1200 988 1390 1032 Heinrici
1411 989 1587 1034 senioris
1596 986 1625 1046 ⁴,
1647 988 1719 1048 qui
1736 990 1878 1048 verba,

316 1080 422 1124 quae
453 1066 507 1109 ad
537 1066 737 1110 domnum
766 1079 924 1124 papam
955 1070 997 1110 et
1027 1067 1081 1110 ad
1102 1065 1260 1110 Urbem
1281 1066 1332 1110 ab
1352 1066 1608 1123 imperatore
1628 1067 1879 1127 diriguntur,

314 1147 516 1201 tanquam
547 1157 733 1201 appensa
763 1146 805 1187 et
835 1143 1024 1187 dimensa
1053 1143 1296 1187 memoriter
1322 1143 1574 1201 retinebant,
1603 1157 1740 1203 neque
1757 1145 1879 1191 novis

313 1221 591 1278 legationibus
611 1221 828 1265 immutari
846 1220 914 1265 vel
940 1221 966 1265 a
994 1221 1169 1265 rudibus
1195 1220 1344 1277 legatis
1366 1221 1538 1266 alterari
1555 1222 1877 1280 permittebant3

315 1313 368 1344 110
397 1298 594 1344 videlicet
621 1299 821 1343 maiestas
851 1299 1020 1356 imperii
1051 1302 1093 1343 et
1122 1299 1224 1343 ordo
1255 1299 1502 1357 disciplinae
1532 1300 1820 1346 obsolesceret.

434 1376 492 1421 Et
522 1377 575 1420 ad
597 1377 955 1435 comparationem
977 1377 1146 1433 quidem
1167 1376 1345 1420 aliorum
1365 1391 1525 1434 regum,
1555 1377 1752 1423 videlicet
1769 1377 1879 1423 Gon-

317 1454 692 1512 stantinopolitani,
723 1454 1003 1511 Ungarorum,
1035 1454 1266 1511 Danorum,
1296 1454 1674 1511 Northweghorum
1705 1459 1748 1501 et
1776 1455 1880 1501 alio-

315 1547 410 1577 rum
439 1535 528 1577 tam
557 1532 834 1576 barbarorum
865 1545 992 1589 quam
1021 1531 1291 1588 Latinorum,
1328 1533 1463 1576 nostri
1492 1530 1721 1591 principis⁸
1750 1533 1881 1580 verba

316 1610 493 1654 humilia
524 1614 633 1654 sunt.
679 1610 738 1654 Et
769 1610 913 1654 subtili
944 1610 1220 1667 appendiculo
1256 1610 1506 1667 cavendum,
1543 1624 1598 1654 ne
1633 1611 1746 1656 inter
1775 1611 1880 1656 duas

318 1691 361 1733 et
389 1688 603 1733 interdum
635 1688 887 1731 dissidentes
925 1690 1178 1745 potestates,
1217 1687 1367 1744 quibus
1396 1687 1495 1732 fidei
1523 1687 1689 1732 vinculo
1719 1687 1881 1745 alligati

318 1779 477 1822 sumus,
515 1765 768 1809 sinceritatis
799 1768 969 1810 nostrae
998 1764 1294 1810 rectitudinem
1322 1764 1408 1809 ullo
1439 1765 1604 1810 dicendi
1633 1765 1702 1811 vel
1730 1765 1880 1823 agendi

317 1844 442 1888 modo
473 1843 821 1900 distorqueamus.

435 1920 635 1966 Reddetis
664 1921 801 1977 nobis,
833 1933 929 1964 cum
949 1919 1039 1964 Deo
1061 1919 1238 1964 ducente
1255 1933 1506 1978 prosperum
1524 1920 1706 1965 reditum
1723 1919 1879 1966 habue—

318 2000 427 2056 ritis,
460 1999 589 2043 studii
618 1999 753 2043 nostri
782 1999 930 2055 vicem,
962 1999 1014 2043 de
1045 1998 1260 2043 alacritate
1292 2001 1463 2042 eventus
1490 1997 1621 2042 vestri
1649 2012 1726 2043 nos
1755 1999 1879 2045 corti-

319 2076 444 2122 ficare
482 2091 568 2121 non
607 2076 860 2131 abnuentes3
900 2077 1019 2133 quia,
1056 2076 1156 2121 licet
1195 2074 1330 2120 officio
1368 2078 1411 2120 et
1446 2076 1649 2132 dignitate
1681 2077 1880 2136 precatis,

320 2155 517 2199 comitate
546 2157 689 2198 tamen
717 2167 797 2211 par
827 2161 941 2198 esse⁰
970 2168 1057 2198 non
1086 2153 1425 2210 dedignabimini.

442 2231 488 2275 Si
519 2232 700 2276 scribere
735 2231 942 2289 placuerit
978 2231 1132 2290 populo
1162 2231 1370 2288 Romano,
1409 2231 1520 2289 quod
1554 2230 1675 2275 nobis
1713 2230 1880 2288 quidem

321 2309 559 2353 faciendum
596 2310 641 2352 in,
677 2309 756 2353 hoc
793 2310 969 2354 articulo
1007 2310 1236 2368 plurimum
1274 2309 1462 2366 videtur,
1506 2309 1663 2367 poterit
1700 2307 1879 2353 eruditio

322 2389 465 2432 vestra
492 2387 557 2430 uti
584 2386 738 2431 litteris
768 2388 936 2445 vestris,
968 2401 1075 2445 quae
1099 2387 1152 2432 ad
1172 2387 1372 2431 domnum
1390 2400 1547 2445 papam
1566 2386 1748 2444 scriptae
1767 2389 1880 2443 sunt,

323 2464 482 2510 eisdem
511 2464 563 2508 de
594 2464 800 2509 similibus
829 2465 968 2510 verbis
999 2479 1049 2510 ac
1078 2465 1321 2521 sententiis,
1351 2465 1497 2523 paucis
1528 2464 1772 2521 admodum,
1801 2477 1880 2523 pro

323 2555 598 2601 personarum
626 2541 830 2587 varietate
859 2543 1045 2587 mutatis.

422 2659 449 2680 a.
476 2651 567 2689 parce
588 2660 614 2679 c.

421 2707 455 2743 1.
479 2706 582 2743 Rom.
602 2705 658 2752 14,
674 2705 709 2742 5.
803 2706 839 2742 2.
863 2706 887 2742 i.
905 2716 938 2743 e.
963 2705 1141 2751 epistolae
1165 2705 1296 2752 capita.
1391 2705 1427 2742 3.
1451 2704 1476 2742 i.
1493 2715 1526 2743 0.
1551 2704 1698 2743 circiter
1721 2715 1756 2742 a.
1774 2705 1879 2742 1122.

326 2766 362 2803 4.
386 2765 549 2803 Heinrici
574 2764 639 2802 IV.
732 2764 767 2801 5.
791 2764 968 2802 Friderici
992 2765 1010 2801 I
1034 2765 1144 2812 regis.
