1924 3288
589 203 788 236 wmALm
815 202 1036 235 nmswom
1067 202 1138 233 230.
1556 190 1643 234 349

82 297 213 356 deret,
243 297 325 343 sibi
354 302 605 356 conquestus
635 299 785 355 fuerat,
817 299 928 357 quod
956 298 1151 344 monachi
1171 297 1237 342 sui
1254 297 1541 343 inobedientes
1563 297 1643 342 sibi
1682 300 1774 337 1149

83 380 325 436 01Ῥῐοτειιε
355 376 530 422 rebelles
562 378 791 422 existerent
812 391 947 435 neque
967 377 1232 435 disciplinam
1253 379 1326 421 aut
1344 377 1645 420 correctionem
1666 350 1739 381 Dm
1751 350 1791 380 25

81 454 290 500 ullatenus
325 455 513 512 recipere
542 455 709 500 vellent.
772 455 862 499 Hoc
894 456 1037 514 ipsum
1067 456 1143 500 sub
1173 455 1402 499 multorum
1432 455 1645 499 audientia

81 531 195 578 idem
225 533 353 578 abbas
384 533 552 579 domino
584 537 727 578 nostro
757 533 847 589 regi
869 533 1150 578 intimaverat.
1192 533 1278 578 Nos
1300 547 1476 591 quoque,
1506 533 1644 577 karis-

82 611 187 656 sime
223 614 364 670 pater,
402 611 533 656 oculis
568 612 723 656 nostris
754 611 799 655 in
831 612 977 656 eodem
1006 612 1260 656 monasterio
1290 612 1420 670 positi
1447 611 1643 667 vidimuS,

82 689 194 747 quod
227 690 423 748 proprias
462 690 605 734 domos
643 689 855 734 habebant
891 693 933 735 et
968 690 1202 748 prebendas
1239 704 1357 735 more
1395 689 1646 735 secularium

82 767 328 812 clericorum
358 768 591 826 capiebant.
635 769 751 814 Tunc
782 783 960 827 quoque,
990 770 1036 813 in
1067 772 1293 827 conspectu
1322 769 1442 825 regni
1460 769 1507 812 in
1525 771 1646 812 131113

81 847 366 891 controversia
394 847 537 905 positi,
567 861 703 905 neque
732 852 952 892 tonsuram
980 861 1116 905 neque
1146 847 1336 892 habitum
1358 847 1553 891 11101130111
1573 861 1645 891 ex-

80 923 292 982 hibebant,
323 929 388 969 set
417 925 619 970 semilaici
650 926 954 983 quodammodo
974 926 1223 971 deridendos
1245 940 1336 970 sese
1357 926 1643 970 ostendebant.

80 1002 333 1060 Allegabant
359 1006 553 1061 preterea
581 1004 768 1061 religiosi
787 1005 883 1062 viri,
915 1005 1025 1062 quod
1054 1018 1279 1062 personam
1300 1005 1386 1048 suis
1408 1004 1526 1048 viciis
1547 1017 1645 1047 con-

81 1082 333 1126 sentientem
373 1095 426 1126 ex
463 1082 673 1127 industria
710 1082 946 1139 elegissent.
1019 1082 1213 1127 Collectis
1249 1083 1392 1140 itaque
1431 1082 1477 1126 in
1514 1096 1646 1126 unum

80 1158 231 1204 harum
261 1159 540 1204 obiectionum
571 1162 759 1218 summis,
792 1162 1077 1206 adiudicatum
1108 1164 1186 1218 est,
1216 1175 1302 1205 non
1331 1160 1520 1219 potuisse
1541 1174 1645 1204 non-

80 1238 305 1283 monachos
327 1237 522 1283 abbatem
542 1239 709 1296 eligere,
741 1254 838 1284 eum
856 1241 1069 1299 precipue,
1092 1240 1163 1297 qui
1182 1239 1410 1284 monachus
1430 1252 1645 1296 nunquam

81 1317 302 1362 extitisset.
363 1316 472 1361 Iussi
502 1321 601 1361 sunt
630 1317 780 1362 deinde
809 1321 899 1362 tam
935 1318 1130 1363 monachi
1160 1332 1286 1376 quam
1314 1316 1573 1363 beneficiati*
1604 1320 1646 1361 et

80 1394 377 1440 ministeriales
408 1395 631 1441 aecclesiae
662 1396 714 1440 ad
745 1397 925 1453 curiam,
963 1411 1070 1454 quae
1102 1396 1251 1455 Spirae
1281 1397 1326 1440 in
1355 1395 1646 1455 purificatione
1684 1404 1777 1439 1150

81 1473 228 1518 beatae
257 1472 416 1518 Mariae
446 1473 655 1519 celebrata
685 1478 761 1532 est,
793 1475 1028 1520 convenire.
1080 1475 1163 1520 Ubi
1191 1478 1290 1533 post
1318 1474 1498 1519 multam
1527 1487 1646 1518 mon·
1667 1453 1754 1484 Febr·
1770 1455 1789 1484 ²

81 1550 280 1596 achor-um
308 1552 586 1610 pertinaciam
614 1553 786 1597 tandem
815 1554 910 1611 pari
929 1557 1027 1598 voto
1059 1557 1101 1598 et
1129 1554 1319 1598 unanimi
1348 1566 1555 1598 consensu
1575 1566 1646 1597 ex-

81 1629 322 1688 pecierunt,
360 1631 442 1675 sibi
479 1631 572 1676 dari
607 1631 654 1675 in
690 1635 857 1689 patrem
892 1634 935 1676 et
963 1635 1178 1690 pastorem
1208 1632 1446 1676 animarum
1476 1645 1648 1676 suarum

80 1708 221 1752 virum
257 1708 498 1753 nominatae
532 1709 768 1766 religionis,
804 1712 970 1754 vestrae
1010 1710 1245 1755 sanctitatis
1281 1709 1416 1755 filium
1453 1710 1648 1755 videlicet

83 1786 279 1831 abbatem
300 1785 609 1831 Erliacensem¹
628 1787 844 1832 Eilulfum.
886 1787 1092 1833 Dominus
1112 1803 1211 1834 vero
1241 1792 1385 1834 noster
1413 1803 1503 1845 rex,
1535 1802 1647 1833 com-

82 1864 294 1908 municato
338 1867 427 1908 tam
462 1864 707 1910 Basiliensis
753 1867 940 1925 episcopi
978 1881 1104 1924 quam
1142 1867 1320 1911 aliorum
1355 1867 1648 1923 religiosorum

83 1943 271 1999 consilio,
301 1943 489 2001 predicto
522 1944 727 1989 concessit
749 1943 1020 1990 Morbacense
1050 1946 1354 1990 monasterium
1385 1945 1461 1990 sub
1493 1958 1544 1990 ea
1573 1959 1647 2003 spe

83 2023 126 2065 01
156 2021 233 2065 sub
262 2021 339 2065 tali
368 2022 567 2066 mandato
578 2035 594 2078 ,¹
621 2025 669 2066 ut
698 2023 907 2080 prefatam
938 2023 1182 2068 aecclesiam
1210 2025 1257 2068 in
1287 2024 1429 2068 divino
1460 2023 1575 2068 cultu
1606 2027 1649 2068 01

82 2099 316 2144 monastica
345 2099 547 2156 religione
577 2100 837 2146 reformaret.
887 2101 1022 2160 Super
1053 2116 1148 2159 quo,
1178 2102 1356 2160 pedibus
1377 2105 1542 2147 vestrae
1566 2101 1647 2146 cel-

83 2177 278 2222 situdinis
315 2177 529 2222 humiliter
563 2178 770 2236 advoluti,
807 2180 956 2224 devote
986 2180 1252 2225 clementiam
1280 2184 1466 2226 vestram
1496 2180 1647 2238 implo-

83 2268 240 2312 ramus,
267 2259 328 2313 ut,
361 2257 472 2314 quod
501 2259 590 2300 tam
620 2256 724 2301 bene
755 2261 797 2302 et
825 2261 916 2302 tam
943 2259 1149 2303 bonorum
1179 2259 1376 2316 suffragio
1405 2259 1647 2303 inchoatum

85 2337 168 2390 est,
209 2334 263 2378 ad
299 2334 500 2379 honorem
529 2334 610 2379 Dei
647 2349 721 2379 vos
751 2340 892 2380 vestra
928 2337 1216 2382 benedictione
1254 2341 1296 2382 et
1333 2337 1647 2382 confirmatione

83 2410 332 2470 perficiatis3
369 2427 504 2471 neque
540 2417 704 2458 vestrae
741 2414 912 2471 pietatis
949 2428 1093 2459 aurem
1131 2415 1338 2472 aliquibus
1367 2415 1647 2473 pseudomon-

86 2490 220 2546 achiS,
265 2491 331 2535 his
376 2495 465 2536 tam
502 2495 614 2537 recte
652 2492 782 2549 gestis
819 2493 1102 2538 contradicere
1141 2493 1397 2550 volentibuS,
1444 2493 1647 2537 inclinare

85 2568 326 2625 dignemini.
800 2568 803 2569 ⁷

182 2692 208 2714 a.
234 2682 395 2714 beneficati
417 2695 442 2714 c.

181 2742 215 2778 1.
239 2752 270 2778 s.
286 2741 559 2779 Herilacensem
585 2739 732 2787 (Erlach
757 2741 979 2787 monasterii,
1004 2741 1122 2779 dioec.
1139 2742 1436 2788 Lausannensis).
