1924 3288
141 292 232 328 1156

128 343 254 372 exeunte

277 182 364 226 578
782 194 981 224 WIBALDI
1009 193 1231 225 Ems'rom
1260 193 1332 224 446.

277 288 519 332 detrimenti
547 287 845 332 reclamatione
871 302 962 344 nos,
995 288 1139 332 divina
1159 292 1202 332 et
1221 291 1363 333 vestra
1383 287 1482 331 freti
1501 287 1651 343 gratia,
1682 287 1729 331 in
1747 289 1842 332 tan-

276 369 368 410 tum
402 366 704 424 processimus,
745 366 856 422 quod
894 366 1069 410 domnus
1108 380 1220 423 papa
1250 367 1361 409 vices
1401 378 1499 408 suas
1533 365 1579 408 in
1608 364 1687 408 hac
1717 377 1844 408 causa

277 444 428 497 domno
449 443 824 499 Magedeburgensi
856 443 1168 501 archiepiscopo
1181 441 1192 460 ¹
1222 438 1476 496 commisit²;
1509 442 1582 498 qui
1606 442 1734 486 etiam
1746 444 1843 485 tam

275 535 352 565 nos
391 535 518 578 quam
553 522 752 565 domnum
784 521 1175 577 Osnebruggensem
1206 516 1472 578 episcopum³
1504 519 1559 574 ad
1587 519 1843 576 presentiam

277 613 397 642 suam
426 600 471 642 in
502 599 673 643 civitate
702 598 973 643 Merseburch
993 599 1196 655 vigesima
1227 599 1294 642 die
1324 597 1482 641 mensis
1507 593 1716 641 Ianuarii*
1746 610 1843 640 evo-

276 677 399 720 cavit.
492 676 625 728 Quam
657 678 710 721 ob
739 692 829 721 rem
860 677 1124 721 clementiam
1155 679 1352 731 vestram,
1385 675 1435 719 de
1467 688 1550 731 qua
1578 688 1663 718 non
1691 687 1844 731 parum

276 753 535 810 confidimus,
569 755 722 799 obnixe
749 755 1000 811 flagitamus,
1031 758 1080 798 ut
1101 755 1235 798 eidem
1257 754 1408 797 domno
1431 752 1743 810 archiepiscopo
1762 751 1843 795 im-

275 832 455 889 periales
478 832 618 889 apices
640 833 851 877 destinare
873 833 1116 889 dignemini,
1140 835 1344 889 quatenus
1366 844 1442 888 pro
1460 834 1626 874 vestrae
1646 828 1842 873 iussionis

275 910 512 954 reverentia
549 924 720 954 causam
755 915 946 955 nostram
982 912 1161 967 benigne
1200 909 1403 966 suscipiat
1439 912 1480 952 et
1510 908 1600 952 sine
1630 906 1842 951 dilationis

274 988 575 1046 impedimento
608 988 794 1044 difiniat3
829 1003 907 1034 nec
946 989 1170 1034 aecclesiae
1201 987 1444 1032 Corbeiensi
1476 986 1738 1043 aliquatenus
1769 983 1842 1029 ob-

275 1067 411 1122 sistat,
449 1066 560 1122 quod
590 1066 698 1110 dono
731 1070 774 1110 et
802 1067 1036 1124 privilegiis
1067 1070 1378 1111 antecessorum
1409 1067 1644 1108 vestrorum
1675 1062 1843 1106 easdem

275 1145 573 1189 decimationes
606 1144 631 1188 a
659 1144 952 1189 fundatoribus
984 1145 1071 1189 suis
1094 1145 1267 1202 accepit,
1300 1147 1342 1187 et
1360 1142 1497 1198 longis
1517 1139 1776 1199 temporibus
1796 1139 1843 1184 111

275 1222 414 1279 quiete
445 1225 487 1266 et
515 1235 620 1280 pace
649 1223 850 1280 possedit,
882 1226 924 1267 et
943 1223 1034 1267 31113
1055 1223 1170 1267 0111111
1188 1222 1293 1265 iuris
1315 1221 1461 1264 ordine
1480 1233 1558 1277 per
1577 1218 1843 1263 manifestam

273 1300 518 1344 violentiam
549 1300 704 1344 amisit.

392 1377 611 1434 Preterea,
650 1378 883 1422 maiestatis
915 1381 1079 1423 vestrae
1116 1377 1294 1435 pedibus
1333 1379 1375 1419 et
1411 1375 1550 1418 animo
1591 1377 1633 1418 et
1669 1387 1843 1431 corpore

275 1455 475 1512 advoluti,
506 1456 704 1499 iteratam
736 1456 1042 1512 querimoniam
1072 1455 1126 1499 ad
1145 1458 1310 1498 vestrae
1341 1452 1600 1498 celsitudinis
1632 1465 1753 1495 aures
1776 1465 1843 1495 re-

274 1535 447 1578 ferimus
479 1534 530 1577 de
562 1534 769 1577 occisione
800 1534 1012 1578 Thiderici
1042 1533 1206 1577 comitis
1238 1532 1289 1576 de
1319 1531 1506 1586 Huxara,
1539 1529 1611 1586 qui
1639 1529 1685 1573 111
1716 1543 1843 1587 expe-

276 1612 434 1655 ditione
464 1614 607 1655 vestra
635 1611 784 1655 Italica
817 1612 938 1655 nobis
970 1614 1168 1655 strennue
1200 1624 1248 1654 ac
1277 1609 1456 1653 fideliter
1487 1607 1679 1662 servivit3
1718 1620 1843 1664 quem

276 1690 453 1733 domnus
484 1688 762 1733 Widekindus
800 1689 851 1733 de
885 1688 1188 1744 Sualenberch,
1229 1687 1442 1732 sedentem
1476 1687 1522 1730 in
1550 1685 1654 1729 iuris
1685 1684 1843 1729 ditione

276 1781 366 1823 sua,
398 1781 524 1824 quam
554 1767 854 1810 hereditariam
884 1767 966 1811 sibi
996 1781 1022 1810 a
1051 1766 1172 1810 nobis
1202 1766 1294 1809 iure
1316 1765 1565 1820 obtinuerat,
1598 1777 1724 1820 super
1745 1775 1842 1807 con-

276 1848 485 1889 secratum
531 1844 756 1889 aecclesiae
799 1859 968 1888 murum
1005 1844 1190 1902 propriis
1229 1843 1422 1888 manibus
1461 1856 1556 1886 cum
1594 1840 1842 1885 satellitibus

278 1923 364 1967 suis
393 1923 620 1967 interemit.

396 2001 572 2058 Insuper
601 2003 690 2043 tam
709 2014 786 2044 nos
807 2014 934 2057 quam
955 2014 1099 2044 omnes
1119 2001 1270 2043 fratres
1291 1998 1426 2043 nostri
1444 1997 1658 2056 potentiae
1677 1999 1842 2042 vestrae

277 2078 472 2123 flebiliter
502 2078 809 2135 conquerimur,
841 2078 952 2134 quod
983 2091 1120 2122 comes
1153 2077 1204 2122 de
1231 2076 1529 2122 Tekeneburch
1559 2076 1670 2120 bona
1697 2078 1842 2121 nostra

280 2160 322 2201 et
349 2157 530 2200 flatrum
558 2159 798 2199 nostrorum
830 2159 871 2199 et
898 2170 1146 2213 pauperum,
1179 2155 1252 2212 qui
1272 2155 1322 2199 de
1343 2153 1543 2212 hospitali
1562 2154 1722 2211 vivunt,
1751 2154 1841 2211 vio-

278 2235 413 2279 lenter
443 2233 683 2290 occupavit3
715 2233 858 2277 volens
889 2247 966 2277 nos
997 2234 1139 2291 predis
1164 2236 1206 2277 et
1228 2232 1388 2290 rapinis
1409 2245 1649 2289 perurgere,
1678 2234 1728 2275 ut
1745 2244 1841 2289 pre-

281 2313 396 2356 dium
433 2310 662 2368 quoddam,
703 2311 814 2367 quod
845 2311 1046 2355 aecclesia
1077 2310 1339 2355 Corbeiensis
1369 2310 1415 2353 in
1444 2313 1634 2367 tempore
1664 2311 1842 2365 quatuor

279 2390 623 2448 predecessorum
659 2392 899 2432 nostrorum
934 2389 1130 2433 abbatum
1163 2389 1302 2445 quiete
1330 2387 1540 2445 possedit,
1577 2400 1653 2431 nos
1685 2386 1841 2443 absquo
1885 2415 1887 2418 .

281 2468 369 2512 11113
389 2467 527 2523 legum
549 2466 713 2510 ratione
734 2465 1015 2521 dimittamus;
1047 2480 1143 2510 cum
1162 2479 1238 2509 nos
1258 2465 1398 2522 parati
1417 2465 1547 2509 simus
1569 2467 1611 2508 et
1630 2464 1669 2508 ei
1688 2463 1840 2507 multo-

282 2546 395 2590 ciens
427 2544 719 2602 optulerimus,
755 2543 800 2586 in
831 2546 969 2587 vestro
1000 2544 1154 2587 iudicio
1186 2543 1273 2587 sive
1305 2543 1421 2586 ducis
1451 2542 1540 2586 sive
1569 2541 1733 2585 comitis
1762 2554 1839 2587 nos

282 2637 358 2681 pro
390 2623 537 2667 eodem
565 2621 711 2679 predio
735 2620 842 2664 velle
873 2624 985 2665 stare
1017 2624 1071 2677 et,
1103 2621 1141 2665 si
1168 2635 1245 2678 per
1274 2620 1410 2676 legem
1441 2618 1717 2675 amiserimus,
1749 2618 1839 2662 sine

281 2701 580 2759 impedimento
612 2698 637 2743 a
665 2698 928 2756 possessione
958 2698 1164 2743 recedere.

378 2807 411 2842 1.
442 2804 693 2843 wichmanno.
836 2804 869 2839 2.
901 2814 936 2840 v.
963 2814 1020 2850 ep.
1037 2804 1106 2840 441
1139 2813 1250 2850 supra
1279 2813 1315 2849 p.
1333 2802 1414 2839 574.
1556 2800 1591 2836 3.
1622 2799 1837 2846 Philippum.

281 2866 316 2902 4.
343 2865 433 2902 1157
459 2865 534 2901 Ian.
552 2864 609 2901 20.
