1930 3224
171 295 242 332 836

138 344 225 376 Mart„
238 346 276 375 19

138 1235 224 1266 Mart.
236 1236 276 1266 20

305 187 358 231 16
841 199 1127 231 mfflsnxno
1157 198 1194 230 s.
1216 198 1310 230 vrrr

300 292 485 337 ablatum
520 293 663 338 lumen
700 294 941 350 dignaretur
978 292 1164 336 reddere.
1227 292 1454 338 Cernentes
1492 291 1856 342 antenaco-viri

299 370 497 427 religiosi,
528 375 616 416 tam
644 371 856 428 praefatus
888 370 1014 414 abbas
1036 384 1162 426 quam
1182 370 1256 421 alii
1275 371 1347 427 qui
1367 370 1517 415 simul·
1535 370 1854 428 mabuntur,

301 449 411 505 quod
447 449 598 493 mulier
626 462 750 492 caeca
778 452 866 491 tam
896 447 1140 492 anhelanter
1168 451 1266 506 post
1294 449 1409 506 ipsos
1439 451 1647 507 curreret,
1680 446 1733 494 111
1760 449 1855 508 ipso

298 525 388 570 loco
418 539 514 570 cum
542 526 730 583 reliquiis
762 525 897 569 sancti
920 526 1119 583 martyris
1139 526 1357 584 paululum
1377 524 1698 582 constiterunt⁵3
1731 526 1857 584 atque

299 603 382 647 ita⁶
418 604 610 660 veniens,
656 616 797 647 coram
840 603 1136 648 innumerabili
1171 603 1440 649 multitudine
1475 603 1623 663 populi
1658 601 1858 650 comens

299 681 501 725 adoravit.
548 680 662 732 Quae
690 694 803 736 mox,
833 681 1206 726 intervenientibus
1226 682 1389 727 meritis
1409 682 1521 727 beati
1535 682 1625 727 Viti
1642 682 1857 740 mni-tyris,

299 758 503 814 largiente
531 758 614 802 Dei
642 758 944 815 misericordia,
974 759 1130 815 lumen,
1162 773 1242 816 quo
1272 759 1384 804 111111(Ι
1415 760 1634 805 duodecim
1660 758 1860 804 annismt

300 836 483 880 diximus
514 839 718 892 caruerat,
750 836 921 894 recepit.
974 836 1176 881 Omnibus
1206 851 1387 895 namque
1417 837 1682 883 comentibus
1712 837 1859 885 mu&

300 927 380 970 que
407 913 698 970 gaudentibus,
730 914 820 958 sine
841 914 945 958 duce
965 928 1096 972 usque
1117 915 1170 959 ad
1189 916 1427 973 proximam
1446 916 1720 973 mansionem,
1745 926 1859 974 qm

298 991 379 1034 fuit
407 991 454 1034 in
483 990 584 1035 villa
612 991 782 1036 nomine
812 991 1058 1037 Mintriacus
1070 990 1094 1050 ¹,
1126 997 1349 1051 prosecuta
1378 997 1453 1038 est.
1516 993 1652 1038 Affuit
1678 993 1858 1039 mutim

300 1068 389 1112 eius
420 1068 629 1126 ceterique
659 1069 788 1113 vicini
818 1073 860 1114 et
890 1071 1069 1127 cognati,
1101 1072 1173 1128 qui
1203 1085 1299 1116 cum
1326 1071 1423 1129 ipsa
1450 1074 1584 1115 totam
1605 1074 1775 1116 noctem
1791 1067 1860 1116 ia-

299 1159 488 1190 somnem
516 1146 583 1190 in⁰
613 1147 768 1203 vigiliis
799 1151 842 1192 et
872 1149 1127 1193 orationibus
1158 1163 1207 1193 ac
1236 1149 1318 1193 Dei
1346 1149 1539 1193 laudibus
1570 1149 1790 1193 duxerunt.
1826 1146 1843 1175 ·’

417 1223 467 1267 111
505 1225 735 1269 crastinum
766 1239 887 1282 ergo,
926 1226 1025 1270 dum
1053 1227 1136 1271 iter
1166 1230 1357 1283 agerent,
1397 1226 1657 1283 divulgatum
1687 1229 1752 1272 est
1772 1226 1859 1271 {hoc

298 1315 375 1359 per
404 1302 567 1346 itineris
598 1303 710 1359 loca,
743 1306 785 1347 et
815 1308 1041 1361 coeperunt
1071 1304 1200 1348 alacri
1230 1305 1450 1365 devotione
1480 1305 1630 1349 dextra
1657 1304 1859 1362 laevoque

298 1379 483 1436 undiquc
518 1393 746 1426 occurrere.
809 1381 923 1425 Inter
954 1396 1056 1439 quos
1087 1382 1268 1426 occurrit
1297 1383 1503 1439 quaedam
1531 1382 1684 1427 mulier
1704 1377 1859 1427 Erm-

298 1456 424 1501 hildis
459 1458 666 1515 nomine,
687 1459 967 1504 nescientibus
1003 1459 1234 1515 omnibus‘3
1267 1474 1292 1504 a
1321 1460 1438 1504 cuius
1473 1460 1667 1505 manibus
1695 1456 1860 1505 ablata·

298 1534 436 1579 fuerat
465 1536 648 1594 speciesh
679 1537 871 1594 propria,
909 1538 966 1581 eti
996 1538 1098 1582 facti
1128 1541 1248 1582 erant
1282 1538 1404 1594 digiti
1435 1539 1524 1582 eius
1554 1538 1672 1583 curvi
1699 1535 1782 1594 aa,
1807 1541 1861 1582 ut

299 1613 449 1657 mediis
480 1614 633 1671 palmis
663 1613 738 1657 fixi
767 1615 1021 1659 viderentur.
1068 1615 1166 1673 Ipsa
1194 1619 1337 1660 tamen
1367 1629 1461 1659 cum
1482 1612 1861 1674 appropinquasset

300 1691 354 1734 ad
381 1691 596 1747 feretrum,
626 1693 819 1736 invocato
851 1694 984 1737 sancti
1013 1694 1212 1750 martyris
1242 1694 1424 1750 nomine,
1456 1693 1509 1737 ad
1528 1693 1753 1738 sanitatem
1769 1694 1860 1751 pri-

299 1768 455 1812 stinam
483 1783 632 1814 manue
663 1771 752 1814 eius
784 1775 881 1814 sunt
909 1784 1114 1815 reversae.
1163 1770 1247 1814 Sed
1275 1772 1442 1827 misera,
1474 1771 1575 1815 dum
1604 1771 1684 1816 hoc
1711 1771 1861 1816 fnisset

298 1860 450 1890 munus
482 1848 655 1905 adepta,
688 1848 764 1892 sub
796 1849 976 1904 silentio,
1006 1849 1197 1892 nesciens
1228 1848 1317 1892 Deo
1348 1849 1578 1906 rependere
1607 1851 1762 1906 grates,
1790 1856 1860 1894 16-

298 1924 470 1982 pedavit
499 1925 552 1969 ad
580 1927 765 1983 propria.
828 1926 911 1970 Sed
941 1926 1084 1970 divina
1114 1926 1218 1970 sibi¹
1247 1926 1446 1970 reddente
1474 1926 1681 1983 vindicta,
1713 1926 1860 1972 eadem

299 2005 421 2046 nocte
450 2006 499 2046 ut
526 2003 644 2060 prius
675 2017 826 2047 manus
857 2005 946 2048 eius
978 2005 1187 2049 arefactae
1218 2007 1328 2048 sunt.
1376 2004 1493 2048 Tunc
1511 2003 1587 2048 ina
1605 2004 1860 2062 intempesta

299 2083 421 2124 nocte
442 2094 630 2137 surgens,
660 2083 827 2138 marito,
856 2085 1028 2138 cogente
1048 2083 1310 2138 necessitate,
1331 2081 1545 2137 indicavit,
1567 2095 1674 2138 quae
1692 2081 1860 2126 fuerant

300 2161 430 2213 gesta.
467 2158 602 2211 Quam
621 2159 686 2203 vir
707 2173 806 2203 suus
826 2160 872 2203 in
890 2160 1076 2204 iumento
1096 2160 1264 2215 vehens,
1286 2159 1340 2203 ad
1358 2159 1660 2203 monasterium
1681 2158 1859 2204 Sanctae

301 2234 446 2280 Crucis
454 2233 484 2292 ²,
514 2237 587 2281 ubi
615 2237 710 2295 ipsa
738 2241 861 2282 nocte
890 2252 967 2296 pro
989 2251 1211 2296 corporum
1229 2237 1476 2281 lassitudine
1495 2237 1744 2294 quieverunt
1760 2248 1859 2282 cum

299 2313 488 2371 reliquiis
519 2316 654 2359 sancti
683 2317 901 2373 martyris,
938 2319 1036 2373 post
1065 2330 1135 2360 eos
1166 2315 1360 2371 adduxit,
1398 2315 1672 2360 manifestans
1701 2315 1857 2372 omnia,

301 2404 407 2448 quae
436 2396 556 2448 gesta
586 2397 706 2437 erant
735 2407 830 2438 cum
858 2393 961 2437 illa'.
1683 2415 1685 2417 ·

420 2469 497 2514 His
528 2474 576 2515 ut
606 2471 788 2515 diximus
818 2471 880 2515 ita
910 2484 956 2515 se
985 2470 1247 2527 habentibus,
1279 2471 1333 2514 ad
1361 2470 1443 2514 iter
1470 2469 1712 2514 redeamus.·
1751 2468 1858 2514 Cum

301 2550 442 2592 autem
472 2550 856 2607 appropinquarent
874 2547 1024 2612 Meldis
1045 2549 1258 2593 civitatem
1265 2555 1303 2605 ¹¹¹,
1334 2548 1503 2592 obvium
1523 2546 1679 2592 habent
1697 2547 1857 2605 episco—

384 2663 411 2685 ι
433 2655 523 2686 simul
545 2667 601 2687 om.
617 2657 645 2686 1.
706 2656 737 2687 b.
759 2656 957 2687 substiterant
978 2657 1006 2687 2.
1070 2646 1096 2687 ὸ.
1118 2656 1158 2686 At
1177 2655 1246 2695 ipsa
1266 2656 1295 2685 2.
1357 2653 1387 2684 a
1408 2654 1468 2684 im
1489 2665 1546 2685 οη..
1561 2655 1590 2684 2.
1652 2664 1679 2685 ο.
1699 2654 1733 2685 in
1754 2666 1811 2686 ο...
1825 2654 1856 2685 1.

301 2707 323 2738 f.
350 2708 488 2739 omnibus
517 2721 572 2739 om.
588 2711 617 2740 2.
686 2719 715 2748 g.
744 2710 845 2740 oblata
872 2711 900 2740 1.
970 2709 1000 2740 11.
1028 2711 1073 2740 n'c
1093 2711 1204 2749 scripsi
1224 2720 1282 2748 pro
1302 2716 1373 2747 spes
1395 2709 1431 2745 2;
1460 2707 1578 2746 species
1603 2708 1728 2747 propria
1753 2718 1811 2739 οιι.
1825 2708 1857 2739 L

301 2761 322 2791 i.
344 2762 428 2792 cuins
450 2762 539 2800 digiti
556 2763 600 2792 ita
617 2762 690 2793 facti
704 2765 789 2793 erant
809 2763 893 2794 curvi
915 2764 932 2794 1
947 2774 1004 2802 pro
1023 2764 1055 2794 et
1074 2778 1107 2783 —
1126 2763 1169 2793 ita
1190 2764 1220 2793 2.
1279 2761 1310 2792 k.
1331 2761 1390 2792 sibi
1405 2772 1460 2791 οιι.
1476 2762 1504 2791 1.
1566 2761 1586 2792 1.
1609 2761 1638 2791 ei
1651 2760 1824 2794 accidunt
1836 2761 1857 2793 2

299 2826 356 2854 pro
378 2817 463 2853 gesta
488 2831 521 2836 —
545 2815 607 2846 illa.
669 2825 709 2846 m.
731 2816 884 2847 civitatem
905 2828 962 2847 om.
978 2817 1007 2847 1.

397 2885 430 2921 1.
455 2885 567 2932 Mitry
590 2896 613 2922 a
636 2886 766 2923 Meldis
789 2886 886 2923 inter
910 2886 1138 2923 occidentem
1162 2887 1200 2921 et
1222 2883 1513 2929 septemtriones.
1584 2884 1620 2920 2.
1642 2886 1772 2929 postea
1792 2894 1856 2922 vo·

302 2945 425 2980 catum
449 2943 488 2981 S.
503 2945 655 2982 Faronis
680 2945 951 2991 monasterium,
977 2945 1016 2980 in
1040 2944 1215 2981 suburbio
1237 2942 1425 2980 Meldensi.
1852 2966 1853 2969 η
