1924 3262
311 189 395 233 106
825 200 1022 231 wmALDI
1050 198 1270 230 nP1s'r012A
1296 197 1347 228 28.

85 297 178 335 1146
200 309 245 331 0¹·
261 316 293 321 -
310 299 482 353 stupens
518 296 679 351 gaudeo
718 299 760 339 et
798 294 982 350 gaudens
1021 296 1190 350 stupeo,
1227 305 1306 337 nec
1343 295 1487 338 tamen
1513 292 1561 336 in
1586 292 1680 351 ipso
1709 292 1862 349 gaudio

85 346 176 383 1147
198 347 239 379 in.

307 374 459 418 timore
489 387 630 418 careo:
662 372 876 428 gratulans
908 371 1101 428 equidem
1129 384 1207 428 pro
1227 370 1441 414 amiciciae
1460 370 1600 416 debito
1619 384 1747 429 super
1764 374 1863 425 tuae

307 465 511 509 personae
540 454 628 494 tam
658 449 882 507 multiplici
912 452 955 493 et
984 473 1040 479 —
1070 451 1119 492 ut
1147 462 1293 493 verum
1322 449 1469 504 fatear,
1501 448 1601 505 quia
1623 448 1749 494 modo
1775 462 1862 495 non

308 529 450 573 abbati
487 532 551 572 set
578 527 770 572 Wiboldo
807 540 900 571 meo
936 526 1085 584 loquor
1121 551 1177 557 —
1216 526 1342 570 nimis
1380 526 1600 583 inopinata
1637 525 1861 584 aliqnando

307 606 621 660 sublimatione3
662 608 726 648 set
761 608 902 648 metuo
937 618 1012 661 ne,
1049 605 1161 662 quod
1189 604 1419 648 humanum
1448 606 1532 660 est,
1567 606 1665 649 tuus
1696 604 1861 652 animm

305 698 391 728 non
427 684 545 728 nulla
582 682 822 727 sublevetur
860 682 1050 727 elatione.
1113 682 1186 726 Set
1214 685 1281 738 tu,
1319 681 1380 725 mi
1409 681 1555 726 doctus
1586 695 1613 726 a
1639 681 1860 741 propheto,

307 762 407 819 quid
435 762 643 806 retribuas
673 760 855 804 Domino
885 774 963 818 pro
993 759 1185 804 omnibus
1217 773 1322 816 quae
1352 759 1548 804 retribuit
1574 756 1704 804 tibi¹?
1749 759 1861 805 Gali-

307 853 397 884 cem
433 839 628 883 salutaris
668 838 829 895 accipe,
872 842 914 882 et
941 851 1094 882 nomen
1122 837 1295 881 Domini
1323 837 1515 881 invocato
1523 833 1551 881 ².
1613 836 1860 896 Quantoque

305 931 481 973 magnus
511 931 571 973 es,
604 919 807 973 quantum
835 930 903 960 res
933 916 1107 974 patitur,
1137 915 1314 959 humilia
1342 918 1384 959 te
1413 915 1459 958 in
1489 911 1718 960 omnibns⁸.
1771 915 1859 978 No-

304 1009 414 1051 men,
444 995 631 1052 inquam,
661 994 834 1038 Domini
862 995 1023 1050 invoca,
1053 993 1240 1048 rogitans
1271 995 1314 1036 et
1340 992 1594 1050 supplicans,
1624 995 1673 1038 ut
1689 993 1860 1039 illorum

303 1086 476 1117 numero
520 1086 606 1117 non
652 1072 918 1127 asscribaris,
966 1071 1017 1115 de
1061 1070 1212 1127 quibus
1249 1069 1495 1115 terribiliter
1530 1071 1736 1128 scriptum
1771 1075 1859 1117 σου

302 1153 501 1196 Deiecisti
537 1168 623 1206 eos,
662 1152 760 1194 dum
790 1146 1097 1194 allevarentur-⁴.
1160 1148 1407 1192 Timendum
1436 1148 1536 1205 tibi,
1573 1148 1859 1207 dilectissimo,

302 1229 468 1273 videtur
497 1243 570 1285 ne,
608 1228 719 1285 quod
748 1227 871 1283 absit,
901 1227 1012 1272 bona
1040 1227 1219 1284 recipias
1248 1226 1295 1270 in
1324 1226 1413 1270 vita
1440 1229 1515 1270 tua
1542 1227 1767 1284 minusque
1789 1241 1859 1273 te·

302 1309 492 1351 servetur
520 1308 566 1351 in
594 1307 684 1350 vita
711 1306 863 1350 futura.
910 1304 1055 1361 Itaque
1084 1304 1315 1348 terribilem
1333 1304 1380 1347 in
1399 1304 1584 1348 consiliis
1604 1318 1731 1363 super
1747 1303 1859 1351 filios

301 1378 539 1428 hominum⁶
569 1384 707 1429 Deum
738 1397 903 1441 semper
933 1382 1100 1426 attende
1131 1386 1193 1438 et,
1230 1385 1278 1426 ut
1307 1382 1394 1426 eius
1425 1382 1645 1427 consilium
1674 1383 1756 1428 tibi
1781 1382 1859 1429 fiat

302 1462 576 1517 salutiferum,
609 1462 922 1518 quibuscunque
952 1461 1101 1504 studiis
1122 1459 1277 1516 valeaS,
1306 1460 1440 1517 ipsius
1460 1461 1639 1516 gratiam
1659 1461 1739 1506 tibi
1757 1474 1859 1507 con·-

301 1540 444 1585 ciliare
467 1540 620 1596 iugiter
639 1540 822 1583 intende.
916 1538 989 1583 Set
1010 1538 1110 1594 quid
1130 1538 1306 1594 agimuS,
1337 1538 1504 1582 anima?
1534 1539 1602 1582 cui
1619 1534 1856 1596 loquimur?

301 1619 422 1662 docto
454 1632 508 1662 an
537 1618 731 1662 indocto?
775 1617 843 1661 Illi
874 1617 1043 1674 quidem
1071 1616 1294 1672 loquimur,
1326 1630 1449 1673 quem
1472 1615 1694 1673 aliquando
1714 1616 1862 1662 docui-'

299 1710 413 1751 mus3
453 1699 518 1740 set
546 1696 656 1739 unde
686 1695 808 1739 valde
837 1694 1118 1750 gratulamur,
1148 1694 1195 1738 in
1223 1693 1434 1738 nonnullis
1466 1707 1562 1738 eum
1589 1707 1667 1739 nos
1689 1708 1857 1753 preces-

300 1774 405 1818 sisse
435 1774 717 1830 cognovimus,
749 1786 874 1830 quem
904 1771 1154 1829 discipulum
1185 1772 1407 1829 aliquando
1436 1771 1670 1816 habuimus.
1721 1771 1856 1818 Vehe-

299 1853 458 1896 mentia
485 1855 628 1895 tamen
660 1850 831 1895 affectus
861 1864 938 1894 nos
969 1850 1230 1907 aliquatenus
1255 1850 1503 1907 insipientes
1522 1850 1719 1907 reddidit,
1750 1864 1856 1908 quae

299 1929 405 1974 tales
437 1928 814 1973 admonitiunculas
843 1928 959 1973 velut
989 1929 1043 1972 ad
1071 1929 1210 1972 minus
1241 1928 1486 1985 sapientem,
1517 1928 1637 1984 quasi
1665 1928 1761 1986 plus
1788 1942 1858 1973 sa-

298 2021 506 2065 peremus,
539 2007 681 2051 edidit.
729 2007 823 2050 Non
852 2007 914 2050 sic
942 2007 1087 2063 utique
1107 2007 1200 2064 quis
1221 2006 1401 2062 estimet,
1432 2005 1543 2062 quod
1561 2005 1710 2050 docere
1728 2005 1856 2051 velim

300 2086 528 2129 doctiorem
565 2085 684 2142 quasi
720 2084 859 2128 minus
898 2085 1089 2139 doctum3
1129 2087 1194 2128 set
1229 2083 1365 2127 celare
1403 2096 1488 2127 non
1516 2096 1688 2140 possum
1717 2083 1857 2129 cordis

300 2162 507 2207 affectum.
627 2162 717 2206 Iam
753 2175 866 2206 nunc
901 2165 1043 2206 tamen
1081 2162 1165 2206 ista
1195 2160 1424 2217 sufficiant,
1464 2161 1596 2205 donec
1623 2161 1854 2220 videamus,

300 2241 496 2298 quatinus
535 2241 630 2298 ipsa
664 2239 896 2298 proficiant.
958 2239 1065 2292 Quia
1101 2240 1214 2283 enim
1245 2238 1361 2283 Deus
1400 2239 1661 2296 omnipotens
1698 2239 1855 2285 iudicio

300 2333 395 2375 suo,
434 2319 545 2375 quod
573 2319 666 2376 ipse
693 2319 830 2374 novit,
862 2321 980 2361 tuam
1008 2314 1231 2361 viciniam⁶
1260 2316 1389 2361 michi
1416 2316 1615 2374 prestitit,
1644 2330 1756 2362 nunc
1781 2317 1856 2362 lit·

298 2397 402 2441 teris
431 2409 543 2440 nunc
571 2397 667 2453 ipsa
695 2395 903 2453 corporali
931 2395 1157 2453 presentia,
1195 2395 1232 2438 si
1261 2398 1402 2438 tamen
1431 2393 1509 2438 tibi
1538 2393 1756 2452 placuerit,
1785 2408 1854 2440 se-

298 2475 394 2533 pius
431 2478 475 2519 te
503 2474 676 2518 visitare
711 2487 796 2517 non
826 2473 1078 2530 pigritabor,
1111 2473 1212 2530 quin
1241 2475 1315 2516 tua
1342 2471 1616 2528 iocunditate,
1655 2485 1739 2529 qua
1765 2473 1853 2518 iam

299 2552 534 2596 diutissime
562 2551 779 2595 fraudatus
809 2551 883 2606 fui,
914 2550 1258 2594 coniocundabor.
1305 2549 1419 2594 Vale.

393 2664 427 2699 1.
459 2663 521 2699 Ps.
547 2662 626 2708 115,
653 2662 708 2698 12.
781 2662 815 2698 2.
847 2661 907 2697 Ps.
935 2661 1014 2707 115,
1042 2661 1096 2697 13.
1169 2661 1204 2697 3.
1234 2659 1347 2696 Eccli.
1373 2660 1406 2705 3,
1431 2658 1487 2695 20.
1559 2659 1595 2695 4.
1625 2659 1686 2696 Ps.
1711 2659 1768 2707 72,
1791 2660 1851 2698 18.

298 2723 332 2758 5.
358 2722 418 2758 Ps.
435 2722 492 2768 65,
513 2722 547 2758 5.
619 2722 653 2757 6.
678 2721 889 2758 Reinhusen
913 2720 1010 2757 enim
1035 2719 1180 2757 modico
1203 2722 1345 2756 tantum
1369 2718 1561 2755 intervallo
1584 2718 1699 2756 distat
1719 2731 1744 2757 a
1765 2719 1857 2758 001·-

298 2781 398 2828 beia3
423 2792 492 2818 nec
517 2780 759 2818 dubitandum
783 2783 850 2825 est,
876 2779 966 2826 quin
990 2778 1082 2816 haec
1104 2779 1260 2825 epistola
1281 2778 1329 2815 ad
1344 2777 1555 2814 wibaldum
1580 2777 1718 2816 factum
1741 2779 1851 2818 abb·-

297 2843 373 2876 tem
397 2840 674 2887 Corbeiensem‚
699 2843 937 2886 posteaquam
962 2838 1154 2876 Corbeiam
1177 2837 1238 2875 die
1263 2838 1309 2874 18
1331 2837 1421 2874 Dec.
1449 2837 1540 2874 1146
1563 2837 1771 2886 devenerit,
1801 2838 1851 2876 sit

299 2899 420 2935 missa.
