1924 3288
602 208 800 239 wrssALm
829 207 1049 238 EPISTOLA
1080 206 1150 237 125.
1584 195 1669 239 199

215 303 348 351 Grata
376 304 498 349 nobis
527 304 649 348 valde
681 307 745 348 est
775 307 818 348 et
838 303 1021 348 iocunda
1043 316 1094 347 ea
1112 315 1255 346 rerum
1276 302 1554 360 oportunitas,
1589 316 1669 359 que
1696 305 1790 342 1148

95 383 218 429 nobis
254 382 499 428 facultatem
537 383 850 439 subministrat,
894 385 943 426 ut
978 384 1144 426 vestrae
1181 380 1448 425 universitati
1485 381 1669 425 scribere

95 462 225 515 immo
263 475 362 506 vero
402 465 604 518 tanquam
641 474 737 504 cum
776 460 1044 518 presentibus
1085 459 1267 516 colloqui
1297 463 1339 504 et
1370 459 1566 504 affectum
1597 459 1669 503 de-

95 554 290 599 promere
318 539 554 595 valeamus3
587 543 631 584 et
658 553 708 583 ea
727 539 848 583 nobis
869 539 1050 582 materia
1068 538 1275 582 illustrior
1296 541 1361 582 est
1381 541 1424 582 et
1444 538 1668 595 acceptior,

97 633 190 677 que,
223 618 387 663 deterso
419 618 550 662 animi
579 619 714 662 nostri
745 632 914 675 angore,
947 631 1141 661 serenum
1173 616 1373 673 quiddam
1404 619 1533 673 atque⁴
1551 619 1669 660 tran-

97 697 274 755 quillum
303 697 437 741 menti
465 699 635 741 nostrae
665 697 875 754 copiosius
906 695 1104 740 infundit.
1152 694 1272 747 Quod
1302 694 1447 751 utique
1474 694 1668 739 uberiore

95 775 234 832 gratia
261 776 417 819 totiens
447 773 508 831 fit,
541 775 732 832 quotiens
755 778 913 819 statum
933 777 1122 818 vestrum
1151 776 1241 816 tam
1260 773 1307 816 in
1326 773 1519 830 personis
1542 787 1669 830 quam

94 854 140 899 in
177 853 302 898 rebus
341 853 498 910 absque
535 852 660 897 ullius
699 853 887 897 iacturae
925 852 1111 909 graviori
1148 851 1399 895 detrimento
1440 852 1669 909 procedere

94 931 380 988 intelligimus.
429 931 683 975 Consuetam
713 932 827 976 circa
855 945 932 976 nos
966 931 1204 975 animorum
1233 933 1472 974 vestrorum
1493 930 1668 974 sinceri-

94 1013 227 1055 tatem
259 1013 302 1055 et
332 1010 573 1054 cottidianis
602 1011 874 1054 incrementis
905 1024 998 1054 sese
1027 1009 1395 1053 transcendentem
1426 1008 1668 1052 benivolen-

94 1089 200 1133 tiam
233 1088 280 1132 in
308 1087 547 1132 litterarum
576 1091 812 1132 vestrarum
844 1091 991 1132 tenore
1023 1087 1274 1144 accepimus
1322 1086 1380 1130 Et
1409 1087 1508 1130 licet
1537 1087 1669 1131 tantis

95 1167 268 1212 laudum
305 1167 514 1225 preconiis
543 1167 777 1211 iudicemur
806 1167 972 1223 indigni
1002 1169 1045 1210 et
1074 1169 1222 1210 nostra
1250 1165 1404 1209 merita
1434 1166 1547 1209 circa
1578 1179 1669 1210 aec-

96 1245 248 1290 clesiae
287 1248 452 1290 vestrae
491 1249 717 1301 augmenta
746 1249 788 1290 et
816 1246 1046 1290 utilitatem
1074 1258 1340 1301 nequaquam
1370 1257 1670 1300 recognoscere

94 1338 401 1383 presumamus,
437 1327 581 1368 tamen
613 1324 779 1369 divinae
810 1325 986 1380 gratiae,
1017 1324 1086 1367 cui
1115 1327 1249 1367 totum
1284 1323 1396 1380 quod
1427 1337 1571 1366 sumus
1603 1337 1670 1366 as-

96 1403 332 1459 scribimuS,
363 1405 453 1447 toto
484 1403 621 1447 cordis
654 1402 806 1447 affectu
836 1406 878 1447 et
907 1403 1022 1447 vocis
1053 1402 1289 1446 ministerio
1321 1401 1480 1457 gratias
1511 1400 1671 1445 referre

95 1495 181 1526 non
219 1494 451 1537 cessamus,
493 1481 604 1538 quod
639 1482 793 1525 mentis
831 1483 997 1524 vestrae
1035 1481 1292 1524 desiderium
1330 1494 1431 1536 erga
1464 1493 1671 1537 personae

94 1561 264 1604 nostrae
293 1559 394 1603 licet
422 1558 518 1603 vilis
551 1563 592 1603 et
616 1559 792 1615 exiguae
813 1573 1000 1603 amorem
1020 1559 1333 1603 habundantius
1356 1558 1560 1614 accendit,
1592 1571 1671 1602 nec

96 1652 149 1683 ex
186 1637 462 1682 diuturnitate
500 1637 719 1681 fastidium
755 1651 891 1695 neque
931 1651 982 1681 ex
1020 1638 1268 1681 assiduitate
1299 1639 1565 1695 contemptus
1595 1651 1670 1681 ne-

97 1730 176 1774 que
214 1730 266 1760 ex
297 1716 514 1760 occasione
544 1716 710 1760 novitas
740 1717 786 1759 in
815 1719 1005 1760 vestrum
1035 1716 1258 1772 collegium
1290 1715 1566 1771 subintravit,
1606 1718 1670 1760 set

95 1795 368 1853 propensiore
405 1794 601 1838 karitatis
640 1794 806 1838 vinculo
848 1798 890 1838 et
923 1797 1088 1838 vosmet
1123 1793 1240 1851 ipsos
1277 1794 1459 1838 invicem
1499 1796 1541 1837 et
1576 1808 1668 1851 nos,

97 1886 240 1917 omnes
278 1875 320 1916 et
351 1872 525 1929 singuli,
567 1875 609 1916 et
638 1872 882 1916 honorando
913 1872 1089 1928 diligitis
1122 1875 1164 1916 et
1195 1872 1406 1928 diligendo
1436 1872 1667 1916 honoratis.

95 1951 144 1995 In
183 1963 264 2008 quo
305 1951 595 1994 sanctissimae
630 1950 807 1994 unitatis
848 1949 1009 2006 glutino
1042 1950 1215 1995 solidius
1247 1951 1478 2007 coniuncti,
1522 1954 1564 1995 et
1595 1951 1668 1995 ad-

95 2042 219 2073 versa
247 2029 395 2073 mundi
423 2029 562 2085 huius,
595 2042 675 2085 que
705 2042 780 2072 vos
802 2031 844 2072 et
863 2031 1006 2072 vestra
1033 2028 1191 2072 crebris
1221 2032 1263 2072 et
1282 2028 1556 2073 validissimis
1573 2030 1667 2074 icti-

94 2107 174 2152 bus
206 2108 413 2164 quatiunt,
449 2107 615 2151 fortiter
645 2106 835 2151 toleratis
868 2109 922 2162 et,
953 2106 1229 2150 incommodis
1261 2120 1405 2150 rerum
1436 2107 1666 2151 defectibus

95 2185 381 2230 indesinenter
420 2185 654 2241 molestati,
694 2198 846 2240 augere
884 2187 1027 2228 tamen
1067 2187 1109 2228 et
1144 2185 1376 2242 provehere
1407 2185 1555 2229 domus
1586 2185 1667 2229 Dei

97 2264 290 2309 decorem
318 2277 404 2307 non
434 2262 620 2307 cessatis.
669 2262 826 2314 Quodsi
855 2262 966 2306 inter
988 2276 1062 2306 vos
1092 2262 1243 2320 aliquis
1273 2263 1507 2307 discordiae
1534 2278 1666 2308 nevus

98 2345 321 2401 appareret
350 2344 393 2386 et
420 2355 496 2385 vos
528 2341 669 2397 aliqua
698 2340 934 2384 novitatum
965 2340 1188 2385 ambitiosa
1218 2341 1384 2385 macula
1415 2341 1666 2398 sordidaret,

96 2435 182 2466 non
212 2420 390 2464 dicimus
420 2433 621 2476 crescere,
653 2421 717 2462 set
747 2432 800 2462 ne
831 2421 943 2462 stare
975 2418 1144 2475 quidem
1173 2419 1368 2476 possetis.
1469 2419 1665 2463 Ceterum

99 2499 210 2557 quod
240 2498 291 2543 de
321 2498 504 2542 utilitate
535 2497 746 2541 communi
776 2499 969 2540 nostrum
999 2496 1222 2540 consilium
1252 2500 1294 2540 et
1323 2497 1570 2541 mandatum
1592 2512 1664 2542 ex-

98 2577 312 2635 pectastis,
346 2590 432 2620 non
462 2576 719 2620 arbitramur
748 2574 905 2618 factum
937 2588 1028 2618 esse
1059 2589 1113 2618 ex
1144 2573 1379 2618 diffidentia
1407 2575 1664 2633 impetrandi

99 2658 164 2700 set
193 2655 333 2713 potius
365 2669 418 2699 ex
449 2654 666 2698 alacritate
697 2652 928 2696 obediendi.
977 2651 1192 2710 Siquidem
1226 2653 1390 2696 animus
1412 2657 1556 2697 noster
1578 2654 1663 2697 iam

101 2748 126 2778 a
152 2733 277 2789 longo
307 2735 498 2790 tempore
527 2732 646 2776 vobis
679 2734 742 2775 est
770 2730 1030 2786 notissimus,
1063 2730 1174 2787 quod
1204 2733 1371 2788 promta
1395 2734 1436 2775 et
1455 2731 1570 2775 facili
1590 2746 1662 2775 vo-

98 2810 279 2866 luntate,
320 2810 517 2868 quicquid
548 2824 574 2854 a
603 2810 722 2854 laicis
754 2812 1002 2866 extorquere
1032 2807 1265 2866 potuimus,
1302 2809 1454 2853 vestris
1486 2812 1528 2853 et
1557 2824 1662 2867 pau-

99 2902 249 2947 perum
278 2889 443 2944 usibus,
473 2888 616 2932 habito
646 2902 724 2946 pre
755 2887 884 2931 oculis
916 2886 1048 2930 divini
1078 2890 1272 2944 respectu
1301 2887 1460 2943 iudicii,
1491 2891 1660 2946 coapta-

100 2967 249 3011 vimus.
297 2965 560 3011 Confidentes
597 2967 727 3023 igitur
765 2966 816 3010 de
852 2964 1113 3023 protectione
1151 2964 1295 3011 divina
1332 2969 1375 3013 et
1409 2966 1461 3013 de
1491 2970 1660 3015 nostrae
