1924 3288
293 182 380 224 566
739 193 939 224 wmALm
966 193 1217 226 Brisa-omn·
1244 193 1315 224 429.
1336 194 1407 225 430.

293 287 413 333 429.
441 289 493 332 A.
518 289 754 332 Wibaldum
782 297 914 346 royac,
947 297 1060 347 aqut,
1086 298 1137 333 ut
1163 305 1323 339 munus,
1354 306 1382 332 a
1406 305 1504 347 reye
1523 292 1852 344 concessumst&

438 367 645 411 Emicone
674 368 819 410 comite
849 368 901 409 de
930 366 1140 424 Lininqen
1169 368 1248 410 sibi
1278 367 1526 410 exhibeatur.
1637 366 1722 421 (Μ’
1732 367 1852 423 3971)

176 469 268 506 1153
411 455 644 499 Karissimo
686 468 761 498 suo
800 455 968 499 domino
1005 454 1086 499 Dei
1125 455 1263 510 gratia
1300 455 1441 499 abbati
1478 451 1736 500 Stabulensi
1737 450 1854 511 mi*

293 533 433 587 baldo)
464 533 517 576 A.
551 545 664 587 suus,
697 533 807 588 quod
838 546 964 588 suus,
960 533 1159 576 ‘salutem
1192 545 1286 576 cum
1317 531 1431 576 fideli
1461 533 1764 578 servitio.
1790 541 1819 565 ·'
1831 547 1834 556 ’

412 611 598 662 Quantas
636 622 810 667 possum
846 609 1126 666 magnitudini
1163 613 1329 654 vestrae
1360 611 1517 666 gratias
1546 611 1720 668 refero,
1726 611 1856 669 'quod

294 703 406 744 eam,
447 701 574 744 quam
604 701 631 730 a
657 690 781 744 patre
816 687 1022 731 luminum
1062 688 1305 745 accepistis,
1346 688 1648 744 benignitatem
1664 684 1858 734 >cum-'hd

294 779 438 810 omnes
468 779 586 809 more
605 767 746 808 vestro
766 764 1008 823 porrigatis⁷
1040 765 1213 822 speciali
1236 769 1380 809 tamen
1400 769 1442 810 et
1462 761 1709 810 continuata
1721 766 1860 822 gratia

292 844 454 887 utiliter
491 846 534 886 et
572 842 755 887 officiose
793 843 846 886 ad
875 856 1014 887 meam
1044 857 1176 899 usque
1206 844 1460 900 parvitatem
1489 840 1736 888 extenditis.
1759 843 1857 888 113⁸-

292 924 468 979 propter
495 919 709 964 beneficiis
739 921 892 964 vestris
923 921 1161 964 admonitus
1193 924 1235 964 et
1265 934 1336 964 cor
1355 934 1432 978 pro
1454 921 1590 978 corde,
1621 921 1856 967 cum‘vobis

292 999 512 1057 placuerit,
543 997 724 1041 fideliter
744 998 1020 1053 exhibiturus,
1051 1012 1167 1054 rogo,
1199 1002 1247 1042 ut
1270 998 1375 1041 illud
1395 998 1539 1042 domni
1558 999 1671 1054 regis
1685 994 1856 1055 1111111115,

294 1077 405 1134 quod
445 1090 574 1133 opera
608 1079 751 1119 vestra
787 1076 892 1119 mihi
930 1075 1127 1119 collatum
1169 1079 1251 1132 est,
1291 1079 1355 1120 set
1389 1076 1569 1120 necdum
1604 1084 1858 1134 appensum·

293 1155 360 1199 vel
379 1156 660 1208 numeratum,
692 1153 744 1197 ab
764 1152 1039 1197 Emisehoneb
1062 1155 1214 1198 comite
1243 1155 1295 1198 de
1315 1154 1485 1210 Liniges
1507 1155 1698 1199 districto
1719 1155 1859 1213 etiam,

294 1234 332 1277 si
362 1246 467 1290 opus
496 1232 644 1286 fuerit,
682 1231 788 1274 mihi
828 1231 1072 1287 adquiratis.
1120 1232 1367 1276 Indecorum
1407 1233 1563 1277 etenim
1590 1231 1697 1277 mihi
1726 1235 1790 1276 est
1820 1235 1862 1276 et

295 1309 646 1355 obtrectatoribus
675 1309 782 1352 meis
813 1309 946 1352 risum
977 1313 1162 1366 generat,
1195 1310 1245 1365 si,
1278 1310 1390 1367 quod
1412 1314 1557 1354 exacto
1578 1313 1767 1368 tempore
1786 1309 1862 1355 ha-

293 1389 392 1433 bere
429 1387 574 1443 debui,
614 1386 755 1444 sepius
785 1386 944 1430 frustra
974 1390 1177 1444 repetam.
1226 1387 1296 1431 Ad
1332 1388 1456 1444 haec,
1495 1389 1531 1431 si
1571 1386 1713 1432 omnia
1748 1390 1862 1438 recte

295 1466 409 1524 apud
437 1479 512 1509 vos
543 1468 586 1508 et
614 1478 815 1522 prospere
846 1467 1039 1520 aguntur,
1073 1465 1132 1508 sic
1164 1468 1240 1520 est,
1272 1468 1320 1508 ut
1349 1465 1456 1509 volo.
1502 1465 1736 1511 Rescribite
1757 1465 1861 1510 mihi

291 1544 348 1588 de
378 1546 494 1587 statu
523 1546 686 1598 vestro,
719 1543 755 1585 si
784 1542 947 1599 placet3
981 1543 1101 1599 quia,
1144 1543 1252 1586 sicut
1283 1543 1400 1587 vobis
1430 1543 1535 1586 mihi
1565 1534 1748 1589 scribere
1776 1557 1863 1589 non

297 1624 362 1666 est
393 1635 629 1676 onerosum,
662 1621 723 1664 sic
754 1621 912 1677 scripta
942 1623 1083 1664 vestra
1110 1620 1291 1664 iocunda
1317 1620 1422 1663 mihi
1449 1621 1636 1679 recipere
1662 1635 1742 1667 nec
1768 1621 1862 1669 inu-

296 1699 371 1743 tile
403 1701 467 1742 est
497 1712 574 1742 nec
604 1697 895 1741 inofficiosum.
1019 1697 1184 1742 Salutat
1214 1711 1288 1742 vos
1324 1699 1525 1754 magister
1554 1698 1693 1755 Aen-²,
1724 1711 1862 1747 comes

299 1790 514 1821 sacrarum
544 1776 817 1832 largitionum
848 1779 891 1820 et
919 1775 1240 1820 sodaliciorum‘1
1259 1776 1547 1820 iocundorum.
1595 1775 1765 1822 Salutat.
1779 1789 1862 1821 -vos

299 1854 421 1911 Hugo
452 1854 628 1898 clericus
659 1858 702 1898 et
732 1854 868 1897 socius
899 1857 1054 1897 noster.

301 1997 420 2044 430.
450 1999 693 2041 Anastasius
713 1998 742 2040 I
745 1998 783 2040 V
790 2013 912 2056 papa
937 1998 1124 2042 Wibaldo
1144 2014 1263 2041 amem
1285 1997 1401 2040 anuli
1421 1998 1613 2041 concedit.
1662 1995 1734 2051 (M
1743 1996 1864 2052 404.)

173 2105 266 2142 1154
419 2086 671 2131 Anastasius
719 2086 960 2144 episcopus⁶
1000 2085 1165 2130 servusr
1204 2099 1420 2130 servorum
1457 2085 1539 2130 Dei
1583 2085 1733 2131 dilecto
1777 2085 1863 2134 filio

237 2178 244 2186 ·
302 2165 546 2210 Corbeiensi
577 2164 718 2208 abbati
750 2164 928 2208 salutem
959 2167 1002 2208 et
1032 2164 1303 2222 apostolicam
1333 2163 1678 2208 benedictionem.

423 2241 598 2299 Semper
635 2242 866 2299 apostolica
903 2242 1022 2286 sedes
1060 2241 1355 2286 aecclesiarum
1401 2241 1595 2298 prelatis,
1635 2231 1739 2299 quos
1777 2247 1864 2288 am—

301 2320 429 2379 pliori
466 2320 548 2364 sibi
585 2319 761 2363 caritate
800 2319 1014 2363 devinctos
1054 2320 1242 2376 agnovit,
1283 2318 1628 2363 abundantiorem
1664 2318 1865 2374 honorem

303 2398 498 2456 inpendit
517 2400 560 2441 et
580 2410 724 2440 eorum
744 2397 930 2440 honestis
950 2397 1229 2454 peticionibus
1249 2397 1428 2440 faciliori
1449 2396 1658 2441 concurrit
1677 2410 1862 2464 assensn.

304 2476 406 2522 Inde
437 2478 513 2531 est,
546 2474 658 2531 quod
688 2475 860 2530 antiqua
890 2475 1122 2530 devotione,
1155 2488 1279 2531 quam
1312 2488 1411 2530 erga
1432 2474 1572 2518 sedem
1593 2473 1864 2531 apostolicam

305 2553 533 2598 dinosceris
553 2552 762 2607 habuisse,
793 2552 955 2596 inducti
975 2555 1017 2596 et
1036 2552 1295 2608 quorundam
1315 2552 1493 2595 fratrum
1512 2554 1750 2596 nostrorum
1768 2565 1865 2610 pre-

306 2632 422 2676 cibus
462 2629 673 2685 inclinati‚
712 2643 835 2672 usum
876 2629 990 2673 anuli
1029 2643 1079 2674 ex
1121 2633 1288 2673 assueta
1327 2629 1582 2684 benignitate
1613 2628 1866 2686 apostolicae

308 2709 418 2753 sedis
449 2709 495 2752 in
525 2708 615 2752 vita
643 2710 717 2751 tua
745 2706 824 2750 tibi
854 2710 1020 2750 tantum
1051 2706 1247 2751 duximus
1276 2706 1590 2762 indulgendum.
1637 2705 1698 2750 Et
1723 2706 1767 2750 in
1798 2719 1864 2750 ar-

307 2790 554 2843 gumentum
589 2788 757 2829 nostrae
786 2783 1021 2828 dilectionis
1053 2783 1223 2828 anulum
1261 2797 1424 2841 quoque
1453 2782 1531 2827 tibi
1561 2797 1638 2840 per
1668 2783 1865 2831 dilectum

405 2903 431 2923 a.
453 2893 673 2933 apprehensum
695 2903 721 2922 c.
789 2890 818 2921 b.
842 2890 955 2920 emisch
977 2902 1002 2920 c.
1069 2900 1095 2921 c.
1117 2890 1173 2921 acii
1195 2902 1220 2921 c.
1283 2890 1313 2920 d.
1335 2889 1534 2921 sodalicornm
1558 2902 1581 2920 c.
1655 2900 1682 2921 e.
1703 2890 1863 2930 episcopus

310 2958 366 2977 om.
384 2948 452 2977 cod.
535 2946 556 2976 f.
579 2954 684 2976 servus
706 2953 810 2975 servus
832 2953 985 2974 servorum
1008 2944 1076 2975 cod.
