1924 3288
310 179 399 224 552
749 190 948 222 wmALm
975 189 1224 222 Erremus
1246 189 1313 221 413
1324 189 1438 221 -415.

148 290 239 327 1153
312 286 423 344 quod
451 285 576 331 modo
604 287 796 329 nostrum
817 288 905 329 est⁸
924 284 1117 341 tolerare,
1145 284 1311 328 illatum
1339 284 1461 329 nobis
1490 285 1621 330 immo
1645 284 1868 331 universae

97 340 183 370 mm
196 340 287 370 ’Μ’
312 364 535 408 aecclesiae
566 363 744 407 dedecus
773 377 851 420 per
880 363 1079 407 domnum
1108 376 1251 418 regem
1282 362 1495 406 emendari
1523 362 1701 408 saciati&
1775 396 1779 399 ,

311 505 430 552 414.
457 506 729 550 Bernhardus
755 514 795 550 et
815 506 1039 565 Greyorius
1069 508 1193 564 leqati
1222 506 1436 565 apostolici
1458 505 1648 550 odelrico
1679 507 1868 566 episcopo

456 584 795 628 Halberstadensi
829 585 1048 639 mandant,
1085 592 1132 627 ut
1159 583 1410 641 Lindutfum
1445 591 1484 626 et
1510 582 1772 628 Rider-imm
1799 599 1868 635 ορ-

456 662 594 704 mitem
616 661 854 718 palatinum
885 662 936 704 de
968 661 1304 718 Sumersenbury,
1335 661 1416 703 nisi
1443 662 1688 705 monasterio
1721 661 1869 707 Gorbe-

457 739 562 781 iensi
592 739 730 782 ablata
759 740 1018 793 restituerint,
1051 740 1379 782 excommunicet.
1655 736 1729 792 (M.
1749 737 1868 794 389.)

148 808 239 865 1153
428 827 729 881 B(ernhardus)
760 823 990 884 presbiter²
1021 830 1063 870 et
1093 826 1320 882 Gregorius
1359 822 1583 870 diaconus⁸
1611 826 1694 871 Dei
1731 827 1870 884 grafia

99 880 171 918 ΑΝ
186 895 217 899 ”
232 878 286 909 Inl'
310 908 480 949 sanctae
507 904 721 948 Romanae
752 905 975 961 aecclesiae
1005 904 1238 948 cardinales
1270 907 1312 947 et
1341 903 1470 959 legati
1499 903 1728 949 venerabili
1746 904 1869 960 fratri

311 982 538 1037 O(delrico)
569 982 866 1026 Albestadensi
896 982 1091 1039 episcopo
1124 981 1314 1025 salutem.

428 1059 690 1104 Venerabilis
727 1060 858 1104 frater
894 1063 1037 1104 noster
1075 1059 1203 1103 abbas
1235 1058 1497 1103 Corbeiensis
1535 1059 1588 1104 de
1621 1058 1870 1116 quibusdam

310 1138 394 1181 tuis
431 1138 720 1195 parrochianis
759 1152 878 1182 suam
914 1139 1035 1182 nobis
1075 1136 1288 1193 querelam
1324 1137 1542 1194 exposuit,
1587 1136 1640 1181 de
1675 1135 1870 1182 Liudolfo

312 1215 471 1259 scilicet
500 1219 542 1259 et
570 1212 816 1259 Frederico⁴
844 1215 1045 1272 palatino,
1078 1215 1189 1271 quod
1219 1227 1427 1259 annonam
1446 1213 1647 1258 victualia
1675 1217 1719 1259 et
1746 1227 1870 1271 quas-

312 1294 409 1337 dam
441 1293 544 1337 alias
574 1306 642 1336 res
674 1293 754 1336 sibi
785 1293 1035 1337 abstulerint
1066 1296 1108 1336 et
1135 1292 1328 1348 homines,
1355 1305 1452 1336 suos
1481 1286 1773 1348 inquietentbj
1809 1291 1871 1337 At

311 1374 384 1414 tua
413 1371 692 1428 providentia,
722 1384 775 1414 ne
805 1374 946 1414 tantus
967 1371 1033 1414 vir
1063 1374 1106 1414 et
1133 1370 1196 1413 ita
1225 1370 1377 1413 domno
1406 1383 1542 1426 papae
1573 1373 1615 1413 et
1642 1369 1723 1413 toti
1740 1383 1869 1426 regno

312 1451 506 1505 acceptus
551 1448 596 1491 in
632 1451 707 1491 tua
742 1448 965 1505 parrochia
1001 1447 1300 1502 offenderetur,
1346 1445 1508 1490 efficere
1546 1447 1650 1491 satis
1687 1447 1869 1492 deberet.

310 1525 397 1569 Nos
427 1526 588 1582 itaque,
621 1538 721 1569 suae
750 1526 942 1569 iusticiae
973 1525 1073 1582 quia
1102 1526 1247 1569 deesse
1275 1538 1360 1568 non
1389 1537 1611 1582 possumus
1639 1537 1718 1569 nec
1747 1525 1871 1570 debe-

311 1617 419 1659 mus,
450 1617 527 1660 per
554 1603 769 1660 presentia
798 1603 876 1646 tibi
903 1603 1061 1660 scripta
1079 1603 1349 1660 precipimus,
1381 1605 1584 1659 quatenus
1604 1603 1870 1660 prenomina-

311 1684 376 1724 tos
397 1681 510 1725 viros
541 1681 729 1724 districte
759 1694 1038 1736 commoneas,
1068 1683 1117 1724 ut
1147 1680 1287 1724 ablata
1314 1680 1540 1724 restituant
1561 1683 1604 1724 et
1622 1680 1734 1725 bona
1750 1694 1871 1725 mon-

313 1759 456 1802 asterii
487 1759 539 1802 de
569 1761 708 1802 cetero
741 1758 881 1814 quieta
919 1762 962 1802 et
998 1758 1119 1802 illesa
1148 1758 1380 1819 dimittant3
1420 1757 1624 1815 alioquin,
1653 1756 1766 1803 infla
1793 1759 1871 1803 n-i-

312 1836 429 1891 ginta
450 1836 538 1879 dies
558 1839 656 1893 post
678 1839 891 1893 acceptam
917 1836 1283 1880 commonitionem
1305 1836 1389 1879 nisi
1410 1836 1572 1893 prefato
1593 1835 1734 1881 abbati
1748 1836 1872 1880 satis-

312 1914 501 1969 fecerint,
533 1913 816 1957 ecclesiastica
835 1927 1012 1958 censura
1032 1927 1102 1958 eos
1124 1914 1356 1969 coherceas,
1387 1917 1429 1957 et
1452 1913 1716 1969 sententiam,
1747 1927 1871 1970 quam

313 1991 358 2035 in
390 2005 461 2035 eos
491 1991 670 2046 dederis,
700 2005 832 2048 usque
863 1992 916 2035 ad
946 1991 1274 2047 satisfactionem
1296 1990 1474 2036 firmiter
1491 1991 1622 2035 facias
1643 1991 1869 2050 observast-

315 2133 434 2180 415.
462 2134 735 2179 Bemhardus
756 2142 794 2178 et
815 2135 1040 2193 Greyorius
1067 2136 1191 2193 leqati
1213 2135 1427 2194 apostolici
1444 2134 1636 2193 Euqem’o
1651 2134 1872 2201 IHpapae

462 2212 538 2255 has
566 2212 720 2254 litteras
742 2212 1020 2270 perferentem
1051 2214 1345 2256 commendant.
1475 2206 1478 2209 ⁵
1657 2210 1730 2265 (M.
1752 2211 1871 2266 390.)

152 2312 244 2348 1153
433 2300 674 2344 Reverendo
704 2301 816 2357 patri
847 2305 890 2345 et
919 2302 1086 2346 domino
1106 2301 1294 2356 Eugenio
1314 2300 1396 2344 Dei
1425 2300 1563 2356 gratia
1585 2314 1747 2345 summo
1765 2314 1871 2359 pon-

107 2363 178 2401 Apr‘
191 2378 222 2382 “
238 2361 292 2391 ¹¹¹¹'
315 2378 417 2424 tifici
446 2377 747 2432 B(ernhardus)
778 2379 986 2435 presbiter
1023 2382 1065 2423 et
1095 2378 1321 2434 Gregorius
1358 2378 1556 2422 diaconus
1586 2381 1756 2423 sanctae
1787 2378 1870 2426 Ro-

315 2470 464 2501 manae
495 2454 719 2499 aecclesiae
748 2456 981 2501 cardinales
1013 2457 1198 2501 debitum
1229 2470 1306 2513 per
1336 2456 1476 2500 omnia
1503 2455 1764 2500 famulatum.

434 2532 563 2577 Lator
589 2533 846 2589 presentium
868 2535 935 2577 vir
953 2534 1105 2578 nobilis
1127 2537 1192 2577 est
1210 2537 1266 2589 et,
1297 2533 1405 2577 sicut
1422 2532 1648 2577 multorum
1668 2533 1869 2578 relatione

412 2631 440 2653 a.
468 2622 516 2652 est
537 2621 657 2652 addidi.
739 2621 768 2652 b.
790 2622 958 2661 inquietant
980 2636 1006 2654 c.

317 2691 441 2723 tenses
465 2695 532 2721 ms.
548 2683 715 2730 docent),
746 2685 979 2723 Bernhardus
1010 2686 1124 2723 abbae
1148 2685 1443 2723 claraevallensis
1474 2685 1596 2731 (quem
1620 2685 1749 2722 eodem
1773 2696 1869 2723 anno

317 2745 377 2781 die
407 2744 455 2781 20
478 2743 639 2790 Augusti
670 2743 806 2780 obiisse
831 2745 998 2790 scimus),
1031 2745 1078 2781 ab
1102 2745 1238 2782 Hillino
1268 2744 1542 2790 archiepiscopo
1566 2744 1782 2781 Treverensi
1812 2755 1868 2781 ro-

317 2807 435 2850 gatus,
453 2803 560 2839 Metis
576 2813 703 2849 pacem
719 2803 938 2840 conciliavit.
966 2805 1010 2839 V.
1029 2803 1196 2841 Gaufridi
1209 2804 1296 2841 Vita
1312 2803 1349 2840 S.
1362 2802 1562 2840 Bernhardi
1574 2804 1615 2840 L.
1627 2803 1674 2840 V.
1691 2813 1723 2840 c.
1738 2804 1770 2848 1,
1783 2803 1817 2839 6.
1832 2803 1865 2840 7.

410 2869 445 2904 2.
470 2868 527 2904 tit.
545 2867 583 2904 S.
594 2868 799 2905 Clementis.
884 2869 918 2904 3.
946 2868 981 2905 S.
998 2868 1144 2916 Angeli.
1226 2869 1262 2905 4.
1287 2869 1323 2905 II
1346 2868 1393 2905 de
1409 2867 1708 2916 Sumersenburg,
1733 2868 1868 2906 comite

317 2928 477 2974 palatino
501 2927 693 2965 Saxoniae.
