1924 3288
538 209 737 241 wmALm
765 208 1015 240 nms'romn
1044 206 1115 238 149.
1139 206 1209 237 150.
1569 194 1654 238 231

88 309 237 352 neuin
265 306 539 364 egredientes,
573 319 700 362 equos
731 307 898 349 nostros
930 303 1100 348 effracto
1132 301 1296 347 stabulo
1326 301 1457 346 furati
1488 305 1586 345 sunt
1617 304 1659 345 et

90 385 314 444 qnoniam,
360 398 462 442 quos
503 384 709 428 abducere
743 397 830 427 non
866 384 1113 441 potuerunt,
1153 380 1304 437 gladiis
1342 352 1707 425 interfecerunt.D

88 462 218 508 Facto
248 462 432 507 elamore
463 463 517 506 ad
547 476 678 518 arma,
709 465 757 506 ut
786 475 877 506 mos
907 464 1045 505 terrae
1073 463 1149 516 est,
1181 461 1465 504 convenerunt
1485 458 1559 502 0111
1578 457 1657 502 1111-

86 541 324 587 nisteriales
357 541 569 597 ecclesiae,
599 540 742 598 plures
773 553 962 595 numero,
995 542 1038 583 et
1066 552 1144 596 pro
1167 552 1245 583 sua
1267 537 1351 583 fide
1370 536 1658 582 conservanda

89 623 132 665 et
167 633 246 678 pro
275 619 434 664 honore
463 619 652 663 omnium
682 632 855 662 suorum
884 618 1052 675 parium
1082 619 1339 661 vocaverunt
1369 615 1573 673 quosdam
1604 615 1657 659 ad

87 697 287 754 duellum,
319 711 498 755 quorum
527 697 700 740 consilio
730 699 898 740 tantum
927 695 1089 739 facinus
1119 695 1201 739 fuit
1225 697 1530 753 perpetratum,
1561 706 1658 738 cum

87 777 148 822 eis
176 777 406 835 pugnaturi
435 776 482 819 in
512 778 660 820 octava
691 774 941 832 epiphaniae
953 770 976 816 ¹.
1026 773 1244 830 Siquidem
1269 772 1490 817 consilium
1513 785 1657 817 eorum

85 857 131 900 et
156 853 413 899 machinatio
443 854 537 910 fuit,
569 856 617 897 ut
645 867 722 897 nos
752 852 818 896 illi
838 852 923 909 ipsi
943 852 1128 895 latrones
1149 850 1434 895 interficerent
1453 851 1521 895 vel
1539 865 1657 896 men·

86 933 173 978 bris
210 935 476 988 mearent,
514 935 563 975 ut
596 931 865 989 postmodum
895 930 1102 974 veraciter
1132 930 1376 984 didicimus3
1419 929 1532 986 quod
1560 942 1658 973 cum

87 1011 142 1055 ad
187 1009 384 1055 effectum
425 1010 656 1068 perducere
699 1023 785 1053 non
824 1009 1084 1066 potuissent,
1129 1011 1335 1052 nocturno
1374 1008 1487 1052 furto
1528 1021 1656 1064 equos

85 1092 252 1134 nostros
287 1089 546 1133 invaserunt.
601 1088 783 1132 Proinde
822 1086 1010 1131 advoluti
1049 1086 1189 1130 animo
1231 1086 1285 1129 ad
1322 1086 1451 1143 pedes
1490 1089 1657 1130 vestrae

86 1167 346 1213 celsitudinis
385 1170 427 1211 et
464 1166 651 1210 omnium
687 1166 929 1224 principum
966 1165 1055 1209 sive
1091 1164 1296 1208 nobilium
1335 1168 1377 1208 et
1408 1167 1655 1220 ceterorum,

86 1247 159 1304 qui
194 1247 240 1291 111
276 1246 394 1290 curia
422 1249 564 1290 vestra
593 1247 712 1300 sunt,
752 1243 969 1288 humiliter
1001 1243 1206 1287 auxilium
1236 1245 1426 1287 vestrum
1455 1243 1656 1300 implora—

84 1337 192 1381 mus,
225 1325 434 1382 quatinus,
465 1326 661 1381 respectu
681 1322 849 1367 divinae
872 1322 1045 1379 pietatis
1078 1324 1120 1365 et
1150 1335 1228 1378 pro
1255 1321 1493 1365 reverentia
1513 1321 1657 1365 domni

84 1403 196 1458 regis
236 1405 279 1447 et
316 1403 505 1446 omnium
539 1401 782 1459 principum
811 1404 855 1445 et
882 1414 960 1458 pro
992 1402 1106 1443 statu
1135 1402 1226 1443 tam
1257 1399 1390 1444 divini
1422 1413 1550 1456 quam
1579 1399 1656 1442 hu-

84 1481 201 1525 mani
228 1480 348 1547 iuris,
377 1483 543 1524 scutum
562 1483 728 1524 vestrae
749 1479 1003 1523 defensionis
1025 1481 1169 1543 tantae
1191 1478 1390 1522 audaciae
1411 1479 1656 1535 opponatis;

85 1562 130 1604 et
163 1572 218 1603 ne
247 1558 538 1603 malefactores
575 1558 641 1602 illi
670 1558 716 1601 in
745 1560 861 1601 terra
890 1560 1033 1601 vestra
1062 1556 1274 1612 refugium
1304 1557 1506 1613 habeant,
1549 1558 1658 1601 sicut

84 1637 418 1693 magnitudinem
433 1640 619 1681 vestram
634 1636 765 1691 decet,
786 1635 1066 1693 provideatis;
1090 1638 1133 1679 et
1153 1635 1208 1679 ad
1222 1636 1435 1692 prefatum
1447 1635 1536 1680 diei
1550 1638 1656 1680 tem-

83 1712 189 1773 pus¹
215 1715 338 1759 nobis
367 1715 415 1759 in
445 1714 699 1758 adiutorium
721 1713 882 1770 aliquos
904 1713 955 1756 de
975 1714 1128 1757 vestris
1149 1714 1461 1757 transmittatis.
1493 1713 1654 1758 Valete.

91 1858 206 1905 150.
230 1858 443 1903 Wibaldus
463 1857 712 1902 Bernhardo
732 1859 926 1916 episcopo
943 1858 1288 1902 Hildesheimensi
1308 1860 1486 1916 exponit,
1510 1860 1656 1917 quibus

235 1937 286 1980 de
311 1937 445 1980 causis
465 1935 707 1979 Heinriowm
726 1935 757 1979 I
768 1937 977 1994 quondam
1003 1938 1191 1980 abbatem
1214 1937 1496 1980 Corbeiensem
1525 1938 1657 1994 recipi

235 2015 451 2072 Corbeiam
479 2014 592 2056 nolit.
711 2049 715 2054 .
1438 2012 1510 2068 (M.
1538 2013 1654 2068 131.)

203 2103 446 2148 Reverendo
477 2103 591 2160 patri
622 2116 696 2146 suo
728 2106 770 2146 et
800 2102 968 2146 domino
999 2102 1213 2147 Bernardo
1246 2106 1414 2147 sanctae
1434 2103 1655 2149 Hildenes-

86 2183 311 2228 heimensis
359 2181 585 2225 aecclesiae
629 2180 860 2224 venerabili
904 2180 1100 2238 episeopo
1144 2181 1275 2225 frater
1311 2181 1529 2226 Wiboldus
1572 2182 1654 2226 Dei

85 2261 224 2318 gratia
252 2260 317 2316 id,
357 2260 468 2317 quod
499 2262 563 2304 est
591 2259 638 2303 in
672 2258 873 2303 aecclesia
903 2258 1127 2316 catholica,
1167 2260 1339 2316 exiguas
1370 2261 1580 2305 orationes
1611 2264 1654 2306 et

84 2338 206 2383 fidele
236 2338 466 2382 servitium.

204 2415 378 2460 Litteris
409 2415 659 2474 prudentiae
688 2417 872 2470 vestrae,
906 2429 1009 2471 quas
1039 2415 1159 2459 nobis
1190 2416 1376 2471 dignatio
1406 2420 1548 2460 vestra
1576 2430 1653 2474 per

85 2494 368 2540 venerabilem
398 2495 651 2538 confratrem
681 2495 873 2536 nostrum
899 2493 1093 2538 abbatem
1113 2494 1339 2538 aecclesiae
1360 2495 1494 2538 sancti
1515 2494 1651 2539 Gode-

86 2569 231 2618 hardi²
261 2569 534 2628 transmisit³,
565 2571 818 2629 respondere
849 2571 1109 2628 distulimus,
1147 2586 1232 2616 non
1263 2572 1432 2629 quidem
1463 2587 1516 2616 ex
1546 2573 1649 2617 obli-

87 2653 210 2697 vione
246 2652 314 2696 vel
352 2665 405 2696 ex
442 2650 716 2706 negligentia,
756 2653 820 2694 set
857 2649 986 2693 tantis
1023 2652 1171 2707 postea
1209 2650 1320 2693 curis
1359 2654 1401 2694 et
1437 2650 1649 2695 laboribus

87 2731 247 2787 agendo
279 2733 321 2774 et
342 2729 578 2774 itinerando
599 2729 754 2772 fuimus
777 2727 980 2785 occupati,
1011 2731 1059 2771 ut
1077 2728 1335 2772 rescribendi
1355 2729 1647 2786 opportunitas

86 2808 203 2852 nulla
231 2808 351 2852 nobis
381 2810 524 2865 posset
554 2806 761 2851 accedere.
803 2805 1040 2850 Reddentes
1071 2806 1212 2863 itaque
1242 2819 1354 2850 nunc
1383 2810 1548 2851 vestrae
1577 2821 1646 2851 su-

88 2886 285 2930 blimitati
307 2886 502 2930 devotum
523 2885 784 2929 salutationis
807 2884 1064 2941 obsequium,
1095 2885 1291 2940 breviter,
1324 2885 1360 2928 si
1379 2884 1471 2928 fieri
1490 2889 1645 2942 posset,

184 2975 216 3010 1.
243 2973 333 3010 1149
358 2973 435 3010 Ian.
452 2974 510 3010 13.
581 2974 614 3010 2.
639 2972 879 3010 Fridericum.
959 2973 995 3009 3.
1018 2972 1065 3009 V.
1091 2983 1202 3019 supra
1225 2983 1283 3019 ep.
1303 2973 1389 3021 1333
1414 2972 1461 3009 cf.
1487 2984 1545 3021 ep.
1565 2974 1645 3011 135.

1679 303 1788 384 Dleug

1728 353 1809 384 (229

1682 2111 1774 2148 1149
