1924 3288
530 201 728 232 wmALm
756 200 1007 232 EPISTOLAE
1034 199 1105 230 228.
1129 199 1199 230 229.
1557 187 1642 231 347

87 295 205 344 228.
236 297 483 342 Thiebaldus
504 299 770 356 praepositus
792 298 1016 341 Xantensis
1040 296 1230 340 Wibaldo
1260 296 1467 357 siqmficat
1495 296 1546 339 de
1577 311 1646 339 aa·-

232 375 488 434 oha'ept'scopo
512 376 742 420 Coloniensi
771 391 863 419 cum
889 377 973 419 suis
998 375 1170 419 aemulis
1189 375 1368 418 Romam
1389 373 1646 433 profecturo.

231 453 399 512 Papam
418 455 563 511 roqari
582 455 679 508 vult,
710 455 788 498 sibi
814 469 906 497 oum
925 454 1178 497 Xantensem
1192 453 1529 511 praeposituram
1551 468 1646 495 con-

233 531 391 587 tulerit,
427 539 474 574 ut
503 547 530 574 a
559 547 645 575 sese
675 533 798 575 etiam
830 533 957 575 aliam
981 533 1319 590 praeposituram
1346 531 1500 589 suscipi
1527 530 1647 573 sinat.

1432 606 1505 662 (M.
1531 606 1647 662 179.)

127 693 129 695 ’
203 685 369 731 Dilecto
399 686 568 731 domino
601 701 675 731 suo
695 686 924 742 W(ibaldo)
945 686 1177 731 venerabili
1198 685 1461 730 Corbeiensis
1492 684 1649 730 aeccle·
1674 687 1768 723 1150

85 765 173 810 siae
204 765 345 810 abbati
374 765 661 820 T(hiebaldus)
692 765 774 810 Dei
804 765 942 821 gratia
969 765 1016 809 id
1046 765 1158 822 quod
1189 768 1264 820 est,
1296 764 1524 809 Xantensis
1556 777 1649 808 aec-

85 843 235 888 clesiae
264 843 503 901 prepositus
536 847 578 888 et
598 843 928 900 archidiaconus,
960 857 1057 888 cum
1078 843 1268 888 oratione
1289 846 1331 887 et
1351 843 1522 887 servitio
1552 856 1649 901 pre-

84 921 312 967 cordialem
342 925 385 966 et
413 922 607 966 intimam
637 922 916 967 dilectionem.

201 999 343 1044 Primo
364 999 455 1044 loco
477 1000 634 1057 absque
655 1000 769 1044 omni
791 1000 1065 1056 ambiguitate
1087 1000 1194 1044 scire
1214 1013 1288 1043 vos
1309 998 1517 1056 volumus,
1540 999 1652 1056 quod

84 1093 381 1137 usquequaque
412 1078 583 1122 servitio
614 1082 753 1123 vestro
786 1079 919 1123 amice
951 1081 993 1122 et
1022 1077 1203 1122 fideliter
1232 1077 1414 1135 expositi
1433 1092 1577 1121 sumus
1610 1080 1652 1122 et

84 1158 370 1202 indesinenter
385 1157 554 1202 erimus.
587 1156 696 1209 Quid
717 1157 829 1201 enim
849 1171 926 1215 pro
946 1156 1068 1200 nobis
1089 1155 1287 1211 feceritis,
1310 1169 1434 1212 quem
1456 1154 1651 1200 affectum

86 1250 187 1292 erga
222 1249 299 1280 nos
329 1235 583 1291 habueritis,
623 1235 748 1279 certis
780 1235 1080 1293 experimentis
1112 1234 1409 1293 persensimus.
1457 1233 1578 1278 Unde
1610 1236 1652 1278 et

85 1328 252 1373 semper
280 1327 357 1358 nos
388 1328 480 1358 esse
510 1313 719 1358 debitores
749 1313 867 1357 vobis
906 1313 1076 1359 omnino
1113 1312 1462 1368 recognoscimus.
1585 1311 1651 1355 De

85 1395 222 1437 cetero
253 1405 327 1437 vos
357 1392 490 1437 latere
520 1391 728 1448 nolumus,
760 1391 859 1448 quia
889 1392 1085 1435 dominus
1116 1395 1260 1435 noster
1288 1386 1651 1448 archiepiscopus¹

84 1470 262 1515 Romam
283 1470 346 1515 ire
367 1470 572 1528 disponit3
605 1473 647 1514 et
667 1483 825 1526 eorum,
858 1469 930 1527 qui
950 1482 1046 1513 cum
1065 1470 1159 1528 ipso
1179 1469 1352 1525 vadunt,
1375 1468 1517 1526 aliqui,
1550 1481 1651 1525 qua-

85 1551 248 1606 cunque
276 1552 488 1608 poterlmt,
520 1548 648 1593 emuli
677 1548 812 1592 nostri
842 1551 976 1592 erunt.
1023 1548 1143 1593 Unde
1170 1548 1386 1592 humiliter
1415 1550 1457 1592 et
1476 1546 1651 1602 diligen-

84 1627 248 1672 tissime
275 1641 487 1684 rogamus,
518 1631 567 1671 ut
595 1626 757 1682 regiam
786 1627 1051 1671 maiestatem
1080 1627 1246 1671 faciatis
1275 1627 1338 1670 ita
1361 1625 1544 1670 scribere
1573 1638 1651 1683 pro

85 1705 220 1762 nobis,
252 1705 361 1750 sicut
390 1706 482 1762 ipse
512 1705 703 1749 videritis
733 1705 855 1749 nobis
888 1705 1107 1763 expedire3
1140 1706 1185 1749 in
1211 1705 1323 1749 hunc
1344 1705 1472 1749 etiam
1491 1703 1652 1748 tenoris

85 1782 225 1840 finem,
257 1784 295 1827 si
325 1784 502 1827 domnus
531 1797 645 1841 papa
675 1797 728 1826 ex
757 1783 966 1840 peticione
996 1784 1157 1828 domini
1186 1783 1322 1827 nostri
1350 1783 1462 1838 regis
1492 1796 1578 1826 una
1607 1782 1653 1825 in

85 1864 207 1919 parte
235 1875 312 1905 nos
334 1860 588 1917 sublimavit,
620 1859 837 1916 indulgeat
858 1861 1000 1918 etiam,
1032 1862 1070 1906 si
1090 1861 1237 1906 electio
1259 1861 1460 1906 canonica
1480 1863 1523 1905 et
1541 1861 1653 1904 iusta

86 1953 164 1984 nos
194 1939 321 1984 simul
351 1939 405 1983 ad
435 1938 519 1983 alia
547 1938 771 1983 vocaverit.
819 1938 978 1983 Valete.

90 2081 207 2129 229.
234 2085 454 2144 Presbyter
486 2084 698 2141 episcopus
728 2082 963 2126 Esculanus
994 2099 1021 2126 a
1059 2082 1248 2126 Wibaldo
1273 2084 1391 2140 petit,
1427 2089 1474 2125 ut
1495 2097 1579 2140 pro
1609 2098 1653 2125 se

238 2162 476 2206 Com-adum
504 2176 643 2218 reqem
674 2161 807 2204 adeat.
1435 2158 1509 2214 (M.
1535 2158 1651 2213 180.)

205 2250 432 2305 W(ibaldo)
463 2249 778 2305 religiosissimo
811 2262 859 2294 ac
889 2250 1200 2308 sapientissimo
1224 2248 1485 2294 Stabulensis
1506 2263 1652 2293 mona-

90 2329 208 2374 sterii
247 2329 389 2373 abbati
424 2327 705 2385 P(resbyter),
750 2327 830 2372 Dei
867 2328 1005 2384 gratia
1040 2327 1275 2372 Esculanus
1311 2327 1411 2372 licet
1455 2328 1651 2384 indignus

91 2408 325 2466 episcopus,
356 2406 629 2465 participium
658 2405 703 2448 in
732 2406 778 2449 id
807 2402 982 2463 ipsum².

209 2484 290 2529 Dei
322 2485 544 2543 sapientia,
576 2497 656 2540 que
687 2482 874 2540 disponit
903 2483 1044 2526 omnia
1074 2483 1238 2539 quando
1262 2483 1353 2527 vult
1380 2486 1422 2527 et
1445 2484 1651 2540 quomodo

90 2562 194 2619 vult,
226 2562 352 2619 elegit
380 2565 423 2606 te
453 2562 592 2606 virum
621 2561 843 2604 honestum
874 2560 1117 2616 religiosum
1148 2574 1196 2605 ac
1223 2561 1476 2619 sapientem,
1508 2564 1556 2604 ut
1587 2575 1652 2604 se-

93 2642 191 2686 deas
222 2654 317 2685 cum
346 2640 607 2698 principibus
639 2642 680 2682 et
711 2637 862 2682 solium
893 2638 1051 2694 gloriae
1090 2642 1253 2695 teneas,
1294 2653 1370 2696 per
1408 2653 1532 2695 quem
1567 2639 1652 2696 ipsi

91 2719 277 2763 omnium
307 2731 454 2762 causas
486 2721 559 2762 aut
586 2715 774 2761 iudiciali
804 2715 962 2760 calculo
994 2716 1195 2760 dirimant
1221 2720 1294 2760 aut
1314 2716 1481 2760 amicali
1502 2729 1650 2761 conve—

91 2797 251 2841 nientia
279 2796 519 2852 terminent,
549 2795 658 2839 tanti
687 2793 891 2852 principis
922 2794 1099 2849 gratiam
1130 2794 1439 2838 habundantius
1459 2794 1538 2838 tibi
1559 2808 1650 2838 ero-

93 2867 210 2931 gans,
245 2877 295 2918 ut
323 2874 589 2918 contristatos
621 2873 672 2916 ab
704 2885 751 2916 eo
781 2870 1001 2927 laetificeS,
1034 2871 1274 2930 desperatos
1306 2872 1359 2917 ad
1389 2886 1508 2930 spem
1538 2873 1650 2918 vitae

190 2965 222 2999 l.
248 2962 486 3008 Coloniensis,
509 2960 698 2998 Arnoldus
722 2960 750 2996 Ι.
848 2961 883 2996 2.
908 2960 969 2996 Ps.
987 2960 1066 3006 121,
1083 2961 1118 2996 3.

1677 737 1765 768 Febr.

1680 2258 1772 2294 1150
