1924 3262
571 222 770 253 wmALm
799 221 1019 253 Ems'rom
1042 221 1091 250 11.-
1558 207 1614 250 85

163 319 330 372 Quanta
367 322 507 362 autem
540 321 581 362 et
613 317 755 374 qualia
784 331 860 374 per
891 316 1165 374 impiissimas
1197 318 1341 371 gentes
1372 313 1614 369 Longobar-

45 398 215 454 dorum,
254 397 613 441 Nortmannorum
653 399 695 439 et
735 395 1038 439 Saracenorum
1076 408 1151 450 ego
1190 397 1233 437 et
1268 392 1509 437 Casinensis
1549 406 1614 436 ec-

45 476 174 522 elesia
209 490 287 534 pro
325 474 527 519 fidelitate
557 473 735 518 Romani
772 473 941 530 imperii
981 476 1022 517 et
1061 471 1315 530 apostolicae
1346 471 1457 515 sedis
1489 471 1615 514 susti-

45 568 239 610 neamus,
279 553 400 598 stilus
433 553 615 596 scribere
646 566 730 595 non
763 551 937 606 sufficit,
970 564 1065 594 cum
1097 551 1239 594 omnia
1266 549 1383 605 ligna
1413 549 1615 592 silvarum

45 633 281 689 herbaeque
313 645 578 689 camporum,
617 630 754 673 undae
784 630 915 672 maris
948 642 995 672 ac
1027 642 1178 672 arenae
1208 628 1421 683 littorum,
1453 627 1491 671 si
1520 641 1615 671 ver-

44 715 189 755 tantur
227 711 272 754 in
302 710 488 765 linguas,
530 722 727 752 enarrare
757 721 842 750 non
872 707 1052 750 valeant.
1099 707 1215 750 Nihil
1247 707 1359 751 enim
1390 706 1506 750 aliud
1536 705 1614 749 Ca-

46 789 205 834 sinensi
251 788 451 832 ecclesiae
495 787 578 830 nisi
622 785 937 830 tribulationem
977 785 1302 829 inenarrabilem
1339 784 1612 841 reliquerunt.

45 867 103 912 Et
133 879 228 912 ecce
257 866 364 924 proh
396 865 527 921 dolor,
558 878 657 920 rege
677 864 1036 907 Nortmannorum
1055 863 1235 919 Rogerio
1268 876 1364 906 cum
1395 876 1469 906 suo
1495 876 1615 906 exer-

47 946 134 991 citu
163 944 424 1001 gratulante,
465 943 578 986 solus
609 941 796 986 fidelium
828 945 970 985 coetus
1001 956 1156 997 magna
1185 941 1484 985 moestitudine
1516 954 1614 984 con-

47 1024 246 1079 sumitur,
288 1021 611 1066 christianorum
644 1021 813 1076 sanguis
846 1019 1093 1076 effunditur,
1133 1020 1329 1063 monachi
1358 1020 1404 1063 in
1434 1019 1615 1063 carceris

46 1102 215 1146 vincula
234 1101 488 1154 vinciuntur,
522 1099 694 1143 devotus
717 1099 806 1143 Deo
827 1098 1008 1156 populus
1030 1098 1229 1142 continua
1250 1101 1389 1153 strage
1410 1101 1612 1141 vastatur.

46 1180 155 1225 Nam
194 1180 266 1237 qui
304 1179 445 1223 evadit
479 1179 620 1234 ignem
651 1178 719 1222 vel
749 1177 957 1233 gladium,
996 1177 1155 1234 praeda
1186 1175 1384 1232 efficitur,
1424 1177 1614 1233 captivus

46 1258 242 1314 trahitur,
274 1258 538 1302 venundatur
570 1260 612 1300 et
643 1256 741 1300 exul
764 1258 966 1314 perpetuo
988 1255 1271 1299 constituitur.
1319 1254 1387 1298 En
1408 1255 1614 1310 civitates,

47 1340 208 1393 castra,
245 1336 444 1380 ecclesiae
476 1349 524 1379 ac
554 1335 812 1379 monasteria
842 1334 1044 1377 destituta
1072 1333 1380 1377 habitatoribus
1412 1333 1617 1390 disperie-

46 1418 147 1460 runt
183 1418 226 1459 et
261 1414 494 1472 praepositi
532 1427 581 1457 ac
615 1413 809 1456 monachi
839 1413 918 1456 hac
947 1412 1127 1469 illaeque
1158 1411 1352 1468 dispersi.
1403 1411 1502 1455 Sola
1530 1411 1615 1454 illis

47 1493 168 1538 Beati
198 1492 415 1537 Benedicti
453 1492 602 1535 limina
639 1491 839 1535 derelicta
869 1494 967 1534 sunt
1001 1491 1047 1533 in
1075 1490 1306 1546 refugium,
1346 1503 1441 1533 cum
1470 1504 1617 1533 mona-

49 1571 178 1616 steria
208 1585 353 1615 eorum
382 1571 428 1615 in
457 1571 643 1614 ferarum
673 1569 845 1613 redacta
875 1569 960 1612 sint
980 1568 1147 1624 cubilia,
1180 1572 1222 1611 et
1241 1568 1324 1625 ipsi
1345 1568 1442 1623 vagi
1464 1571 1506 1612 et
1526 1569 1616 1612 sine

48 1650 171 1695 tectis
201 1649 375 1705 inventi,
405 1663 492 1693 non
521 1649 607 1692 iam
639 1649 699 1692 eis
730 1647 857 1692 liceat
880 1647 1124 1705 praedicare
1149 1661 1303 1691 nomen
1324 1646 1510 1702 Domini,
1543 1647 1618 1691 sed

47 1729 298 1774 mendicare.
345 1728 476 1783 Ecce,
513 1727 743 1784 imperator
772 1726 950 1781 invicte,
982 1726 1176 1783 pervenit
1206 1725 1369 1780 gladius
1400 1739 1532 1782 usque
1564 1725 1618 1769 ad

50 1804 276 1861 animam¹3
312 1819 406 1850 ecee
437 1806 540 1861 dies,
570 1806 616 1848 in
647 1818 730 1861 qua
760 1804 1013 1848 clamamus:
1047 1805 1207 1848 Beatae
1230 1805 1386 1847 steriles
1407 1820 1514 1862 quae
1533 1820 1617 1847 non

46 1893 288 1944 yenuerunt,
321 1893 358 1928 et
389 1886 508 1928 beata
538 1885 667 1927 ubera
699 1899 804 1942 quae
835 1899 918 1926 non
948 1878 1244 1935 lactaverunt23
1277 1888 1380 1925 ecce
1402 1881 1477 1924 illa
1503 1881 1617 1939 peri-

50 1963 193 2007 culosa
222 1966 414 2020 tempora
433 1960 555 2004 Pauli
587 1973 686 2004 voce
716 1957 968 2018 praedicta³.
1015 1959 1139 2004 Libet
1164 1973 1262 2015 ergo
1285 1973 1380 2003 cum
1401 1959 1617 2003 Hieremia

50 2041 251 2086 clamare:
303 2041 405 2095 Quis
449 2041 564 2083 dabit
600 2041 727 2097 capiti
764 2055 852 2082 meo
892 2055 1046 2098 aquam
1085 2047 1122 2081 et
1160 2040 1286 2082 oculis
1322 2041 1424 2082 meis
1452 2039 1616 2096 fontem

50 2115 364 2180 lacrymarum⁴‚
406 2121 454 2161 ut
483 2116 681 2174 plangam
711 2120 873 2160 tantam
906 2129 953 2160 ac
984 2119 1147 2159 tantam
1177 2116 1412 2171 miseriam,
1453 2116 1537 2159 tale
1569 2130 1617 2160 ac

50 2200 216 2242 tantum
246 2196 457 2240 excidium
483 2195 673 2252 patriae?
715 2195 841 2239 Sedet
864 2195 909 2238 in
930 2195 1118 2250 tristitia,
1144 2195 1245 2250 quin
1266 2195 1406 2251 potius
1427 2195 1473 2238 in
1493 2195 1617 2238 ruina

52 2275 291 2320 Casinensis
312 2274 500 2329 ecclesia,
531 2276 657 2330 caput
678 2274 865 2316 omnium
885 2273 1249 2328 monasteriorum,
1270 2276 1407 2316 mater
1429 2273 1616 2316 omnium

52 2353 367 2408 coenobiorum,
408 2351 635 2396 consolatio
674 2352 881 2406 tristium,
920 2354 1067 2408 portus
1101 2350 1444 2408 periclitantium.
1492 2351 1614 2406 Ecce,

51 2433 243 2489 inquam,
282 2445 430 2475 revera
461 2430 549 2474 dies
579 2429 863 2473 tribulationis
895 2432 937 2472 et
967 2429 1203 2484 angustiae,
1243 2429 1331 2471 dies
1363 2428 1615 2471 calamitatis

54 2513 96 2554 et
124 2510 340 2565 miseriae,
381 2509 470 2553 dies
500 2508 769 2552 tenebrarum
801 2510 843 2550 et
872 2507 1085 2562 caliginis,
1127 2507 1215 2549 dies
1246 2505 1424 2549 nebulae
1455 2509 1498 2548 et
1526 2508 1615 2548 tur-

52 2588 176 2643 binis,
209 2588 298 2631 dies
329 2588 453 2631 tubae
485 2590 526 2630 et
557 2585 777 2641 clangoris.
889 2584 1122 2628 Praeterito
1155 2585 1310 2640 quippe
1341 2597 1450 2626 anno
1481 2583 1615 2625 homi-

52 2680 126 2710 nes
165 2665 285 2709 Beati
321 2665 537 2709 Benedicti
577 2664 908 2718 seminaverunt,
952 2663 1026 2706 sed
1063 2665 1235 2719 propter
1273 2661 1446 2704 militias
1486 2661 1616 2704 vestri

52 2744 199 2787 invicti
235 2743 403 2800 imperii
440 2757 524 2786 non
564 2741 887 2797 recollegerunt,
928 2740 1006 2783 hoc
1035 2753 1134 2783 vero
1167 2753 1275 2782 anno
1307 2739 1406 2795 quia
1434 2752 1518 2782 non
1549 2740 1613 2783 se-

53 2821 229 2876 minant,
260 2834 337 2864 nec
366 2823 431 2864 est
459 2820 728 2876 recolligendi
758 2818 921 2861 fiducia.

174 2898 281 2950 Quid
319 2912 417 2942 vero
458 2899 508 2941 de
541 2899 726 2942 exercitu
759 2896 925 2940 Siciliae
956 2896 1113 2950 dicam,
1152 2908 1247 2939 cum
1278 2895 1450 2938 comites
1482 2894 1615 2951 Aqui-

155 2986 466 3032 Lmoem4std
534 2984 831 3030 affmmffista
898 2983 1258 3030 32Tmmhah
1322 2983 1612 3031 4Jmffiaar

1653 318 1745 354 1137

1639 368 1705 399 Oct.
1721 368 1762 398 111.
