1924 3288
314 228 401 273 322
762 239 959 271 wmALm
986 238 1236 271 urrerem
1263 238 1334 270 202.
1355 238 1424 269 203.

197 339 289 375 1149
312 335 527 384 immutari
564 334 590 379 a
627 333 778 378 domno
818 347 916 389 rege
953 333 1164 379 deberent.
1285 333 1349 379 Tu
1378 347 1500 390 vero,
1536 347 1634 379 cum
1667 331 1868 397 famini

203 423 278 460 Aue.
313 426 503 457 sermone
533 411 645 468 apud
674 425 750 455 nos
779 410 813 455 F
815 411 1096 456 rankenevort
1123 412 1323 468 utereris,
1355 411 1502 456 dixisti
1529 411 1672 468 nobis,
1701 413 1771 467 ut,
1798 423 1867 455 re·

312 494 433 548 cepta
468 489 647 547 pecunia
683 502 810 545 quam
841 489 1108 545 dederamus,
1147 489 1338 547 predicta
1372 488 1466 533 loca
1498 488 1632 535 libera
1658 487 1867 546 relinque·

310 581 470 621 remus3
503 565 614 623 quod
633 566 807 610 verbum
833 567 960 612 etiam
979 567 1025 610 in
1045 565 1273 612 Saxoniam
1294 567 1434 611 sonuit
1463 569 1506 612 et
1530 579 1608 612 noe
1634 579 1684 611 ac
1701 568 1867 611 nostro·

309 645 354 688 in
384 657 555 700 gravem
584 643 863 700 suspicionem
895 644 1083 688 adduxit.
1132 643 1190 688 Et
1220 658 1273 689 ex
1301 647 1423 702 parte
1453 644 1594 689 sonuit
1621 643 1669 689 in
1697 642 1868 688 nibus

309 722 478 777 nostris,
510 722 660 778 quibus
691 722 944 778 auctoribus,
977 721 1126 778 quibus
1155 722 1400 779 pignoribus
1430 722 1610 780 pecunia
1623 720 1868 777 congrtgfli

307 813 430 856 posse
469 799 742 856 promittitur.
864 799 1086 844 Caeterum
1123 798 1386 854 diligentiam
1421 803 1539 845 tuam
1572 812 1651 857 per
1678 797 1867 843 divinum

307 876 508 921 iudicium
529 877 801 933 obtestamur,
831 881 892 933 ut,
923 877 1120 934 quoniam
1144 877 1258 934 apud
1280 877 1495 921 dominum
1515 879 1707 923 nostrum
1724 888 1867 932 regem

307 957 349 998 et
379 955 627 999 auctoritate
658 958 700 1000 et
729 955 902 1000 consilio
932 955 1068 1011 vales,
1106 955 1233 1000 saluti
1262 955 1351 999 eius
1381 955 1518 999 modis
1548 953 1740 999 omnibus
1768 965 1867 1011 pro-

305 1031 462 1088 videas,
494 1046 548 1077 ne
577 1046 653 1090 per
683 1032 905 1077 consilium
935 1032 1109 1077 alicuius
1140 1032 1252 1088 laici,
1283 1032 1355 1089 qui
1385 1045 1462 1076 neo
1481 1031 1620 1076 Deum
1646 1031 1867 1076 timetneo

304 1108 518 1155 hominem
547 1113 777 1166 reveretur,
807 1111 854 1154 in
884 1110 1135 1155 detrimenta
1165 1114 1207 1154 et
1226 1110 1552 1154 destructionem
1572 1108 1867 1155 aecclesiarum

306 1201 523 1232 assensum
557 1187 745 1245 prebeat.
797 1187 978 1232 Multum
1017 1188 1209 1245 equidem
1238 1187 1486 1232 confidimus
1515 1187 1568 1232 de
1596 1186 1774 1232 veritate
1801 1185 1867 1230 iu-

305 1264 413 1309 dicio
444 1278 494 1309 ac
523 1265 836 1322 perseverantia
865 1266 1020 1323 ipsius3
1052 1269 1117 1310 set
1139 1265 1367 1324 opprobria
1385 1263 1729 1323 exprobrantium
1746 1261 1867 1309 nobis

304 1341 460 1387 cadunt
491 1356 616 1400 super
639 1356 716 1387 nos
729 1340 754 1399 ¹,
784 1343 1012 1388 dicentium
1031 1344 1234 1388 invicem:
1276 1344 1394 1398 Vide,
1426 1344 1532 1401 quid
1550 1343 1752 1400 oontinye‘t
1769 1341 1868 1386 bau

302 1422 448 1463 merito
468 1421 694 1477 familiari
721 1437 771 1465 ac
802 1423 1022 1466 domestico
1053 1423 1090 1466 et
1117 1424 1164 1465 in
1194 1424 1358 1466 secretis
1388 1421 1574 1465 consiliu}
1604 1419 1866 1478 temperati-

302 1500 442 1542 mieeo.
550 1497 760 1554 Ceterum,
790 1501 838 1542 ut
866 1498 993 1543 finem
1023 1498 1190 1543 dicendi
1218 1499 1435 1555 faciamus,
1464 1511 1542 1542 nos
1567 1497 1615 1542 in
1633 1497 1752 1542 curia
1768 1495 1867 1542 laici

305 1574 479 1619 alicuius
509 1575 793 1633 patrocinium
821 1589 1037 1632 nunquam
1067 1576 1363 1632 quaesivimus,
1394 1579 1458 1620 set
1486 1588 1564 1633 per
1593 1574 1769 1620 cler-icon
1790 1586 1882 1619 no·

304 1656 394 1698 stra
424 1653 566 1697 omnia
595 1653 817 1710 disponere
847 1653 1149 1698 consuevimus.
1198 1653 1256 1698 Et
1286 1654 1484 1710 quoniam
1512 1653 1599 1697 iam
1627 1652 1674 1697 in
1690 1651 1867 1697 walaia

305 1733 348 1775 et
386 1730 433 1774 in
468 1744 598 1786 regno
628 1729 731 1775 fides
761 1734 835 1775 tua
864 1734 907 1775 et
936 1731 1131 1775 discretio
1163 1731 1352 1789 adprime
1381 1731 1584 1786 innotuit,
1622 1729 1866 1786 diligentiae

303 1810 403 1852 tuae
432 1810 594 1853 attenta
622 1821 746 1865 prece
777 1808 1089 1865 committimus,
1121 1809 1317 1866 quatinus
1346 1809 1562 1864 negotium
1579 1805 1864 1863 nostrumib,

304 1884 486 1929 Domino
515 1885 697 1936 favente.
713 1889 756 1930 et
785 1886 944 1930 domini
963 1887 1098 1930 nostri
1117 1887 1230 1942 regis
1250 1886 1472 1931 clementia
1489 1887 1719 1944 prestante,
1746 1887 1864 1930 tneo-

302 1962 383 2019 ris,
415 1970 492 2008 ne’
522 1953 599 2008 nos
629 1977 714 2007 non
744 1963 880 2008 solum
910 1963 1130 2008 Corbeiam
1160 1964 1366 2020 deserere,
1396 1977 1544 2008 verum
1572 1962 1701 2008 etiam
1727 1964 1865 2017 tot-n

303 2054 479 2097 regnum
515 2040 676 2086 domini
712 2041 846 2085 nostri
883 2042 995 2097 regis
1035 2042 1150 2086 exire
1184 2055 1234 2087 ac
1269 2041 1508 2099 relinquere
1550 2039 1863 2099 compellant.

303 2117 440 2176 Super
479 2132 560 2175 quo
599 2122 688 2163 tam
725 2133 778 2163 ex
815 2118 969 2164 litteris
1004 2120 1088 2164 tuis
1121 2133 1247 2177 quam
1278 2133 1331 2165 ex
1358 2119 1513 2164 litteris
1542 2118 1703 2164 domini
1729 2116 1864 2163 nostri

301 2196 414 2253 regis
445 2210 520 2254 per
549 2200 766 2254 presentes
796 2197 972 2241 nuncios
1002 2198 1108 2242 certi
1136 2196 1228 2243 fieri
1260 2197 1556 2243 desideramus.

305 2349 424 2398 203.
450 2351 671 2396 Heinrioue
700 2353 840 2396 omae
870 2355 1010 2411 reyiae
1038 2354 1225 2397 notarius
1254 2352 1440 2396 Wibaldo
1469 2352 1697 2411 eiymfloat,
1723 2366 1863 2410 noym

451 2431 489 2474 ei
507 2428 670 2488 favere.
1646 2426 1721 2482 (Π.
1742 2426 1861 2482 208.)

157 2527 247 2563 1149
420 2517 604 2562 Domino
648 2531 724 2562 suo
762 2517 989 2573 W(ibaldo)
1036 2519 1177 2564 abbati
1215 2517 1459 2564 corbeiensi
1496 2516 1719 2562 Heinricus
1760 2527 1861 2562 suus

123 2576 188 2607 ⁰⁰¹·
203 2576 277 2606 Nm
303 2595 523 2642 servitium
551 2595 674 2641 servi.

421 2673 570 2719 Frater
598 2669 827 2718 Iohannes'
857 2673 1009 2716 domno
1039 2674 1131 2730 regi
1159 2672 1365 2731 pericula,
1401 2671 1568 2728 damna,
1597 2668 1861 2716 incommoda

303 2754 443 2796 vestra
477 2763 674 2808 expresse
703 2750 874 2795 detexit.
935 2750 1025 2806 Ego
1056 2765 1154 2795 vero
1184 2751 1347 2795 litteras
1377 2753 1539 2794 vestras
1568 2750 1622 2794 de
1648 2749 1776 2794 verbo
1804 2748 1860 2794 ad

303 2829 476 2874 verbum
510 2828 549 2872 ei
574 2828 766 2887 exposui;
798 2831 841 2872 et
865 2828 919 2871 ad
939 2829 1203 2872 commodum
1230 2841 1379 2872 causae
1399 2831 1564 2872 vestrae
1584 2826 1764 2885 quedam
1780 2839 1858 2884 pro

398 2934 426 2955 ι.
453 2934 492 2955 ne
512 2925 624 2964 scrip&
639 2935 696 2964 pm
717 2925 752 2954 nt
773 2923 841 2954 cod.

399 2983 431 3017 1.
457 2982 517 3018 ΡΒ.
535 2982 592 3027 68,
613 2982 670 3019 10.
765 2981 800 3017 2.
824 2978 1113 3017 Fritheselensis.
