<?xml version="1.0" encoding="UTF-8"?>
<!DOCTYPE html PUBLIC "-//W3C//DTD XHTML 1.0 Transitional//EN"
    "http://www.w3.org/TR/xhtml1/DTD/xhtml1-transitional.dtd">
<html xmlns="http://www.w3.org/1999/xhtml" xml:lang="en" lang="en">
 <head>
  <title>
</title>
<meta http-equiv="Content-Type" content="text/html;charset=utf-8" />
  <meta name='ocr-system' content='tesseract 3.04.00' />
  <meta name='ocr-capabilities' content='ocr_page ocr_carea ocr_par ocr_line ocrx_word'/>
</head>
<body>
  <div class='ocr_page' id='page_1' title='image "bibliothecarerum01wattuoft_0332.png"; bbox 0 0 1924 3288; ppageno 0'>
   <div class='ocr_carea' id='block_1_1' title="bbox 289 192 1412 239">
    <p class='ocr_par' dir='ltr' id='par_1_1' title="bbox 289 192 1412 239">
     <span class='ocr_line' id='line_1_1' title="bbox 289 192 1412 239; baseline 0.001 -2"><span class='ocrx_word' id='word_1_1' title='bbox 289 192 377 237; x_wconf 88' lang='lat'><strong>314</strong></span> <span class='ocrx_word' id='word_1_2' title='bbox 723 205 921 238; x_wconf 75' lang='lat' dir='ltr'><strong>wmALm</strong></span> <span class='ocrx_word' id='word_1_3' title='bbox 948 205 1198 239; x_wconf 69' lang='lat' dir='ltr'><strong>nms&#39;romn</strong></span> <span class='ocrx_word' id='word_1_4' title='bbox 1225 205 1412 239; x_wconf 74' lang='lat'><strong>194—198.</strong></span> 
     </span>
    </p>
   </div>
   <div class='ocr_carea' id='block_1_2' title="bbox 172 297 1850 967">
    <p class='ocr_par' dir='ltr' id='par_1_2' title="bbox 172 297 1845 362">
     <span class='ocr_line' id='line_1_2' title="bbox 172 297 1845 362; baseline 0.004 -19"><span class='ocrx_word' id='word_1_5' title='bbox 172 303 264 339; x_wconf 84' lang='grc'>1149</span> <span class='ocrx_word' id='word_1_6' title='bbox 405 299 552 345; x_wconf 85' lang='lat' dir='ltr'><strong>Brevis</strong></span> <span class='ocrx_word' id='word_1_7' title='bbox 582 313 693 344; x_wconf 91' lang='lat' dir='ltr'><strong>nunc</strong></span> <span class='ocrx_word' id='word_1_8' title='bbox 724 301 779 344; x_wconf 86' lang='lat' dir='ltr'><strong>ad</strong></span> <span class='ocrx_word' id='word_1_9' title='bbox 797 314 872 344; x_wconf 81' lang='lat' dir='ltr'><strong>vos</strong></span> <span class='ocrx_word' id='word_1_10' title='bbox 901 301 1022 345; x_wconf 88' lang='lat' dir='ltr'><strong>nobis</strong></span> <span class='ocrx_word' id='word_1_11' title='bbox 1053 315 1191 346; x_wconf 88' lang='lat' dir='ltr'><strong>sermo</strong></span> <span class='ocrx_word' id='word_1_12' title='bbox 1223 305 1306 356; x_wconf 83' lang='lat' dir='ltr'><strong>est3</strong></span> <span class='ocrx_word' id='word_1_13' title='bbox 1338 305 1381 346; x_wconf 90' lang='lat' dir='ltr'><strong>et</strong></span> <span class='ocrx_word' id='word_1_14' title='bbox 1407 301 1512 348; x_wconf 82' lang='lat' dir='ltr'><strong>haec</strong></span> <span class='ocrx_word' id='word_1_15' title='bbox 1529 297 1845 362; x_wconf 62' lang='lat' dir='ltr'><strong>instantispro&#39;-</strong></span> 
     </span>
    </p>

    <p class='ocr_par' dir='ltr' id='par_1_3' title="bbox 178 353 1850 967">
     <span class='ocr_line' id='line_1_3' title="bbox 178 353 1844 440; baseline 0.003 -18"><span class='ocrx_word' id='word_1_16' title='bbox 178 353 255 392; x_wconf 41' lang='grc' dir='ltr'><strong>ΑΨ</strong></span> <span class='ocrx_word' id='word_1_17' title='bbox 287 378 416 436; x_wconf 86' lang='lat' dir='ltr'><strong>positi</strong></span> <span class='ocrx_word' id='word_1_18' title='bbox 445 393 627 423; x_wconf 89' lang='lat' dir='ltr'><strong>summa:</strong></span> <span class='ocrx_word' id='word_1_19' title='bbox 658 381 707 422; x_wconf 90' lang='lat' dir='ltr'><strong>ut</strong></span> <span class='ocrx_word' id='word_1_20' title='bbox 734 379 888 436; x_wconf 86' lang='lat' dir='ltr'><strong>peticio</strong></span> <span class='ocrx_word' id='word_1_21' title='bbox 910 378 1069 422; x_wconf 89' lang='lat' dir='ltr'><strong>domini</strong></span> <span class='ocrx_word' id='word_1_22' title='bbox 1088 379 1223 423; x_wconf 80' lang='lat' dir='ltr'><strong>nostri</strong></span> <span class='ocrx_word' id='word_1_23' title='bbox 1241 380 1353 436; x_wconf 86' lang='lat' dir='ltr'><strong>regis</strong></span> <span class='ocrx_word' id='word_1_24' title='bbox 1374 380 1426 425; x_wconf 87' lang='lat' dir='ltr'><strong>de</strong></span> <span class='ocrx_word' id='word_1_25' title='bbox 1444 382 1712 440; x_wconf 73' lang='lat' dir='ltr'><strong>prepositura</strong></span> <span class='ocrx_word' id='word_1_26' title='bbox 1729 381 1844 426; x_wconf 81' lang='lat' dir='ltr'><strong>Xan-</strong></span> 
     </span>
     <span class='ocr_line' id='line_1_4' title="bbox 286 456 1846 518; baseline 0.003 -18"><span class='ocrx_word' id='word_1_27' title='bbox 286 457 396 500; x_wconf 86' lang='lat' dir='ltr'><strong>tensi</strong></span> <span class='ocrx_word' id='word_1_28' title='bbox 433 457 584 500; x_wconf 87' lang='lat' dir='ltr'><strong>domno</strong></span> <span class='ocrx_word' id='word_1_29' title='bbox 615 456 842 501; x_wconf 84' lang='lat' dir='ltr'><strong>Thiebaldo</strong></span> <span class='ocrx_word' id='word_1_30' title='bbox 878 457 1143 501; x_wconf 86' lang='lat' dir='ltr'><strong>concedenda</strong></span> <span class='ocrx_word' id='word_1_31' title='bbox 1171 457 1431 502; x_wconf 78' lang='lat' dir='ltr'>exaudiatur.</span> <span class='ocrx_word' id='word_1_32' title='bbox 1492 457 1564 504; x_wconf 87' lang='lat' dir='ltr'><strong>Sic</strong></span> <span class='ocrx_word' id='word_1_33' title='bbox 1591 462 1636 504; x_wconf 88' lang='lat' dir='ltr'><strong>et</strong></span> <span class='ocrx_word' id='word_1_34' title='bbox 1662 459 1846 518; x_wconf 78' lang='lat' dir='ltr'><strong>principi</strong></span> 
     </span>
     <span class='ocr_line' id='line_1_5' title="bbox 287 532 1845 595; baseline 0.003 -18"><span class='ocrx_word' id='word_1_35' title='bbox 287 534 390 577; x_wconf 85' lang='lat' dir='ltr'><strong>satis</strong></span> <span class='ocrx_word' id='word_1_36' title='bbox 426 533 518 590; x_wconf 84' lang='lat' dir='ltr'><strong>fiet,</strong></span> <span class='ocrx_word' id='word_1_37' title='bbox 556 537 599 578; x_wconf 90' lang='lat' dir='ltr'><strong>et</strong></span> <span class='ocrx_word' id='word_1_38' title='bbox 634 537 853 591; x_wconf 88' lang='lat' dir='ltr'><strong>peccatum</strong></span> <span class='ocrx_word' id='word_1_39' title='bbox 886 532 1188 579; x_wconf 87' lang='lat' dir='ltr'><strong>inobedientis¹</strong></span> <span class='ocrx_word' id='word_1_40' title='bbox 1216 549 1353 592; x_wconf 88' lang='lat' dir='ltr'><strong>poena</strong></span> <span class='ocrx_word' id='word_1_41' title='bbox 1381 535 1606 594; x_wconf 75' lang='lat' dir='ltr'><strong>principali</strong></span> <span class='ocrx_word' id='word_1_42' title='bbox 1633 537 1845 595; x_wconf 65' lang='lat' dir='ltr'><strong>punicum</strong></span> 
     </span>
     <span class='ocr_line' id='line_1_6' title="bbox 285 609 1844 672; baseline 0.004 -18"><span class='ocrx_word' id='word_1_43' title='bbox 285 610 424 655; x_wconf 87' lang='lat' dir='ltr'><strong>David</strong></span> <span class='ocrx_word' id='word_1_44' title='bbox 460 611 710 656; x_wconf 87' lang='lat' dir='ltr'><strong>Philisteum</strong></span> <span class='ocrx_word' id='word_1_45' title='bbox 745 612 791 655; x_wconf 92' lang='lat' dir='ltr'><strong>in</strong></span> <span class='ocrx_word' id='word_1_46' title='bbox 828 612 966 656; x_wconf 88' lang='lat' dir='ltr'><strong>fronte</strong></span> <span class='ocrx_word' id='word_1_47' title='bbox 1003 609 1254 670; x_wconf 81' lang='lat' dir='ltr'><strong>percussit’3</strong></span> <span class='ocrx_word' id='word_1_48' title='bbox 1291 613 1404 657; x_wconf 89' lang='lat' dir='ltr'><strong>idem</strong></span> <span class='ocrx_word' id='word_1_49' title='bbox 1440 613 1486 657; x_wconf 90' lang='lat' dir='ltr'><strong>in</strong></span> <span class='ocrx_word' id='word_1_50' title='bbox 1521 614 1684 672; x_wconf 81' lang='lat' dir='ltr'><strong>psalmo</strong></span> <span class='ocrx_word' id='word_1_51' title='bbox 1721 614 1844 660; x_wconf 77' lang='lat' dir='ltr'><strong>dieitz</strong></span> 
     </span>
     <span class='ocr_line' id='line_1_7' title="bbox 286 687 1850 748; baseline 0.003 -16"><span class='ocrx_word' id='word_1_52' title='bbox 286 689 421 746; x_wconf 80' lang='lat' dir='ltr'><strong>Imple</strong></span> <span class='ocrx_word' id='word_1_53' title='bbox 437 690 579 746; x_wconf 67' lang='lat' dir='ltr'><strong>facies</strong></span> <span class='ocrx_word' id='word_1_54' title='bbox 610 705 751 733; x_wconf 78' lang='lat' dir='ltr'><strong>eorum</strong></span> <span class='ocrx_word' id='word_1_55' title='bbox 779 692 1027 748; x_wconf 75' lang='lat' dir='ltr'><strong>iqnominia‚</strong></span> <span class='ocrx_word' id='word_1_56' title='bbox 1061 700 1100 735; x_wconf 77' lang='lat' dir='ltr'><strong>et</strong></span> <span class='ocrx_word' id='word_1_57' title='bbox 1127 701 1300 748; x_wconf 71' lang='lat' dir='ltr'><strong>quer-ent</strong></span> <span class='ocrx_word' id='word_1_58' title='bbox 1319 707 1469 736; x_wconf 83' lang='lat' dir='ltr'><strong>nomen</strong></span> <span class='ocrx_word' id='word_1_59' title='bbox 1488 701 1606 737; x_wconf 72' lang='lat' dir='ltr'><strong>tumn</strong></span> <span class='ocrx_word' id='word_1_60' title='bbox 1622 687 1850 737; x_wconf 62' lang='lat' dir='ltr'><strong>Domne⁸.;</strong></span> 
     </span>
     <span class='ocr_line' id='line_1_8' title="bbox 284 765 1848 827; baseline 0.004 -18"><span class='ocrx_word' id='word_1_61' title='bbox 284 765 411 809; x_wconf 90' lang='lat' dir='ltr'><strong>Nulla</strong></span> <span class='ocrx_word' id='word_1_62' title='bbox 438 766 537 811; x_wconf 89' lang='lat' dir='ltr'><strong>inde</strong></span> <span class='ocrx_word' id='word_1_63' title='bbox 567 767 725 811; x_wconf 88' lang='lat' dir='ltr'><strong>orietur</strong></span> <span class='ocrx_word' id='word_1_64' title='bbox 754 767 991 824; x_wconf 85' lang='lat' dir='ltr'><strong>commotio,</strong></span> <span class='ocrx_word' id='word_1_65' title='bbox 1023 771 1088 812; x_wconf 89' lang='lat' dir='ltr'><strong>set</strong></span> <span class='ocrx_word' id='word_1_66' title='bbox 1115 768 1244 812; x_wconf 90' lang='lat' dir='ltr'><strong>timor</strong></span> <span class='ocrx_word' id='word_1_67' title='bbox 1273 772 1315 813; x_wconf 92' lang='lat' dir='ltr'><strong>et</strong></span> <span class='ocrx_word' id='word_1_68' title='bbox 1343 772 1501 814; x_wconf 88' lang='lat' dir='ltr'><strong>tremor</strong></span> <span class='ocrx_word' id='word_1_69' title='bbox 1518 770 1691 814; x_wconf 83' lang='lat' dir='ltr'><strong>venient</strong></span> <span class='ocrx_word' id='word_1_70' title='bbox 1717 776 1848 827; x_wconf 77' lang='lat' dir='ltr'><strong>super</strong></span> 
     </span>
     <span class='ocr_line' id='line_1_9' title="bbox 283 840 1845 909; baseline 0.004 -23"><span class='ocrx_word' id='word_1_71' title='bbox 283 857 360 887; x_wconf 86' lang='lat' dir='ltr'><strong>nos</strong></span> <span class='ocrx_word' id='word_1_72' title='bbox 368 840 395 886; x_wconf 83' lang='lat'><strong>⁴.</strong></span> <span class='ocrx_word' id='word_1_73' title='bbox 477 843 709 901; x_wconf 87' lang='lat' dir='ltr'><strong>Credimus,</strong></span> <span class='ocrx_word' id='word_1_74' title='bbox 726 846 837 902; x_wconf 91' lang='lat' dir='ltr'><strong>quod</strong></span> <span class='ocrx_word' id='word_1_75' title='bbox 849 846 999 890; x_wconf 85' lang='lat' dir='ltr'><strong>faciem</strong></span> <span class='ocrx_word' id='word_1_76' title='bbox 1014 849 1198 890; x_wconf 86' lang='lat' dir='ltr'><strong>vestram</strong></span> <span class='ocrx_word' id='word_1_77' title='bbox 1215 849 1312 891; x_wconf 88' lang='lat' dir='ltr'><strong>ante</strong></span> <span class='ocrx_word' id='word_1_78' title='bbox 1326 846 1661 904; x_wconf 88' lang='lat' dir='ltr'><strong>purificationem</strong></span> <span class='ocrx_word' id='word_1_79' title='bbox 1673 849 1845 909; x_wconf 67' lang='lat' dir='ltr'><strong>sanctae</strong></span> 
     </span>
     <span class='ocr_line' id='line_1_10' title="bbox 282 919 747 967; baseline 0.006 -3"><span class='ocrx_word' id='word_1_80' title='bbox 282 919 464 967; x_wconf 83' lang='lat' dir='ltr'><strong>Mariae⁵</strong></span> <span class='ocrx_word' id='word_1_81' title='bbox 493 923 709 967; x_wconf 85' lang='lat' dir='ltr'><strong>videamus</strong></span> <span class='ocrx_word' id='word_1_82' title='bbox 718 920 747 967; x_wconf 79' lang='lat'><strong>⁶.</strong></span> 
     </span>
    </p>
   </div>
   <div class='ocr_carea' id='block_1_3' title="bbox 921 981 1208 992">
    <p class='ocr_par' dir='ltr' id='par_1_4' title="bbox 921 981 1208 992">
     <span class='ocr_line' id='line_1_11' title="bbox 921 981 1208 992; baseline 0 2296"><span class='ocrx_word' id='word_1_83' title='bbox 921 981 1208 992; x_wconf 95' lang='lat' dir='ltr'><strong> </strong></span> 
     </span>
    </p>
   </div>
   <div class='ocr_carea' id='block_1_4' title="bbox 288 1043 1849 1249">
    <p class='ocr_par' dir='ltr' id='par_1_5' title="bbox 288 1043 1849 1249">
     <span class='ocr_line' id='line_1_12' title="bbox 288 1043 1843 1108; baseline 0.001 -16"><span class='ocrx_word' id='word_1_84' title='bbox 288 1045 403 1093; x_wconf 85' lang='lat'><strong>195.</strong></span> <span class='ocrx_word' id='word_1_85' title='bbox 429 1047 640 1092; x_wconf 73' lang='lat' dir='ltr'><strong>Wibaldus</strong></span> <span class='ocrx_word' id='word_1_86' title='bbox 662 1049 847 1092; x_wconf 69' lang='lat' dir='ltr'><strong>Gnidom·</strong></span> <span class='ocrx_word' id='word_1_87' title='bbox 875 1050 1120 1093; x_wconf 81' lang='lat' dir='ltr'><strong>cancellario</strong></span> <span class='ocrx_word' id='word_1_88' title='bbox 1143 1050 1298 1108; x_wconf 80' lang='lat' dir='ltr'><strong>papali</strong></span> <span class='ocrx_word' id='word_1_89' title='bbox 1320 1050 1371 1093; x_wconf 84' lang='lat' dir='ltr'><strong>de</strong></span> <span class='ocrx_word' id='word_1_90' title='bbox 1390 1050 1591 1108; x_wconf 72' lang='lat' dir='ltr'><strong>leqatt&#39;one</strong></span> <span class='ocrx_word' id='word_1_91' title='bbox 1611 1050 1671 1093; x_wconf 88' lang='lat' dir='ltr'><strong>ad</strong></span> <span class='ocrx_word' id='word_1_92' title='bbox 1679 1043 1843 1107; x_wconf 75' lang='lat' dir='ltr'><strong>papam</strong></span> 
     </span>
     <span class='ocr_line' id='line_1_13' title="bbox 429 1119 1844 1186; baseline 0.001 -24"><span class='ocrx_word' id='word_1_93' title='bbox 429 1121 509 1163; x_wconf 75' lang='lat' dir='ltr'><strong>sibi</strong></span> <span class='ocrx_word' id='word_1_94' title='bbox 535 1121 720 1163; x_wconf 79' lang='lat' dir='ltr'><strong>iniuncta</strong></span> <span class='ocrx_word' id='word_1_95' title='bbox 748 1122 897 1164; x_wconf 79' lang='lat' dir='ltr'><strong>scribit.</strong></span> <span class='ocrx_word' id='word_1_96' title='bbox 947 1122 1103 1178; x_wconf 72' lang='lat' dir='ltr'><strong>Reqem</strong></span> <span class='ocrx_word' id='word_1_97' title='bbox 1132 1122 1401 1164; x_wconf 76' lang='lat' dir='ltr'><strong>»alteratum«</strong></span> <span class='ocrx_word' id='word_1_98' title='bbox 1430 1123 1612 1165; x_wconf 74' lang='lat' dir='ltr'><strong>rediisse.</strong></span> <span class='ocrx_word' id='word_1_99' title='bbox 1661 1119 1844 1186; x_wconf 57' lang='lat' dir='ltr'><strong>Litteras</strong></span> 
     </span>
     <span class='ocr_line' id='line_1_14' title="bbox 423 1189 1849 1249; baseline 0 -15"><span class='ocrx_word' id='word_1_100' title='bbox 423 1191 704 1249; x_wconf 81' lang='lat' dir='ltr'><strong>perferentem</strong></span> <span class='ocrx_word' id='word_1_101' title='bbox 733 1193 998 1235; x_wconf 82' lang='lat' dir='ltr'><strong>commendat.</strong></span> <span class='ocrx_word' id='word_1_102' title='bbox 1626 1189 1699 1246; x_wconf 83' lang='lat' dir='ltr'><strong>(M.</strong></span> <span class='ocrx_word' id='word_1_103' title='bbox 1723 1190 1849 1246; x_wconf 78' lang='grc'>196.)</span> 
     </span>
    </p>
   </div>
   <div class='ocr_carea' id='block_1_5' title="bbox 157 1278 1846 2346">
    <p class='ocr_par' dir='ltr' id='par_1_6' title="bbox 157 1278 1846 2346">
     <span class='ocr_line' id='line_1_15' title="bbox 165 1278 1842 1337; baseline 0.001 -12"><span class='ocrx_word' id='word_1_104' title='bbox 165 1289 257 1325; x_wconf 78' lang='grc'>1149</span> <span class='ocrx_word' id='word_1_105' title='bbox 399 1279 642 1324; x_wconf 86' lang='lat' dir='ltr'><strong>Reverendo</strong></span> <span class='ocrx_word' id='word_1_106' title='bbox 681 1280 795 1337; x_wconf 87' lang='lat' dir='ltr'><strong>patri</strong></span> <span class='ocrx_word' id='word_1_107' title='bbox 832 1294 906 1324; x_wconf 89' lang='lat' dir='ltr'><strong>suo</strong></span> <span class='ocrx_word' id='word_1_108' title='bbox 946 1283 988 1324; x_wconf 92' lang='lat' dir='ltr'><strong>et</strong></span> <span class='ocrx_word' id='word_1_109' title='bbox 1022 1280 1190 1324; x_wconf 91' lang='lat' dir='ltr'><strong>domino</strong></span> <span class='ocrx_word' id='word_1_110' title='bbox 1220 1279 1403 1324; x_wconf 85' lang='lat' dir='ltr'><strong>Gnidoni</strong></span> <span class='ocrx_word' id='word_1_111' title='bbox 1433 1283 1602 1326; x_wconf 83' lang='lat' dir='ltr'><strong>sanctae</strong></span> <span class='ocrx_word' id='word_1_112' title='bbox 1629 1278 1842 1326; x_wconf 81' lang='lat' dir='ltr'><strong>Romanae</strong></span> 
     </span>
     <span class='ocr_line' id='line_1_16' title="bbox 157 1337 1841 1414; baseline 0.001 -12"><span class='ocrx_word' id='word_1_113' title='bbox 157 1337 257 1377; x_wconf 42' lang='grc' dir='ltr'><strong>(ΑΨ)</strong></span> <span class='ocrx_word' id='word_1_114' title='bbox 281 1357 480 1402; x_wconf 83' lang='lat' dir='ltr'><strong>ecclesiae</strong></span> <span class='ocrx_word' id='word_1_115' title='bbox 517 1357 720 1401; x_wconf 82' lang='lat' dir='ltr'><strong>cardinali</strong></span> <span class='ocrx_word' id='word_1_116' title='bbox 757 1354 955 1402; x_wconf 81' lang='lat' dir='ltr'><strong>diacono⁷</strong></span> <span class='ocrx_word' id='word_1_117' title='bbox 991 1357 1245 1414; x_wconf 89' lang='lat' dir='ltr'><strong>apostolicae</strong></span> <span class='ocrx_word' id='word_1_118' title='bbox 1282 1358 1393 1402; x_wconf 86' lang='lat' dir='ltr'><strong>sedis</strong></span> <span class='ocrx_word' id='word_1_119' title='bbox 1432 1355 1681 1403; x_wconf 77' lang='lat' dir='ltr'><strong>cancellalio</strong></span> <span class='ocrx_word' id='word_1_120' title='bbox 1710 1357 1841 1403; x_wconf 78' lang='lat' dir='ltr'><strong>frater</strong></span> 
     </span>
     <span class='ocr_line' id='line_1_17' title="bbox 279 1433 1838 1494; baseline 0 -14"><span class='ocrx_word' id='word_1_121' title='bbox 279 1434 497 1480; x_wconf 86' lang='lat' dir='ltr'><strong>Wibaldus</strong></span> <span class='ocrx_word' id='word_1_122' title='bbox 518 1435 600 1479; x_wconf 88' lang='lat' dir='ltr'><strong>Dei</strong></span> <span class='ocrx_word' id='word_1_123' title='bbox 619 1435 758 1490; x_wconf 86' lang='lat' dir='ltr'><strong>gratia</strong></span> <span class='ocrx_word' id='word_1_124' title='bbox 775 1434 834 1490; x_wconf 77' lang='lat' dir='ltr'><strong>id,</strong></span> <span class='ocrx_word' id='word_1_125' title='bbox 867 1434 977 1490; x_wconf 88' lang='lat' dir='ltr'><strong>quod</strong></span> <span class='ocrx_word' id='word_1_126' title='bbox 998 1438 1062 1478; x_wconf 88' lang='lat' dir='ltr'><strong>est</strong></span> <span class='ocrx_word' id='word_1_127' title='bbox 1082 1435 1127 1478; x_wconf 92' lang='lat' dir='ltr'><strong>in</strong></span> <span class='ocrx_word' id='word_1_128' title='bbox 1149 1435 1350 1479; x_wconf 84' lang='lat' dir='ltr'><strong>aecclesia</strong></span> <span class='ocrx_word' id='word_1_129' title='bbox 1370 1435 1588 1492; x_wconf 88' lang='lat' dir='ltr'><strong>catholica,</strong></span> <span class='ocrx_word' id='word_1_130' title='bbox 1619 1450 1664 1480; x_wconf 89' lang='lat' dir='ltr'><strong>se</strong></span> <span class='ocrx_word' id='word_1_131' title='bbox 1685 1433 1838 1494; x_wconf 83' lang='lat' dir='ltr'><strong>ipsum.</strong></span> 
     </span>
     <span class='ocr_line' id='line_1_18' title="bbox 399 1512 1842 1570; baseline 0.001 -14"><span class='ocrx_word' id='word_1_132' title='bbox 399 1512 736 1569; x_wconf 84' lang='lat' dir='ltr'><strong>Implevissemus</strong></span> <span class='ocrx_word' id='word_1_133' title='bbox 781 1525 955 1555; x_wconf 86' lang='lat' dir='ltr'><strong>manum</strong></span> <span class='ocrx_word' id='word_1_134' title='bbox 991 1515 1176 1556; x_wconf 89' lang='lat' dir='ltr'><strong>vestram</strong></span> <span class='ocrx_word' id='word_1_135' title='bbox 1215 1513 1384 1557; x_wconf 88' lang='lat' dir='ltr'><strong>scedula</strong></span> <span class='ocrx_word' id='word_1_136' title='bbox 1419 1513 1599 1570; x_wconf 87' lang='lat' dir='ltr'><strong>maiore,</strong></span> <span class='ocrx_word' id='word_1_137' title='bbox 1645 1526 1753 1570; x_wconf 87' lang='lat' dir='ltr'><strong>quae</strong></span> <span class='ocrx_word' id='word_1_138' title='bbox 1788 1512 1842 1558; x_wconf 86' lang='lat' dir='ltr'><strong>dc</strong></span> 
     </span>
     <span class='ocr_line' id='line_1_19' title="bbox 280 1589 1846 1649; baseline 0.001 -15"><span class='ocrx_word' id='word_1_139' title='bbox 280 1590 395 1634; x_wconf 91' lang='lat' dir='ltr'><strong>omni</strong></span> <span class='ocrx_word' id='word_1_140' title='bbox 432 1593 546 1634; x_wconf 85' lang='lat' dir='ltr'><strong>statu</strong></span> <span class='ocrx_word' id='word_1_141' title='bbox 582 1589 702 1645; x_wconf 83' lang='lat' dir='ltr'><strong>regni</strong></span> <span class='ocrx_word' id='word_1_142' title='bbox 740 1592 782 1633; x_wconf 91' lang='lat' dir='ltr'><strong>et</strong></span> <span class='ocrx_word' id='word_1_143' title='bbox 812 1589 864 1633; x_wconf 89' lang='lat' dir='ltr'><strong>de</strong></span> <span class='ocrx_word' id='word_1_144' title='bbox 893 1589 1040 1644; x_wconf 83' lang='lat' dir='ltr'><strong>rebuS‚</strong></span> <span class='ocrx_word' id='word_1_145' title='bbox 1079 1604 1186 1646; x_wconf 90' lang='lat' dir='ltr'><strong>quae</strong></span> <span class='ocrx_word' id='word_1_146' title='bbox 1217 1591 1271 1634; x_wconf 90' lang='lat' dir='ltr'><strong>ad</strong></span> <span class='ocrx_word' id='word_1_147' title='bbox 1300 1604 1374 1634; x_wconf 89' lang='lat' dir='ltr'><strong>vos</strong></span> <span class='ocrx_word' id='word_1_148' title='bbox 1404 1590 1636 1648; x_wconf 87' lang='lat' dir='ltr'><strong>pertinent,</strong></span> <span class='ocrx_word' id='word_1_149' title='bbox 1673 1589 1846 1649; x_wconf 73' lang='lat' dir='ltr'><strong>plenius.</strong></span> 
     </span>
     <span class='ocr_line' id='line_1_20' title="bbox 279 1663 1839 1726; baseline 0.001 -14"><span class='ocrx_word' id='word_1_150' title='bbox 279 1668 526 1723; x_wconf 83' lang='lat' dir='ltr'><strong>contineret,</strong></span> <span class='ocrx_word' id='word_1_151' title='bbox 556 1667 639 1711; x_wconf 88' lang='lat' dir='ltr'><strong>nisi</strong></span> <span class='ocrx_word' id='word_1_152' title='bbox 671 1667 781 1724; x_wconf 92' lang='lat' dir='ltr'><strong>quod</strong></span> <span class='ocrx_word' id='word_1_153' title='bbox 813 1667 838 1711; x_wconf 80' lang='lat' dir='ltr'><strong>a</strong></span> <span class='ocrx_word' id='word_1_154' title='bbox 867 1667 1036 1710; x_wconf 90' lang='lat' dir='ltr'><strong>domino</strong></span> <span class='ocrx_word' id='word_1_155' title='bbox 1065 1671 1209 1711; x_wconf 87' lang='lat' dir='ltr'><strong>nostro</strong></span> <span class='ocrx_word' id='word_1_156' title='bbox 1240 1682 1338 1724; x_wconf 87' lang='lat' dir='ltr'><strong>rege</strong></span> <span class='ocrx_word' id='word_1_157' title='bbox 1367 1668 1488 1712; x_wconf 88' lang='lat' dir='ltr'><strong>nobis</strong></span> <span class='ocrx_word' id='word_1_158' title='bbox 1507 1668 1742 1713; x_wconf 88' lang='lat' dir='ltr'><strong>iniunctum</strong></span> <span class='ocrx_word' id='word_1_159' title='bbox 1761 1663 1839 1726; x_wconf 62' lang='lat' dir='ltr'><strong>est,</strong></span> 
     </span>
     <span class='ocr_line' id='line_1_21' title="bbox 278 1744 1838 1805; baseline 0 -15"><span class='ocrx_word' id='word_1_160' title='bbox 278 1750 326 1790; x_wconf 90' lang='lat' dir='ltr'><strong>ut</strong></span> <span class='ocrx_word' id='word_1_161' title='bbox 354 1746 606 1802; x_wconf 83' lang='lat' dir='ltr'><strong>legationem</strong></span> <span class='ocrx_word' id='word_1_162' title='bbox 637 1745 726 1789; x_wconf 90' lang='lat' dir='ltr'><strong>eius</strong></span> <span class='ocrx_word' id='word_1_163' title='bbox 749 1744 803 1788; x_wconf 90' lang='lat' dir='ltr'><strong>ad</strong></span> <span class='ocrx_word' id='word_1_164' title='bbox 823 1745 1022 1788; x_wconf 88' lang='lat' dir='ltr'><strong>domnum</strong></span> <span class='ocrx_word' id='word_1_165' title='bbox 1045 1760 1200 1804; x_wconf 86' lang='lat' dir='ltr'><strong>papam</strong></span> <span class='ocrx_word' id='word_1_166' title='bbox 1221 1759 1318 1790; x_wconf 93' lang='lat' dir='ltr'><strong>cum</strong></span> <span class='ocrx_word' id='word_1_167' title='bbox 1348 1745 1443 1790; x_wconf 86' lang='lat' dir='ltr'><strong>aliis</strong></span> <span class='ocrx_word' id='word_1_168' title='bbox 1474 1745 1725 1803; x_wconf 85' lang='lat' dir='ltr'><strong>quibusdam</strong></span> <span class='ocrx_word' id='word_1_169' title='bbox 1742 1759 1838 1805; x_wconf 88' lang='lat' dir='ltr'><strong>per-</strong></span> 
     </span>
     <span class='ocr_line' id='line_1_22' title="bbox 277 1820 1837 1881; baseline 0 -13"><span class='ocrx_word' id='word_1_170' title='bbox 277 1824 461 1868; x_wconf 86' lang='lat' dir='ltr'><strong>feramus</strong></span> <span class='ocrx_word' id='word_1_171' title='bbox 471 1820 498 1867; x_wconf 83' lang='lat'><strong>⁸.</strong></span> <span class='ocrx_word' id='word_1_172' title='bbox 546 1822 767 1867; x_wconf 86' lang='lat' dir='ltr'><strong>Presentes</strong></span> <span class='ocrx_word' id='word_1_173' title='bbox 797 1822 940 1879; x_wconf 87' lang='lat' dir='ltr'><strong>itaque</strong></span> <span class='ocrx_word' id='word_1_174' title='bbox 969 1822 1053 1867; x_wconf 86' lang='lat' dir='ltr'><strong>ista</strong></span> <span class='ocrx_word' id='word_1_175' title='bbox 1082 1824 1215 1867; x_wconf 87' lang='lat' dir='ltr'><strong>tutius</strong></span> <span class='ocrx_word' id='word_1_176' title='bbox 1247 1827 1290 1868; x_wconf 86' lang='lat' dir='ltr'><strong>et</strong></span> <span class='ocrx_word' id='word_1_177' title='bbox 1308 1823 1527 1868; x_wconf 85' lang='lat' dir='ltr'><strong>iocundius</strong></span> <span class='ocrx_word' id='word_1_178' title='bbox 1550 1823 1837 1881; x_wconf 79' lang='lat' dir='ltr'><strong>tractabimus,</strong></span> 
     </span>
     <span class='ocr_line' id='line_1_23' title="bbox 485 1900 1635 1957; baseline 0.001 -12"><span class='ocrx_word' id='word_1_179' title='bbox 485 1901 598 1945; x_wconf 91' lang='lat' dir='ltr'><strong>Ante</strong></span> <span class='ocrx_word' id='word_1_180' title='bbox 627 1901 767 1944; x_wconf 86' lang='lat' dir='ltr'><strong>focum</strong></span> <span class='ocrx_word' id='word_1_181' title='bbox 798 1900 835 1943; x_wconf 88' lang='lat' dir='ltr'><strong>si</strong></span> <span class='ocrx_word' id='word_1_182' title='bbox 863 1900 996 1955; x_wconf 85' lang='lat' dir='ltr'><strong>frigus</strong></span> <span class='ocrx_word' id='word_1_183' title='bbox 1027 1901 1121 1957; x_wconf 85' lang='lat' dir='ltr'><strong>erit,</strong></span> <span class='ocrx_word' id='word_1_184' title='bbox 1154 1902 1191 1945; x_wconf 86' lang='lat' dir='ltr'><strong>si</strong></span> <span class='ocrx_word' id='word_1_185' title='bbox 1220 1901 1370 1946; x_wconf 85' lang='lat' dir='ltr'><strong>messis</strong></span> <span class='ocrx_word' id='word_1_186' title='bbox 1399 1901 1444 1944; x_wconf 91' lang='lat' dir='ltr'><strong>in</strong></span> <span class='ocrx_word' id='word_1_187' title='bbox 1473 1901 1635 1946; x_wconf 83' lang='lat' dir='ltr'><strong>umbra.</strong></span> 
     </span>
     <span class='ocr_line' id='line_1_24' title="bbox 280 1974 1839 2038; baseline 0 -15"><span class='ocrx_word' id='word_1_188' title='bbox 280 1979 354 2024; x_wconf 90' lang='lat' dir='ltr'><strong>Set</strong></span> <span class='ocrx_word' id='word_1_189' title='bbox 388 1993 443 2023; x_wconf 91' lang='lat' dir='ltr'><strong>ne</strong></span> <span class='ocrx_word' id='word_1_190' title='bbox 479 1992 652 2037; x_wconf 87' lang='lat' dir='ltr'><strong>prorsus</strong></span> <span class='ocrx_word' id='word_1_191' title='bbox 688 1991 800 2021; x_wconf 86' lang='lat' dir='ltr'><strong>nuno</strong></span> <span class='ocrx_word' id='word_1_192' title='bbox 830 1977 1049 2034; x_wconf 81' lang='lat' dir='ltr'><strong>sileamuS,</strong></span> <span class='ocrx_word' id='word_1_193' title='bbox 1089 1978 1313 2023; x_wconf 87' lang='lat' dir='ltr'><strong>alteratum</strong></span> <span class='ocrx_word' id='word_1_194' title='bbox 1341 1974 1576 2036; x_wconf 81' lang='lat' dir='ltr'><strong>recepimus</strong></span> <span class='ocrx_word' id='word_1_195' title='bbox 1604 1977 1839 2038; x_wconf 86' lang='lat' dir='ltr'><strong>principem</strong></span> 
     </span>
     <span class='ocr_line' id='line_1_25' title="bbox 278 2052 1837 2113; baseline -0.001 -12"><span class='ocrx_word' id='word_1_196' title='bbox 278 2060 488 2113; x_wconf 88' lang='lat' dir='ltr'><strong>nostrum,</strong></span> <span class='ocrx_word' id='word_1_197' title='bbox 529 2060 571 2100; x_wconf 90' lang='lat' dir='ltr'><strong>et</strong></span> <span class='ocrx_word' id='word_1_198' title='bbox 607 2055 830 2100; x_wconf 86' lang='lat' dir='ltr'><strong>severitate</strong></span> <span class='ocrx_word' id='word_1_199' title='bbox 866 2069 1038 2111; x_wconf 87' lang='lat' dir='ltr'><strong>gravem</strong></span> <span class='ocrx_word' id='word_1_200' title='bbox 1078 2059 1120 2100; x_wconf 89' lang='lat' dir='ltr'><strong>et</strong></span> <span class='ocrx_word' id='word_1_201' title='bbox 1147 2056 1340 2101; x_wconf 88' lang='lat' dir='ltr'><strong>iusticiae</strong></span> <span class='ocrx_word' id='word_1_202' title='bbox 1371 2060 1601 2101; x_wconf 85' lang='lat' dir='ltr'><strong>amatorem</strong></span> <span class='ocrx_word' id='word_1_203' title='bbox 1631 2060 1675 2101; x_wconf 86' lang='lat' dir='ltr'><strong>et</strong></span> <span class='ocrx_word' id='word_1_204' title='bbox 1700 2055 1748 2103; x_wconf 89' lang='lat' dir='ltr'><strong>in</strong></span> <span class='ocrx_word' id='word_1_205' title='bbox 1774 2052 1837 2100; x_wconf 84' lang='lat' dir='ltr'><strong>fa-</strong></span> 
     </span>
     <span class='ocr_line' id='line_1_26' title="bbox 278 2132 1840 2198; baseline -0.001 -19"><span class='ocrx_word' id='word_1_206' title='bbox 278 2135 424 2179; x_wconf 89' lang='lat' dir='ltr'><strong>ciendo</strong></span> <span class='ocrx_word' id='word_1_207' title='bbox 454 2134 608 2178; x_wconf 85' lang='lat' dir='ltr'><strong>iudicio</strong></span> <span class='ocrx_word' id='word_1_208' title='bbox 638 2133 879 2191; x_wconf 85' lang='lat' dir='ltr'><strong>impigrum.</strong></span> <span class='ocrx_word' id='word_1_209' title='bbox 979 2132 1109 2177; x_wconf 88' lang='lat' dir='ltr'><strong>Lator</strong></span> <span class='ocrx_word' id='word_1_210' title='bbox 1137 2134 1399 2191; x_wconf 84' lang='lat' dir='ltr'><strong>presentium</strong></span> <span class='ocrx_word' id='word_1_211' title='bbox 1427 2148 1513 2178; x_wconf 93' lang='lat' dir='ltr'><strong>non</strong></span> <span class='ocrx_word' id='word_1_212' title='bbox 1541 2133 1738 2190; x_wconf 82' lang='lat' dir='ltr'><strong>indignus</strong></span> <span class='ocrx_word' id='word_1_213' title='bbox 1758 2135 1840 2198; x_wconf 66' lang='lat' dir='ltr'><strong>est,⁴</strong></span> 
     </span>
     <span class='ocr_line' id='line_1_27' title="bbox 279 2210 1836 2275; baseline 0 -20"><span class='ocrx_word' id='word_1_214' title='bbox 279 2226 403 2269; x_wconf 91' lang='lat' dir='ltr'><strong>quem</strong></span> <span class='ocrx_word' id='word_1_215' title='bbox 433 2226 510 2269; x_wconf 88' lang='lat' dir='ltr'><strong>pro</strong></span> <span class='ocrx_word' id='word_1_216' title='bbox 539 2214 685 2255; x_wconf 87' lang='lat' dir='ltr'><strong>nostra</strong></span> <span class='ocrx_word' id='word_1_217' title='bbox 713 2211 920 2267; x_wconf 89' lang='lat' dir='ltr'><strong>peticione</strong></span> <span class='ocrx_word' id='word_1_218' title='bbox 950 2210 1123 2255; x_wconf 88' lang='lat' dir='ltr'><strong>honeste</strong></span> <span class='ocrx_word' id='word_1_219' title='bbox 1151 2212 1366 2269; x_wconf 85' lang='lat' dir='ltr'><strong>recipiatis</strong></span> <span class='ocrx_word' id='word_1_220' title='bbox 1397 2215 1439 2256; x_wconf 91' lang='lat' dir='ltr'><strong>et</strong></span> <span class='ocrx_word' id='word_1_221' title='bbox 1467 2212 1513 2255; x_wconf 93' lang='lat' dir='ltr'><strong>in</strong></span> <span class='ocrx_word' id='word_1_222' title='bbox 1540 2211 1627 2256; x_wconf 87' lang='lat' dir='ltr'><strong>suis</strong></span> <span class='ocrx_word' id='word_1_223' title='bbox 1653 2210 1836 2275; x_wconf 78' lang='lat' dir='ltr'><strong>propriis</strong></span> 
     </span>
     <span class='ocr_line' id='line_1_28' title="bbox 278 2285 1753 2346; baseline -0.001 -12"><span class='ocrx_word' id='word_1_224' title='bbox 278 2289 416 2334; x_wconf 87' lang='lat' dir='ltr'><strong>causis</strong></span> <span class='ocrx_word' id='word_1_225' title='bbox 447 2302 496 2333; x_wconf 86' lang='lat' dir='ltr'><strong>ao</strong></span> <span class='ocrx_word' id='word_1_226' title='bbox 525 2288 801 2346; x_wconf 86' lang='lat' dir='ltr'><strong>peticionibus</strong></span> <span class='ocrx_word' id='word_1_227' title='bbox 832 2288 1008 2344; x_wconf 85' lang='lat' dir='ltr'><strong>benigne</strong></span> <span class='ocrx_word' id='word_1_228' title='bbox 1040 2289 1258 2333; x_wconf 87' lang='lat' dir='ltr'><strong>adiuvetis.</strong></span> <span class='ocrx_word' id='word_1_229' title='bbox 1310 2285 1457 2333; x_wconf 84' lang='lat' dir='ltr'><strong>Valete</strong></span> <span class='ocrx_word' id='word_1_230' title='bbox 1485 2289 1531 2332; x_wconf 92' lang='lat' dir='ltr'><strong>in</strong></span> <span class='ocrx_word' id='word_1_231' title='bbox 1559 2288 1753 2333; x_wconf 91' lang='lat' dir='ltr'><strong>Domino.</strong></span> 
     </span>
    </p>
   </div>
   <div class='ocr_carea' id='block_1_6' title="bbox 914 2378 1194 2386">
    <p class='ocr_par' dir='ltr' id='par_1_7' title="bbox 914 2378 1194 2386">
     <span class='ocr_line' id='line_1_29' title="bbox 914 2378 1194 2386; baseline 0 0"><span class='ocrx_word' id='word_1_232' title='bbox 914 2378 1194 2386; x_wconf 95' lang='lat' dir='ltr'><strong> </strong></span> 
     </span>
    </p>
   </div>
   <div class='ocr_carea' id='block_1_7' title="bbox 160 2430 1835 2797">
    <p class='ocr_par' dir='ltr' id='par_1_8' title="bbox 282 2430 1835 2490">
     <span class='ocr_line' id='line_1_30' title="bbox 282 2430 1835 2490; baseline -0.004 -10"><span class='ocrx_word' id='word_1_233' title='bbox 282 2430 397 2479; x_wconf 88' lang='lat'><strong>196.</strong></span> <span class='ocrx_word' id='word_1_234' title='bbox 427 2431 641 2476; x_wconf 80' lang='lat' dir='ltr'><strong>Conradus</strong></span> <span class='ocrx_word' id='word_1_235' title='bbox 667 2430 742 2475; x_wconf 91' lang='lat' dir='ltr'><strong>III</strong></span> <span class='ocrx_word' id='word_1_236' title='bbox 767 2447 843 2474; x_wconf 72' lang='lat' dir='ltr'><strong>rex</strong></span> <span class='ocrx_word' id='word_1_237' title='bbox 879 2435 1093 2476; x_wconf 79' lang='lat' dir='ltr'><strong>conventui</strong></span> <span class='ocrx_word' id='word_1_238' title='bbox 1124 2433 1492 2490; x_wconf 74' lang='lat' dir='ltr'><strong>Quedlinbaryensi</strong></span> <span class='ocrx_word' id='word_1_239' title='bbox 1522 2432 1746 2490; x_wconf 72' lang='lat' dir='ltr'><strong>praecipit,</strong></span> <span class='ocrx_word' id='word_1_240' title='bbox 1783 2446 1835 2475; x_wconf 77' lang='lat' dir='ltr'><strong>ne</strong></span> 
     </span>
    </p>

    <p class='ocr_par' dir='ltr' id='par_1_9' title="bbox 423 2499 1833 2556">
     <span class='ocr_line' id='line_1_31' title="bbox 423 2499 1833 2556; baseline -0.001 -9"><span class='ocrx_word' id='word_1_241' title='bbox 423 2519 544 2547; x_wconf 78' lang='lat' dir='ltr'><strong>sacra</strong></span> <span class='ocrx_word' id='word_1_242' title='bbox 572 2504 848 2546; x_wconf 72' lang='lat' dir='ltr'><strong>intermittant.</strong></span> <span class='ocrx_word' id='word_1_243' title='bbox 1620 2499 1692 2555; x_wconf 85' lang='lat' dir='ltr'><strong>(M.</strong></span> <span class='ocrx_word' id='word_1_244' title='bbox 1718 2501 1833 2556; x_wconf 84' lang='lat'><strong>197.)</strong></span> 
     </span>
    </p>

    <p class='ocr_par' dir='ltr' id='par_1_10' title="bbox 160 2583 1834 2640">
     <span class='ocr_line' id='line_1_32' title="bbox 160 2583 1834 2640; baseline -0.002 -9"><span class='ocrx_word' id='word_1_245' title='bbox 160 2595 252 2631; x_wconf 87' lang='grc'>1149</span> <span class='ocrx_word' id='word_1_246' title='bbox 395 2585 638 2630; x_wconf 86' lang='lat' dir='ltr'><strong>Cuonradus</strong></span> <span class='ocrx_word' id='word_1_247' title='bbox 668 2583 749 2629; x_wconf 91' lang='lat' dir='ltr'><strong>Dei</strong></span> <span class='ocrx_word' id='word_1_248' title='bbox 778 2585 915 2640; x_wconf 85' lang='lat' dir='ltr'><strong>gratia</strong></span> <span class='ocrx_word' id='word_1_249' title='bbox 943 2585 1222 2630; x_wconf 88' lang='lat' dir='ltr'><strong>Romanorum</strong></span> <span class='ocrx_word' id='word_1_250' title='bbox 1254 2599 1330 2630; x_wconf 85' lang='lat' dir='ltr'><strong>rex</strong></span> <span class='ocrx_word' id='word_1_251' title='bbox 1349 2583 1578 2629; x_wconf 85' lang='lat' dir='ltr'><strong>venerabili</strong></span> <span class='ocrx_word' id='word_1_252' title='bbox 1597 2583 1834 2636; x_wconf 86' lang='lat' dir='ltr'><strong>Quideline-</strong></span> 
     </span>
    </p>

    <p class='ocr_par' dir='ltr' id='par_1_11' title="bbox 275 2660 1833 2797">
     <span class='ocr_line' id='line_1_33' title="bbox 275 2660 1833 2720; baseline -0.002 -12"><span class='ocrx_word' id='word_1_253' title='bbox 275 2664 495 2720; x_wconf 87' lang='lat' dir='ltr'><strong>burgensis</strong></span> <span class='ocrx_word' id='word_1_254' title='bbox 543 2662 740 2707; x_wconf 88' lang='lat' dir='ltr'><strong>ecclesiae</strong></span> <span class='ocrx_word' id='word_1_255' title='bbox 777 2663 1019 2718; x_wconf 84' lang='lat' dir='ltr'><strong>conventui,</strong></span> <span class='ocrx_word' id='word_1_256' title='bbox 1065 2663 1289 2707; x_wconf 88' lang='lat' dir='ltr'><strong>baronibus</strong></span> <span class='ocrx_word' id='word_1_257' title='bbox 1327 2666 1369 2707; x_wconf 89' lang='lat' dir='ltr'><strong>et</strong></span> <span class='ocrx_word' id='word_1_258' title='bbox 1405 2661 1610 2706; x_wconf 85' lang='lat' dir='ltr'><strong>ministris</strong></span> <span class='ocrx_word' id='word_1_259' title='bbox 1648 2660 1833 2706; x_wconf 87' lang='lat' dir='ltr'><strong>eiusdem</strong></span> 
     </span>
     <span class='ocr_line' id='line_1_34' title="bbox 277 2740 1270 2797; baseline -0.002 -11"><span class='ocrx_word' id='word_1_260' title='bbox 277 2742 488 2797; x_wconf 85' lang='lat' dir='ltr'><strong>ecclesiae,</strong></span> <span class='ocrx_word' id='word_1_261' title='bbox 519 2741 699 2797; x_wconf 84' lang='lat' dir='ltr'><strong>gratiam</strong></span> <span class='ocrx_word' id='word_1_262' title='bbox 729 2753 846 2783; x_wconf 86' lang='lat' dir='ltr'><strong>suam</strong></span> <span class='ocrx_word' id='word_1_263' title='bbox 879 2742 921 2783; x_wconf 89' lang='lat' dir='ltr'><strong>et</strong></span> <span class='ocrx_word' id='word_1_264' title='bbox 951 2753 1073 2784; x_wconf 91' lang='lat' dir='ltr'><strong>omne</strong></span> <span class='ocrx_word' id='word_1_265' title='bbox 1102 2740 1270 2784; x_wconf 89' lang='lat' dir='ltr'><strong>bonum.</strong></span> 
     </span>
    </p>
   </div>
   <div class='ocr_carea' id='block_1_8' title="bbox 275 2817 1832 2994">
    <p class='ocr_par' dir='ltr' id='par_1_12' title="bbox 275 2817 1832 2994">
     <span class='ocr_line' id='line_1_35' title="bbox 349 2817 1832 2873; baseline -0.001 -8"><span class='ocrx_word' id='word_1_266' title='bbox 349 2829 382 2865; x_wconf 93' lang='lat'><strong>1.</strong></span> <span class='ocrx_word' id='word_1_267' title='bbox 400 2828 555 2865; x_wconf 78' lang='lat' dir='ltr'><strong>Amoldi</strong></span> <span class='ocrx_word' id='word_1_268' title='bbox 571 2828 589 2864; x_wconf 95' lang='lat'>1</span> <span class='ocrx_word' id='word_1_269' title='bbox 605 2827 873 2873; x_wconf 78' lang='lat' dir='ltr'><strong>archiepiscopi</strong></span> <span class='ocrx_word' id='word_1_270' title='bbox 890 2826 1132 2864; x_wconf 66' lang='lat' dir='ltr'><strong>emoniensis.</strong></span> <span class='ocrx_word' id='word_1_271' title='bbox 1195 2828 1230 2864; x_wconf 81' lang='lat'><strong>2.</strong></span> <span class='ocrx_word' id='word_1_272' title='bbox 1250 2828 1270 2863; x_wconf 93' lang='lat'>1</span> <span class='ocrx_word' id='word_1_273' title='bbox 1284 2817 1517 2873; x_wconf 80' lang='lat' dir='ltr'><strong>Reg.17‚49.</strong></span> <span class='ocrx_word' id='word_1_274' title='bbox 1578 2826 1613 2862; x_wconf 88' lang='lat'><strong>3.</strong></span> <span class='ocrx_word' id='word_1_275' title='bbox 1629 2825 1690 2863; x_wconf 70' lang='lat' dir='ltr'><strong>Pa.</strong></span> <span class='ocrx_word' id='word_1_276' title='bbox 1702 2826 1761 2872; x_wconf 85' lang='lat'><strong>81,</strong></span> <span class='ocrx_word' id='word_1_277' title='bbox 1774 2825 1832 2863; x_wconf 77' lang='lat'><strong>1⁷.</strong></span> 
     </span>
     <span class='ocr_line' id='line_1_36' title="bbox 275 2885 1832 2934; baseline -0.002 -9"><span class='ocrx_word' id='word_1_278' title='bbox 275 2889 311 2925; x_wconf 79' lang='lat'><strong>4.</strong></span> <span class='ocrx_word' id='word_1_279' title='bbox 337 2889 398 2925; x_wconf 85' lang='lat' dir='ltr'><strong>Ps.</strong></span> <span class='ocrx_word' id='word_1_280' title='bbox 414 2888 472 2934; x_wconf 85' lang='lat'><strong>54,</strong></span> <span class='ocrx_word' id='word_1_281' title='bbox 489 2889 524 2924; x_wconf 88' lang='grc'><strong>6.</strong></span> <span class='ocrx_word' id='word_1_282' title='bbox 608 2887 641 2924; x_wconf 87' lang='grc'><strong>5.</strong></span> <span class='ocrx_word' id='word_1_283' title='bbox 667 2888 691 2924; x_wconf 81' lang='lat'><strong>2</strong></span> <span class='ocrx_word' id='word_1_284' title='bbox 706 2886 814 2924; x_wconf 85' lang='lat' dir='ltr'><strong>Febr.</strong></span> <span class='ocrx_word' id='word_1_285' title='bbox 832 2886 936 2922; x_wconf 80' lang='lat'><strong>1150.</strong></span> <span class='ocrx_word' id='word_1_286' title='bbox 1020 2887 1054 2922; x_wconf 89' lang='grc'><strong>6.</strong></span> <span class='ocrx_word' id='word_1_287' title='bbox 1079 2887 1136 2923; x_wconf 87' lang='lat' dir='ltr'><strong>De</strong></span> <span class='ocrx_word' id='word_1_288' title='bbox 1159 2886 1344 2933; x_wconf 78' lang='lat' dir='ltr'><strong>legatione</strong></span> <span class='ocrx_word' id='word_1_289' title='bbox 1360 2886 1532 2923; x_wconf 80' lang='lat' dir='ltr'><strong>Wibaldo</strong></span> <span class='ocrx_word' id='word_1_290' title='bbox 1557 2885 1724 2922; x_wconf 83' lang='lat' dir='ltr'><strong>iniuncta</strong></span> <span class='ocrx_word' id='word_1_291' title='bbox 1746 2885 1832 2922; x_wconf 83' lang='lat' dir='ltr'><strong>vide</strong></span> 
     </span>
     <span class='ocr_line' id='line_1_37' title="bbox 277 2945 1618 2994; baseline -0.001 -10"><span class='ocrx_word' id='word_1_292' title='bbox 277 2958 361 2994; x_wconf 87' lang='lat' dir='ltr'><strong>epp.</strong></span> <span class='ocrx_word' id='word_1_293' title='bbox 380 2948 448 2984; x_wconf 86' lang='lat'><strong>195</strong></span> <span class='ocrx_word' id='word_1_294' title='bbox 464 2951 502 2984; x_wconf 87' lang='lat' dir='ltr'><strong>et</strong></span> <span class='ocrx_word' id='word_1_295' title='bbox 517 2948 599 2984; x_wconf 84' lang='lat'><strong>201.</strong></span> <span class='ocrx_word' id='word_1_296' title='bbox 695 2947 727 2982; x_wconf 82' lang='lat'><strong>7.</strong></span> <span class='ocrx_word' id='word_1_297' title='bbox 753 2945 818 2983; x_wconf 88' lang='lat' dir='ltr'><strong>SS.</strong></span> <span class='ocrx_word' id='word_1_298' title='bbox 836 2946 989 2983; x_wconf 83' lang='lat' dir='ltr'><strong>Cosmae</strong></span> <span class='ocrx_word' id='word_1_299' title='bbox 1010 2949 1048 2982; x_wconf 88' lang='lat' dir='ltr'><strong>et</strong></span> <span class='ocrx_word' id='word_1_300' title='bbox 1063 2946 1243 2982; x_wconf 79' lang='lat' dir='ltr'><strong>Damiani.</strong></span> <span class='ocrx_word' id='word_1_301' title='bbox 1338 2946 1373 2982; x_wconf 85' lang='grc'><strong>8.</strong></span> <span class='ocrx_word' id='word_1_302' title='bbox 1397 2945 1443 2982; x_wconf 92' lang='lat' dir='ltr'><strong>V.</strong></span> <span class='ocrx_word' id='word_1_303' title='bbox 1460 2956 1520 2991; x_wconf 90' lang='lat' dir='ltr'><strong>ep.</strong></span> <span class='ocrx_word' id='word_1_304' title='bbox 1537 2946 1618 2982; x_wconf 84' lang='lat'><strong>194.</strong></span> 
     </span>
    </p>
   </div>
  </div>
 </body>
</html>
