1924 3288
170 293 261 329 1157

181 344 252 382 post

162 385 282 415 Ian.23

189 916 279 952 1157

193 965 282 996 Mart.

304 181 391 226 588
749 193 949 224 wmALm
976 193 1224 226 EPISTOLAE
1251 193 1322 224 455.
1343 193 1414 224 456.

423 288 582 332 Audita
611 288 905 346 appellatione,
935 288 1065 332 niehil
1087 288 1200 332 ultra
1218 289 1263 332 in
1284 301 1410 332 eausa
1427 288 1657 346 procedere·
1671 302 1860 347 presum-

306 367 489 424 psimus3
522 369 586 411 set
604 369 757 423 vestro,
789 369 910 424 pater
929 367 1176 423 venerande,
1207 366 1360 410 iudicio
1392 366 1716 411 examinandum
1733 366 1861 412 relin-

305 445 483 502 quimus.

305 587 424 634 456.
452 588 727 632 Fridericusl
738 589 964 646 imperator
979 587 1211 631 Wibaldum
1227 588 1532 645 Noviomayum
1551 595 1679 631 vocat.
1713 587 1864 636 Scribit

453 667 504 709 de
524 666 618 709 belli
632 666 762 723 Apuli
781 666 947 708 consilio
971 666 1116 708 omisso
1138 672 1176 708 et
1195 665 1246 708 de
1262 665 1563 708 Mediolanensi
1579 665 1681 709 bello
1697 666 1861 728 indicto,

453 744 604 801 Royat,
637 751 683 786 ut
699 744 905 787 Beato-icis
933 743 1206 800 imperatricis
1233 743 1412 800 siyillum
1431 743 1738 801 Aquisyranwn
1757 744 1863 803 affe-

452 829 520 865 rat
531 817 553 863 ¹.
1648 818 1720 874 (M.
1742 819 1862 876 423.)

422 910 669 954 Frederieus
699 909 780 953 Dei
809 909 946 965 gratia
967 908 1249 952 Romanorum
1278 909 1508 966 imperator
1538 923 1704 967 semper
1734 922 1863 965 augu-

305 992 395 1033 stus
415 987 641 1043 W(ibaldo)
669 986 820 1030 dilecto
842 1000 917 1030 suo
938 985 1179 1033 Corbeiensi
1199 988 1241 1030 et
1261 985 1500 1030 Stabulensi
1520 971 1668 1031 abbati
1681 987 1862 1043 gratiam

306 1081 425 1111 suam
457 1069 499 1110 et
529 1079 651 1109 omne
679 1065 848 1109 bonum.

423 1143 541 1196 Quod
569 1143 684 1187 fama
707 1142 910 1200 predicat,
942 1155 1115 1198 operum
1135 1154 1311 1186 censura
1331 1141 1535 1185 declarat:
1567 1142 1667 1199 quia
1683 1156 1863 1200 persona

304 1226 398 1279 tua,
435 1221 629 1280 plurimis
668 1223 816 1264 ornata
843 1219 1089 1275 virtutibus,
1130 1219 1384 1263 ammirabili
1420 1220 1655 1264 constantia
1690 1223 1733 1264 et
1765 1219 1863 1265 fidei

304 1301 490 1359 puritate
519 1298 741 1357 prefulget,
773 1301 897 1355 atque
927 1295 1137 1341 difficilius
1169 1297 1195 1341 a
1223 1296 1424 1341 fidelitate
1453 1297 1622 1355 imperii
1651 1311 1776 1355 quam
1799 1298 1864 1343 sol

306 1379 333 1423 a
362 1392 438 1422 sua
467 1377 658 1421 claritate
688 1375 876 1420 discedit.
918 1374 1055 1427 Quare
1085 1375 1137 1419 de
1166 1378 1241 1419 tua
1258 1375 1477 1419 honestate
1497 1377 1746 1421 omnimodis
1765 1390 1863 1422 0011-

303 1456 500 1511 fidentes,
539 1455 733 1511 graviora
767 1453 938 1511 imperii
972 1453 1140 1508 negotia
1173 1456 1245 1496 tuo
1275 1453 1489 1497 ducimus⁵
1518 1455 1738 1499 tractanda
1765 1468 1863 1500 0011-

306 1533 421 1589 silio3
463 1536 505 1577 et
541 1533 649 1576 sieut
685 1546 728 1576 es
758 1531 840 1575 fide
871 1544 919 1575 ao
947 1530 1157 1588 probitate
1185 1531 1433 1588 precipuus,
1473 1532 1534 1576 sio
1562 1535 1605 1576 te
1633 1532 1678 1576 in
1707 1533 1863 1577 nostris

305 1611 483 1668 negotiis
521 1611 706 1668 primum
744 1613 787 1655 et
825 1609 1038 1653 assiduum
1076 1623 1167 1653 esse
1204 1609 1500 1653 desideramus.
1566 1609 1684 1661 Quod
1723 1614 1863 1655 autem

304 1691 391 1734 iam
419 1690 544 1745 longo
574 1692 762 1746 tempore
792 1701 1014 1746 personam
1045 1690 1161 1731 tuam
1193 1687 1246 1730 ad
1275 1701 1351 1731 nos
1371 1687 1514 1731 venire
1541 1701 1626 1732 non
1650 1688 1861 1745 iussimus,

306 1781 432 1812 eausa
460 1767 554 1822 fuit,
587 1767 686 1823 quia
716 1766 766 1810 de
796 1765 998 1810 inmensis
1018 1765 1208 1809 Ytalioae
1238 1765 1515 1822 expeditionis
1547 1769 1590 1810 et
1618 1764 1776 1811 Grecae
1803 1766 1862 1811 10-

304 1846 485 1903 gationis
514 1845 727 1889 laboribus
756 1858 891 1901 nuper
920 1840 1158 1887 reversum²
1181 1843 1376 1887 diuturne
1406 1843 1663 1900 pausationis
1693 1843 1864 1889 lieentia

304 1923 556 1982 placandum
587 1936 677 1967 esse
708 1922 969 1979 putavimus;
1002 1934 1128 1964 eausa
1157 1921 1285 1965 etiam
1310 1921 1404 1977 fuit,
1436 1922 1534 1978 quia
1552 1935 1759 1979 nusquam
1777 1922 1861 1966 tuis

304 2001 495 2059 partibus
524 2002 571 2044 in
600 2003 765 2044 tantum
796 1999 1195 2056 approximavimus,
1225 2002 1274 2043 ut
1302 2002 1345 2043 te
1375 1999 1426 2043 ad
1458 2012 1534 2043 nos
1565 1999 1656 2044 sine
1685 1998 1862 2044 difficul-

303 2083 391 2124 tate
419 2082 494 2123 tua
521 2091 671 2122 vocare
700 2091 932 2135 possemus.

422 2156 543 2200 Nune
566 2159 718 2212 autem,
751 2155 850 2212 quia
869 2155 1013 2198 statim
1032 2157 1130 2212 post
1147 2151 1297 2212 pasoa³
1317 2168 1462 2198 versus
1481 2154 1700 2199 inferiores
1719 2158 1861 2213 partes

304 2235 385 2280 iter
425 2234 643 2290 dirigimus
653 2231 679 2290 ⁴,
718 2235 859 2278 omnia
895 2234 1008 2277 illius
1039 2233 1280 2291 provinciae
1309 2232 1477 2287 negotia
1506 2232 1737 2290 sapientiae
1765 2236 1862 2278 tuae

305 2312 479 2358 consilio
509 2315 691 2356 tractare
722 2312 928 2367 volentes,
965 2324 1181 2367 rogamus,
1218 2313 1266 2353 ut
1295 2310 1341 2353 in
1369 2310 1501 2354 tercia
1531 2310 1739 2355 dominica
1765 2314 1863 2369 post

305 2388 485 2449 paseha⁶
517 2389 629 2447 apud
657 2389 934 2446 Novimagum
964 2389 1085 2433 nobis
1116 2401 1321 2432 occurras.

423 2467 620 2512 Preterea
650 2468 756 2511 scire
786 2471 828 2511 te
848 2467 1053 2522 volumus,
1086 2466 1196 2523 quod
1226 2465 1546 2523 expeditionem,
1578 2465 1726 2522 quam*
1751 2466 1862 2524 apud

306 2542 526 2592 Wirzbur⁶
556 2545 600 2589 in
631 2544 853 2602 Apuliam⁶
882 2544 1132 2599 indiximus,
1163 2557 1215 2587 ex
1247 2557 1326 2600 quo
1358 2542 1585 2588 Greeorum
1614 2546 1780 2599 gentem
1810 2543 1862 2588 de

403 2663 430 2684 a.
458 2653 585 2684 dicimus
606 2664 632 2683 c.
728 2652 757 2682 b.
784 2652 918 2691 proxime
949 2652 1088 2682 additum
1117 2657 1161 2682 eet
1188 2652 1218 2681 ἰη
1239 2650 1386 2681 Frideria·
1410 2651 1448 2681 de
1475 2650 1579 2681 eadem
1606 2662 1637 2680 re
1658 2651 1787 2690 epistola
1809 2662 1861 2691 ap.

308 2710 443 2738 ottonem
465 2708 593 2747 Frising.
618 2705 678 2736 Vii.
699 2706 844 2736 Fridcrx'ci
863 2707 898 2735 L.
919 2707 958 2736 11.
981 2717 1006 2735 c.
1025 2705 1074 2735 30.
1157 2713 1183 2735 c.
1207 2704 1365 2744 Apuleium
1386 2715 1412 2734 c.

403 2765 435 2800 1.
460 2764 564 2800 Hane
588 2763 776 2809 epistolam
802 2763 918 2808 spatio
944 2762 1082 2798 dierum
1107 2762 1154 2798 24
1177 2765 1215 2798 et
1239 2763 1283 2798 31
1310 2761 1429 2798 Martii
1453 2760 1543 2797 1157
1570 2761 1740 2808 scriptam
1767 2771 1860 2809 esse,

306 2823 411 2860 facile
441 2823 626 2859 intellectu
656 2825 723 2859 est.
843 2823 875 2858 2.
909 2822 992 2858 ciro.
1026 2821 1060 2858 d.
1081 2822 1126 2858 13
1149 2822 1243 2858 Iunii
1268 2821 1378 2868 11563
1411 2832 1446 2857 v.
1479 2831 1589 2866 supra
1616 2832 1652 2867 p.
1670 2815 1746 2858 575'
1770 2833 1806 2857 n.
1825 2822 1859 2858 2.

307 2884 342 2919 3.
367 2883 470 2918 Mart.
496 2883 552 2918 31.
630 2882 665 2918 4.
691 2879 737 2918 cf.
754 2890 810 2926 ep.
827 2881 898 2917 448
921 2891 1031 2926 supra
1052 2892 1088 2927 p.
1106 2881 1186 2917 580.
1272 2881 1305 2917 5.
1330 2879 1419 2926 Apr.
1436 2880 1492 2916 21.
1579 2881 1613 2916 6.
1638 2880 1859 2916 Fridericum

306 2941 535 2988 Wirzeburgi
550 2941 585 2978 d.
600 2942 645 2978 16
661 2941 765 2977 Mart.
784 2940 874 2977 1157
892 2939 1015 2986 fuisse,
1032 2940 1140 2977 docet
1155 2940 1313 2986 diploma
1328 2940 1406 2976 eius
1421 2939 1457 2976 in
1474 2939 1569 2976 Mon.
1589 2939 1689 2976 Boio.
1702 2940 1765 2977 VI.
1779 2940 1858 2976 171.
