1924 3288
572 223 772 256 wmALm
799 223 1020 256 nms'roLA
1051 223 1121 255 287.
1542 210 1630 255 415

183 317 377 376 Magistri
399 317 644 378 Godeboldi,
675 320 818 366 dilecti
848 320 992 365 fratris
1022 320 1170 376 nostri,
1202 319 1314 364 vitae
1343 318 1631 363 innocentiam

64 399 108 443 et
135 397 266 442 totius
295 397 464 443 habitus
487 399 561 443 ‘sui
591 399 886 443 rectitudinem
907 402 1072 443 vestrae
1099 398 1361 442 discretionis
1384 397 1554 442 auribus
1578 411 1629 441 ex

65 476 255 522 veritatis
285 477 573 535 experimento
593 477 809 522 testificari
829 491 1065 535 possumus.
1113 476 1171 521 Et
1192 477 1242 521 de
1265 477 1508 534 importuna
1530 489 1629 532 que-

63 554 257 612 rimonia,
294 569 421 613 quam
452 555 651 600 adversus
683 570 780 601 eum
809 555 1077 600 Everhardus
1107 555 1315 613 presbiter
1346 554 1397 599 de
1428 554 1630 599 Hemerin

63 632 219 679 iniuste
249 634 454 692 suscepit,
491 634 624 678 multo
655 635 854 680 libentius
887 637 929 678 et
957 633 1123 692 plenius
1154 633 1370 678 vobiscum
1400 633 1499 678 viva
1528 646 1629 677 voce

65 724 192 768 quam
211 725 288 770 per
308 713 467 771 scripta
485 715 713 757 tractatum
733 713 996 768 haberemus,
1028 712 1066 756 si
1085 712 1200 757 locus
1223 716 1266 757 et
1285 716 1451 770 tempus
1472 711 1629 755 mutuis

62 790 202 835 verbis
241 792 601 836 accommodatum
637 792 799 836 fuisset.
847 791 1046 844 Quotiens
1087 791 1200 835 enim
1237 791 1449 848 predictus
1480 790 1629 844 E(ver-

62 868 236 925 hardus)
267 870 475 928 presbiter
514 884 539 914 a
569 871 722 915 domno
760 884 873 928 papa
901 870 1066 913 litteras
1097 869 1218 913 nobis
1251 869 1512 926 apportavit,
1552 882 1629 912 nos

61 948 203 1006 parati
220 948 377 993 fuimus
399 949 438 994 ei
456 949 669 994 iusticiam
689 950 838 993 facere.
867 948 925 992 Et
943 948 1146 1004 magister
1166 946 1466 1002 G(odeboldus)
1488 960 1629 991 coram

61 1026 184 1071 nobis
215 1030 258 1072 et
285 1030 376 1072 tota
404 1027 614 1072 Mindensi
651 1027 853 1072 aecclesia
891 1041 1010 1071 suam
1046 1026 1393 1084 expurgationem
1431 1026 1630 1070 canonice

64 1104 228 1162 obtulit,
260 1106 371 1163 quod
400 1119 478 1151 nec
503 1120 580 1164 per
608 1120 653 1150 se
672 1119 750 1150 nec
768 1120 846 1164 per
866 1105 1112 1149 summissas
1142 1118 1344 1162 personas
1375 1104 1488 1148 illius
1520 1105 1630 1148 bona

61 1197 247 1241 unquam
277 1185 540 1243 diripuisset;
573 1188 615 1230 et
643 1184 722 1228 hoc
752 1199 805 1229 ex
835 1187 979 1228 nostro
1009 1183 1251 1228 testimonio
1284 1186 1446 1227 certum
1475 1183 1628 1227 habea-

61 1263 131 1319 tis,
164 1263 276 1320 quod
306 1264 482 1308 eandem
513 1263 861 1321 expurgationem
892 1276 1034 1307 coram
1058 1263 1210 1306 domno
1231 1276 1345 1320 papa
1363 1261 1451 1305 iam
1471 1261 1629 1304 dudum

62 1340 303 1398 obtulisset,
343 1342 381 1386 si
419 1342 639 1386 continuae
678 1341 937 1386 infirmitatis
967 1341 1234 1385 imbecillitas
1265 1354 1351 1384 non
1382 1339 1626 1384 obstitisset.

61 1418 207 1478 Nuper
227 1434 340 1476 vero,
363 1421 517 1465 auditis
537 1421 690 1465 litteris
708 1421 851 1465 domni
870 1434 1007 1478 papae
1021 1417 1044 1476 ¹,
1067 1433 1170 1476 quas
1190 1419 1300 1463 idem
1324 1418 1627 1473 E(verhardus)

62 1497 218 1555 attulit,
250 1501 293 1543 et
321 1502 487 1544 vestrae
518 1500 757 1544 serenitatis
779 1499 1103 1543 commonitione
1127 1494 1434 1555 superaddita²,
1466 1500 1514 1540 ut
1544 1510 1629 1554 pax

63 1579 106 1621 et
133 1575 230 1621 finis
259 1576 415 1622 laboris
448 1578 502 1622 ad
530 1579 845 1636 prenominatas
876 1577 1118 1635 perveniret
1146 1590 1364 1634 personas,
1395 1575 1628 1633 presbitero

60 1654 338 1712 E(verhardo)
383 1657 469 1700 tria
504 1656 686 1700 talenta’
724 1670 800 1714 pro
847 1670 988 1700 amore
1034 1658 1076 1699 et
1095 1636 1103 1647 ⁴
1122 1655 1261 1712 quiete
1304 1654 1449 1698 fratris
1494 1654 1630 1697 nostri

63 1732 329 1790 G(odeb01di)
350 1735 590 1793 persolvere
609 1735 832 1790 voluimus,
854 1738 897 1778 et
918 1734 969 1778 de
991 1734 1084 1778 aliis
1105 1733 1311 1791 personis,
1335 1747 1360 1776 a
1382 1733 1531 1790 quibus
1554 1746 1630 1776 sua

62 1812 174 1857 bona
204 1814 473 1870 conqueritur
494 1813 708 1869 distracta,
741 1812 1094 1857 aecclesiasticam
1116 1825 1193 1854 nos
1213 1812 1398 1855 facturos
1418 1811 1630 1855 iusticiam

62 1892 355 1950 promisimus;
389 1906 442 1936 ex
473 1892 623 1949 quibus
654 1891 816 1935 nullam
845 1894 1011 1948 partem
1041 1903 1118 1947 pro
1150 1890 1324 1934 consilio
1354 1893 1499 1933 nostro
1531 1903 1629 1933 con-

61 1970 225 2027 tingere
253 1969 400 2026 voluit,
432 1973 497 2015 set
526 1970 708 2028 repetita
727 1969 990 2027 querimonia
1010 1969 1120 2012 sedis
1143 1968 1396 2025 apostolicae
1416 1968 1629 2012 iusticiam

63 2062 109 2093 se
139 2049 425 2107 expetiturum
456 2048 694 2093 affirmavit.
744 2048 817 2093 Set
838 2048 937 2105 quia
957 2047 1074 2105 pacis
1103 2047 1204 2091 estis
1235 2050 1398 2091 amator
1429 2050 1471 2090 et
1502 2060 1628 2104 super

62 2127 251 2172 fraterna
279 2120 524 2171 infirmitate
563 2127 822 2183 misericors,
861 2130 1028 2170 vestrae
1065 2125 1314 2183 prudentiae
1352 2124 1627 2182 supplicando

63 2205 378 2261 committimus,
409 2208 458 2248 ut
485 2205 615 2249 totius
646 2205 954 2250 controversiae
984 2204 1196 2248 turbinem
1224 2218 1302 2262 per
1321 2217 1396 2248 vos
1422 2206 1464 2247 et
1483 2206 1629 2247 nostra

62 2284 272 2342 parvitate
300 2283 513 2328 mediante
550 2284 779 2328 terminare
816 2283 1040 2327 studeatis:
1080 2286 1128 2327 ut
1158 2282 1355 2327 videlicet
1390 2282 1629 2340 predictum

61 2361 387 2418 E(verhardum)
409 2361 547 2406 verbis
567 2362 720 2405 vestris
745 2362 935 2406 districte
965 2362 1267 2406 commonitum
1298 2361 1352 2405 ad
1382 2374 1458 2404 nos
1489 2361 1627 2404 redire

63 2439 256 2497 iubeatis,
286 2444 348 2496 ut,
380 2439 569 2498 deposito
590 2439 746 2495 labore,
777 2440 966 2497 prefatae
989 2440 1277 2484 conventionis
1307 2439 1491 2483 fructum
1520 2439 1627 2482 reci-

62 2518 154 2576 piat
184 2521 227 2563 et
255 2518 307 2562 de
337 2521 498 2574 cetero,
537 2517 574 2561 si
605 2517 671 2561 vir
708 2517 840 2562 bonus
877 2518 1028 2574 fuerit,
1068 2519 1114 2561 in
1151 2531 1255 2575 pace
1294 2531 1371 2561 sua
1399 2517 1625 2575 possideat.

63 2595 183 2649 Quod
212 2596 249 2640 si
278 2595 371 2641 fieri
390 2610 475 2640 non
496 2599 648 2653 potest,
678 2596 724 2639 in
743 2595 822 2639 hoc
841 2595 1073 2639 Mindensis
1098 2595 1301 2640 aecclesia
1323 2598 1490 2639 vestrae
1520 2594 1627 2638 cari-

63 2675 164 2719 tatis
195 2675 350 2719 sentiat
369 2674 578 2730 affectum,
609 2677 658 2717 ut
686 2674 799 2730 apud
819 2673 1018 2717 domnum
1038 2687 1194 2731 papam
1214 2676 1405 2716 nostrum
1427 2672 1626 2716 dilectum

63 2751 198 2796 filium
226 2752 475 2809 magistrum
500 2751 822 2807 G(odeboldum)
855 2765 1055 2795 excusare
1084 2751 1299 2806 satagatis,
1332 2754 1374 2794 et
1403 2750 1455 2794 de
1486 2750 1625 2807 sepius

65 2830 256 2890 repetitis
278 2830 550 2888 querimoniis
575 2830 641 2874 sui
662 2830 892 2874 adversarii
913 2830 952 2874 ei
971 2842 1118 2886 pacem
1139 2842 1388 2886 componere
1409 2829 1623 2873 studeatis.

160 2924 192 3003 ἶ..
215 2915 365 3014 Ξὲέὃδ
388 2977 500 3013 supra
523 2977 560 3014 p.
578 2967 660 3003 396.
755 2967 790 3002 2.
816 2976 874 3011 ep.
891 2965 962 3002 275
987 2976 1098 3012 supra
1121 2975 1158 3011 p.
1174 2964 1257 3001 402.

1705 322 1798 358 1150

1658 372 1733 409 Aug.
1746 382 1791 401 ex.
1808 387 1841 393 —

1683 414 1766 452 Sept.
1779 414 1819 443 in.
