1924 3288
191 470 283 506 1148

178 520 251 559 Apn
271 519 289 551 5

190 1945 282 1982 1148

178 1995 288 2034 Apr.8

317 188 400 232 158
782 201 979 233 wmanm
1007 200 1256 233 nms‘ronffl
1283 200 1333 232 84.
1354 201 1405 232 85.

315 294 398 341 84.
430 295 645 354 anenius
663 297 736 340 ΙΙΙ
752 313 870 354 papa
899 298 1138 340 sententiam
1168 312 1196 340 a
1219 296 1376 341 Tboma
1406 297 1611 342 cardinali
1638 298 1684 342 in
1702 294 1872 364 Heinn-

432 389 524 416 eam
543 375 751 432 quondam
772 374 959 417 abbatem
981 374 1261 417 Corbeiensem
1281 375 1409 417 latam
1429 375 1656 435 confirmat.
1688 372 1763 428 (M.
1779 373 1869 428 67.)

430 461 643 518 Eugenius
674 462 894 519 episcopus
925 475 1070 507 servus
1102 476 1318 507 servorum
1347 463 1429 507 Dei
1458 462 1623 507 dilectis
1649 461 1748 508 filiis
1769 462 1871 508 Ocr-

313 539 548 584 beiensibus
585 539 822 595 monachis,
859 539 1003 584 liberis
1034 553 1084 585 ac
1111 540 1457 586 ministerialibus
1487 540 1667 586 salutem
1697 544 1741 586 et
1769 553 1871 599 apo·

313 617 504 662 stolicam
533 617 877 661 benedictionem.

431 694 642 747 Quantum
677 694 733 738 sit
761 695 1044 739 necessarium
1073 697 1424 740 monasteriorum
1463 695 1595 752 quieti
1629 695 1876 754 prospicere

314 775 356 816 et
385 772 436 816 de
456 786 600 816 eorum
619 772 802 817 utilitate
822 772 1000 818 sollicite
1020 774 1218 831 cogitare,
1251 778 1348 819 ante
1369 777 1510 818 actum
1531 772 1728 830 officium,
1760 773 1872 831 quod

312 850 358 893 in
396 850 588 894 abbatiae
617 850 821 906 regimine
851 852 1078 908 gessimus,
1115 866 1192 896 nos
1222 852 1434 896 informat.
1495 851 1675 909 Ideoque
1702 851 1805 910 paci
1829 853 1875 896 et

311 927 608 984 tranquillitati
638 927 902 973 Corbeiensis
941 929 1166 974 aecclesiae
1205 930 1426 988 providere
1455 929 1665 986 volentes,
1702 932 1872 975 senten-

311 1006 430 1061 tiam,
462 1019 588 1062 quam
618 1006 869 1051 venerabilis
899 1007 1030 1052 frater
1059 1003 1204 1052 noster
1233 1008 1367 1052 bonae
1396 1007 1624 1052 memoriae
1655 1006 1873 1063 Tshomas)

310 1083 519 1141 presbiter
556 1084 781 1129 cardinalis
821 1088 863 1129 et
901 1086 1155 1149 apostolicae
1193 1086 1303 1130 sedis
1328 1085 1504 1142 ‘legatus
1544 1086 1591 1130 in
1627 1084 1873 1130 Heinricum

312 1161 523 1218 quondam
553 1161 740 1206 eiusdem
768 1164 1014 1207 monasterii
1044 1164 1238 1208 abbatem
1269 1164 1402 1220 dedit,
1440 1162 1754 1220 confirmantes,
1785 1165 1873 1211 etw-

311 1239 483 1296 tuimus,
515 1240 638 1297 quod,
670 1241 708 1284 si
736 1240 848 1284 idem
876 1240 1133 1297 H(einricus)
1163 1255 1311 1300 pacem
1341 1242 1587 1286 monasterii
1605 1240 1870 1286 Corbeiensis

310 1318 558 1375 perturbare
596 1319 902 1376 presumpserit
939 1323 981 1363 et
1018 1320 1083 1364 bis
1123 1321 1307 1365 terciove
1346 1320 1622 1364 commonitus
1652 1332 1738 1364 non
1766 1319 1872 1364 resi-

310 1396 474 1454 puerit,
504 1410 590 1440 non
620 1396 756 1440 solum
785 1396 845 1440 ibi
873 1396 1050 1442 ulterius
1081 1399 1328 1456 prelationis
1359 1412 1444 1442 non
1472 1397 1643 1442 habebit
1673 1395 1870 1453 officim,-

312 1477 376 1518 set
404 1487 459 1518 ne
487 1474 708 1531 postmodo
738 1474 799 1518 ibi
827 1474 939 1519 inter
968 1476 1156 1521 subditos
1187 1479 1376 1533 maneat,
1414 1475 1697 1534 prohibemus.
1757 1474 1872 1520 Data

310 1551 452 1596 Remis
481 1551 614 1596 Nonis
643 1551 818 1610 Aprilis.

314 1687 397 1735 85.
429 1689 645 1747 Euqem'us
673 1689 749 1734 ΙΠ
769 1706 889 1748 papa
919 1690 1192 1735 Fuldensibus
1227 1691 1386 1745 scribit,
1425 1706 1545 1749 quem
1575 1691 1762 1735 abbatem
1791 1689 1870 1734 ele·

427 1769 591 1825 yissent,
623 1783 716 1810 eum
747 1784 774 1811 a
803 1784 889 1811 sese
920 1776 1229 1812 exauctoratum
1261 1785 1355 1812 esse.
1402 1769 1592 1823 Mandat,
1623 1775 1669 1812 ut
1698 1768 1872 1812 alten-mm

431 1846 618 1888 abbatem
647 1861 698 1888 ex
729 1846 863 1888 alieno
893 1848 1140 1890 monasterio
1170 1854 1343 1890 sumant.
1685 1843 1757 1901 (M.
1780 1843 1870 1900 68.)

428 1933 643 1990 Eugenius
674 1934 894 1992 episcopus
926 1949 1070 1982 servus
1101 1949 1319 1980 servorum
1348 1934 1430 1979 Dei
1460 1933 1623 1978 dilectis
1652 1932 1751 1978 filiis
1779 1946 1871 1978 mo-

311 2011 479 2067 nachis,
517 2011 661 2056 liberis
699 2015 742 2056 et
777 2012 1123 2057 ministerialibus
1153 2013 1186 2057 F
1189 2013 1374 2057 uldensis
1411 2011 1657 2057 monasterii
1692 2010 1871 2057 salutem

312 2092 355 2134 et
384 2089 657 2147 apostolicam
686 2089 1032 2134 benedictionem.
1202 2079 1211 2087 ”
1864 2139 1866 2141 ,

432 2166 479 2211 Si
517 2167 570 2210 ad
606 2167 790 2223 regenda
826 2168 1134 2213 rationabiliter
1172 2168 1363 2213 membra
1399 2167 1595 2212 discretio
1625 2167 1775 2226 capitis
1803 2166 1870 2212 in-

311 2247 430 2289 tenta
458 2258 543 2288 non
571 2244 712 2300 fuerit,
743 2246 931 2302 corporis
952 2259 1174 2304 compages
1195 2245 1400 2290 dissoluta
1418 2245 1595 2290 nutabit.
1641 2244 1870 2302 Postquam

304 2322 441 2378 igitur
477 2321 698 2366 Fuldensis
741 2322 943 2367 aecclesia
979 2324 1151 2382 proprio
1190 2324 1271 2367 fuit
1307 2324 1466 2368 nudata
1500 2326 1670 2381 pastore
1681 2319 1706 2379 ¹,
1744 2335 1869 2367 curae

312 2399 433 2445 nobis
463 2399 545 2444 fuit
571 2399 786 2456 fratribus,
818 2400 890 2457 qui
917 2405 1134 2458 presentes
1162 2405 1294 2458 erant,
1325 2402 1423 2446 viva
1442 2414 1542 2445 voce
1561 2400 1792 2458 precipere,
1821 2403 1871 2445 ut

314 2478 366 2523 de
405 2477 486 2522 alio
525 2477 727 2535 claustro,
772 2492 855 2522 uno
895 2480 1123 2537 eodemque
1161 2493 1366 2524 consensu
1402 2477 1531 2522 talem
1567 2476 1869 2535 preficiendum

314 2556 395 2601 sibi
426 2556 620 2600 abbatem
651 2555 865 2612 eligerent,
895 2570 972 2614 per
1002 2571 1127 2614 quem
1156 2557 1201 2600 in
1231 2556 1431 2601 Fuldensi
1459 2555 1726 2612 monasterio,
1757 2554 1869 2612 quod

313 2634 496 2692 pastoris
526 2633 690 2679 incuria
717 2637 805 2678 tam
824 2634 870 2677 in
891 2635 1180 2691 spiritualibus
1202 2648 1328 2692 quam
1347 2635 1393 2678 in
1412 2632 1711 2691 temporalibus
1730 2632 1870 2678 fuerat

314 2712 588 2768 diminutum,
627 2714 748 2768 grata
776 2711 866 2756 Deo
903 2726 1028 2756 verae
1065 2712 1280 2768 religionis
1320 2710 1484 2756 cultura
1518 2713 1663 2768 posset
1698 2713 1868 2762 anctore

315 2789 496 2834 Domino
526 2789 766 2834 restaurari.
804 2788 890 2833 Vos
920 2803 1019 2834 vero
1050 2794 1197 2834 contra
1225 2790 1405 2834 formam
1434 2788 1568 2832 nostri
1596 2787 1785 2832 mandati
1814 2787 1867 2832 de

314 2871 454 2912 vestro
493 2867 674 2912 claustro
711 2863 929 2911 abbatem²
959 2866 1112 2923 eligere
1149 2867 1486 2926 presumpsistis,
1524 2865 1597 2922 qui
1631 2866 1759 2910 etiam
1786 2878 1866 2923 pro

410 2950 442 2986 1.
467 2948 605 2986 Alolfo.
699 2950 732 2985 2.
757 2948 979 2995 Roggerum.
