1924 3288
535 204 732 237 WIBALDI
761 205 1010 237 Ems'ronffl
1038 205 1108 235 218.
1132 205 1202 235 219.
1562 193 1646 237 337

93 297 210 350 218.
239 301 453 345 Conradus
482 301 555 346 ΠΙ
582 317 657 345 rex
693 301 919 345 Emanueli
951 301 1207 345 Graecorum
1243 302 1486 359 imperatori
1520 300 1649 344 Hein-

235 379 368 423 recum
415 381 650 438 episcopum
696 380 1054 434 Ratisbonensem,
1102 378 1432 438 Hierosolymam
1478 386 1649 432 euntem,

238 459 504 501 commendat.
1435 455 1507 511 (Μ.
1531 456 1650 510 216.)

209 545 458 601 C(onradus)
494 547 575 591 Dei
619 547 756 603 gratia
791 546 1076 590 Romanorum
1121 546 1351 603 imperator
1397 549 1440 590 et
1485 559 1652 603 semper
1666 554 1877 591 1149-1150

91 627 292 679 augustus
321 624 591 669 dilectissimo
621 625 666 668 in
687 624 852 668 Christo
880 625 1002 668 fratri
1031 638 1105 668 suo
1126 623 1385 679 E(manueli)
1405 624 1652 681 imperatori

91 689 320 746 Grecorum
363 703 730 760 prepotentissimo
779 703 1114 747 indissolubilem
1159 702 1371 746 fraternae
1417 702 1652 747 dilectionis

92 778 298 824 affectum.

207 857 364 902 Fidelis
394 862 537 903 noster
567 859 787 916 episcopus
819 858 1158 916 Ratisponensis,
1189 862 1288 903 tuae
1317 858 1529 903 nobilitati
1560 858 1652 915 plu-

91 935 246 980 rimum
277 935 427 992 affinis,
458 936 557 980 licet
576 937 621 980 in
640 937 765 981 rebus
785 937 955 994 imperii
980 938 1115 980 nostri
1135 937 1365 994 plurimum
1385 937 1507 980 nobis
1529 949 1653 993 opor-

90 1017 217 1058 timus
238 1018 349 1058 esset
368 1018 410 1059 et
430 1016 684 1072 commodus,
716 1016 895 1059 detineri
917 1019 1060 1059 tamen
1081 1029 1348 1072 nequaquam
1367 1015 1519 1072 potuit,
1552 1015 1653 1071 quin

91 1092 143 1137 ob
173 1091 272 1136 fidei
301 1093 495 1138 ardorem
533 1097 575 1138 et
613 1094 855 1138 exsolvendi
884 1095 972 1138 voti
1003 1093 1258 1139 desiderium
1288 1093 1365 1137 sub
1397 1093 1516 1148 signo
1548 1091 1653 1135 Cru-

91 1169 205 1214 cifixi
234 1170 556 1215 Hierosolimam
593 1172 794 1216 tenderet.
859 1171 1012 1228 Quem,
1053 1172 1107 1216 ad
1136 1175 1233 1215 tuae
1264 1171 1526 1216 celsitudinis
1557 1184 1653 1228 pre-

91 1249 271 1293 sentiam
300 1250 550 1306 venientem,
581 1264 659 1307 pro
683 1254 851 1294 nostrae
872 1250 1108 1294 dilectionis
1133 1251 1374 1294 interventu
1397 1249 1521 1293 solita
1549 1248 1653 1292 libe-

90 1327 257 1371 ralitate
278 1328 479 1385 suscipies
509 1331 563 1383 et,
594 1328 784 1372 adiutum
803 1329 849 1372 in
867 1329 933 1372 his
949 1342 1056 1386 quae
1071 1343 1148 1372 sua
1167 1328 1395 1373 necessitas
1416 1327 1656 1385 poposcerit

91 1409 180 1450 tam
208 1419 285 1463 per
314 1419 462 1449 manus
491 1409 590 1450 tuae
619 1407 924 1464 protectionem
952 1421 1077 1464 quam
1107 1421 1185 1464 per
1214 1406 1457 1464 principum
1486 1408 1656 1449 tuorum

92 1483 302 1541 suffragia,
334 1483 511 1528 hilarem
543 1484 596 1528 ad
626 1485 692 1528 sui
721 1485 931 1543 propositi
962 1484 1156 1530 effectum
1186 1485 1386 1529 dimitteS.

95 1625 212 1673 219.
240 1628 474 1673 Hartwious
513 1629 844 1687 archiepiscopus
874 1629 1197 1688 Hamburyensis
1236 1629 1425 1673 Wibaldo
1456 1630 1653 1683 rescribit,

240 1724 283 1751 se
314 1708 422 1751 diem
450 1709 647 1763 statuisse,
681 1723 764 1766 qua
786 1708 947 1751 Adonis
977 1709 1134 1752 abbatis
1164 1706 1499 1766 Rosenfeldensis
1531 1723 1657 1749 causa

241 1793 441 1843 ayeretur.
1440 1783 1511 1838 (M.
1536 1783 1655 1837 232.)

213 1867 483 1922 H(artwicus)
515 1870 683 1911 sanctae
702 1867 1131 1924 Hammenburgensis
1161 1867 1386 1911 aecclesiae
1418 1867 1561 1911 divina
1592 1880 1657 1910 so-
1673 1873 1883 1909 1149-1150

92 1945 182 1990 lum
210 1945 500 1989 misericordia
530 1946 567 1989 si
588 1946 689 2002 quid
710 1949 773 1990 est
793 1946 943 1990 dilecto
967 1960 1015 1990 ac
1034 1945 1266 1990 venerabili
1286 1945 1410 1988 fratri
1428 1943 1657 1998 wibaldo)

94 2024 407 2069 Corbeiensium
445 2023 527 2067 Dei
561 2024 697 2079 gratia
731 2025 960 2069 reverendo
1009 2025 1151 2069 abbati
1195 2023 1362 2067 firmam
1406 2023 1453 2066 in
1490 2021 1658 2066 Christo

94 2102 358 2147 dilectionem
388 2115 484 2146 cum
515 2101 661 2145 salute.

212 2180 394 2224 Litteras
424 2179 702 2223 fraternitatis
733 2183 911 2237 vestrae,
943 2180 1123 2224 hornatu
1147 2179 1370 2224 verborum
1401 2183 1443 2223 et
1472 2178 1656 2236 pondere

95 2259 402 2303 sentenciamm
421 2257 567 2315 plenas
580 2254 603 2313 ¹,
634 2257 679 2301 in
699 2258 892 2314 proximo
916 2258 1157 2315 diligentius
1181 2261 1510 2316 perscrutantes,
1543 2270 1657 2300 acce-

95 2338 254 2395 pimus,
285 2337 518 2381 innotuisse
547 2335 679 2391 vobis,
712 2335 905 2380 abbatem
936 2337 986 2380 de
1016 2334 1245 2381 Rosvelde²
1278 2351 1304 2380 a
1334 2336 1415 2380 sibi
1446 2335 1657 2389 subiectis,

95 2416 308 2472 preposito
338 2414 533 2459 videlicet
572 2417 614 2457 et
650 2414 799 2457 ceteris
836 2414 918 2458 loci
953 2414 1067 2458 illius
1105 2415 1327 2470 fratribus,
1369 2414 1459 2457 sine
1494 2414 1657 2456 ratione

97 2506 145 2537 ac
182 2494 272 2537 sine
310 2493 463 2536 iudicio
500 2492 590 2536 loco
622 2495 664 2535 et
695 2492 899 2547 dignitate
930 2506 1006 2536 sua
1034 2493 1165 2537 fuisse
1194 2494 1409 2550 privatum
1439 2495 1481 2535 et
1512 2490 1657 2547 expul-

96 2584 209 2626 sum3
240 2571 350 2615 unde
379 2570 554 2628 provide
585 2569 753 2626 quidem
781 2570 883 2613 satis
904 2570 1024 2615 nobis
1046 2572 1325 2627 suggessistis,
1358 2570 1561 2626 dignitate
1583 2582 1658 2611 sua

98 2662 147 2693 ac
183 2649 445 2706 possessione
483 2662 578 2692 eum
616 2648 867 2691 relnvestiri.
931 2648 1003 2692 Set
1038 2649 1178 2705 legum
1210 2648 1414 2706 capitula,
1457 2660 1563 2703 quae
1594 2647 1657 2688 in-

98 2727 296 2783 duxistis,
327 2741 428 2771 vera
458 2727 625 2783 quidem
657 2729 774 2782 sunt,
814 2728 879 2769 set
906 2740 990 2770 non
1020 2726 1098 2771 hac
1127 2728 1171 2770 in
1202 2741 1248 2771 re
1278 2726 1418 2769 locum
1447 2724 1655 2767 habentia.

96 2803 267 2849 Etenim
309 2808 472 2849 vestrae
516 2805 716 2860 legationi
761 2804 963 2848 intererat
1009 2805 1260 2849 venerabilis
1308 2803 1657 2858 Havelbergensis

99 2882 322 2927 aecclesiae
352 2883 609 2938 A(nselmus)
650 2882 870 2939 episcopus
908 2895 1003 2926 cum
1033 2884 1229 2927 universo
1260 2886 1429 2926 nostrae
1461 2880 1658 2924 ecclesiae

192 2965 227 3000 1.
252 2975 310 3010 ep.
329 2965 395 3000 161
422 2975 532 3010 supra
556 2975 592 3010 p.
609 2964 691 3000 267.
787 2964 821 3000 2.
846 2962 1015 3001 Adonem
1039 2964 1210 3002 abbatem
1234 2962 1574 3001 Rosenfeldensem.

156 3028 260 3064 simi,
283 3031 470 3059 Bibliotheca
491 3032 512 3059 1.
1303 3030 1350 3066 22
