1924 3288
639 216 838 248 wmALm
867 215 1116 248 Brisa-orm
1573 203 1660 246 609

97 309 284 357 aedificio
315 315 358 356 et
387 324 472 356 non
494 311 556 355 ita
581 311 747 369 pridem
767 312 1009 370 pavimento
1029 312 1243 366 renovat0‚
1273 308 1435 367 lapides
1457 309 1663 354 eiusmodi

94 389 247 434 tumuli
275 389 337 434 ita
366 392 574 434 vetustate
612 390 747 434 attriti
775 390 946 434 fuerunt
983 388 1163 446 reperti,
1203 391 1252 432 ut
1287 387 1394 431 nihil
1433 401 1485 432 ex
1517 388 1577 431 eis
1609 386 1663 431 ad

96 467 288 512 decorem
328 467 527 511 ecclesiae
563 468 749 525 potuerit
785 468 942 512 ibidem
981 466 1175 523 relinqui.
1227 465 1316 518 Quo
1355 479 1440 510 non
1470 466 1663 510 obstante

95 545 345 589 immortalis
377 549 440 589 est
470 546 674 590 memoria
702 546 838 602 illius,
879 545 978 602 quia
1017 548 1059 589 et
1098 545 1210 602 apud
1241 545 1367 589 deum
1395 547 1498 589 nota
1528 547 1592 588 est
1623 546 1665 588 et
1710 588 1714 591 ,

99 623 211 680 apud
240 623 442 668 homines.
1659 681 1661 683 Ι

217 702 427 760 Deinceps
466 703 517 746 de
555 703 739 760 epistolis
778 703 1051 760 aperiendum
1087 709 1146 745 eet
1175 702 1361 745 Wibalcli
1388 703 1554 745 nomine
1584 715 1663 758 ap-

95 779 276 837 pellatis.

216 858 321 902 Fuit
357 860 466 901 enim
504 860 551 902 in
583 859 774 902 Wibalclo
815 860 923 902 inter
960 859 1131 901 virtute8
1170 866 1323 901 ceterae
1362 866 1448 901 tam
1477 857 1666 915 provida

99 950 262 993 quoque
292 945 329 980 et
359 937 504 980 eollere
535 937 756 994 diliqentia
787 945 874 980 tum
905 937 963 979 ad
984 937 1213 993 propriam
1251 944 1338 979 tum
1367 937 1426 979 ad
1448 935 1667 993 publicam

97 1029 186 1057 rem
208 1016 439 1071 pertinens,
471 1023 518 1058 ut
545 1030 631 1058 non
660 1016 783 1058 modo
815 1017 923 1058 eicut
950 1014 1030 1057 alii
1048 1014 1171 1057 multi
1190 1014 1356 1058 abbates
1377 1013 1668 1057 coenobiorum

99 1103 270 1135 cuorum
290 1093 523 1150 diplomata
543 1093 788 1150 tabulaeque
810 1094 1033 1137 custodiret
1052 1094 1233 1137 etudioee
1245 1089 1269 1146 ¹,
1302 1093 1375 1136 sed
1398 1091 1669 1149 epistolarum

101 1172 224 1214 etiam
255 1178 293 1214 et
321 1171 404 1213 sibi
433 1171 660 1214 allatarum
691 1180 728 1215 et
758 1173 816 1215 acl
846 1171 952 1214 alios
983 1173 1208 1214 missarum
1239 1179 1276 1214 et
1288 1170 1560 1228 publicarum
1582 1178 1669 1213 tum

101 1264 128 1291 a
157 1263 242 1291 8888
260 1248 551 1305 formatarum
581 1258 668 1292 tum
698 1266 725 1292 a
754 1249 921 1306 reyibuc
951 1258 1216 1307 acceptarum
1237 1249 1425 1307 exempla
1446 1249 1666 1306 colliyeret.

103 1323 385 1384 Reperimu⁸²‚
418 1329 523 1370 inito
555 1342 666 1370 anno
699 1327 820 1370 1147
852 1327 1089 1371 Wbaldum
1118 1328 1409 1385 suscipiendae
1433 1328 1491 1370 ad
1503 1341 1670 1385 papam

102 1404 302 1461 leyationi
329 1406 509 1448 maxime
539 1406 735 1448 idoneum
765 1406 864 1448 inde
894 1406 1082 1449 habitum
1113 1420 1218 1459 8888,
1260 1407 1374 1462 quod
1403 1405 1603 1463 „publica
1634 1413 1672 1448 et

94 1484 269 1540 privata
298 1485 408 1539 reqis
441 1481 650 1536 (Conradi
678 1482 775 1537 III)
807 1485 993 1540 neqocia,
1026 1485 1073 1526 in
1106 1484 1302 1527 Romana
1333 1485 1453 1526 curia
1480 1491 1667 1540 peracta,

100 1575 230 1603 manu
249 1562 384 1618 ipeiuc
405 1559 432 1614 (
439 1560 640 1615 Wibaldzy
659 1561 850 1617 fuieeent
869 1569 1065 1612 exarata5
1097 1570 1135 1605 et
1155 1562 1305 1605 horum
1329 1563 1514 1605 omnium
1535 1576 1669 1604 emem-

94 1638 245 1695 plaria
268 1653 398 1695 penes
421 1654 512 1682 eum
530 1648 745 1682 manerent
757 1639 794 1681 “.
843 1639 933 1682 Nec
958 1640 1068 1694 latet,
1101 1642 1189 1683 iam
1210 1640 1350 1683 eodem
1362 1641 1671 1697 propemodum

102 1724 283 1773 tempore
313 1733 341 1759 a
382 1716 571 1760 Wibaldo
604 1719 728 1760 etiam
750 1719 1022 1774 privatarum
1051 1733 1224 1761 suarum
1262 1718 1533 1775 epistolarum
1564 1733 1668 1775 apo—

99 1794 281 1851 9raplta,
313 1809 420 1851 quae
441 1803 766 1848 coacervaverat,
789 1797 936 1838 amicis
957 1797 1218 1839 commodata
1239 1791 1357 1839 e88e⁸.
1405 1795 1467 1839 At
1487 1797 1671 1839 omnium

103 1872 251 1915 horum
279 1881 635 1916 monumentorum
659 1881 754 1916 ante
773 1875 914 1930 ipsum
933 1889 1092 1916 annum
1119 1874 1240 1918 1147
1262 1890 1290 1916 a
1316 1873 1506 1917 Wibaldo
1527 1882 1669 1918 nostro

103 1950 349 1994 collatorum
377 1952 465 1993 nisi
491 1959 692 1994 maestum
722 1952 974 1994 deeiderium
1003 1952 1112 1995 nihil
1142 1960 1201 1995 eet
1230 1951 1350 1995 nobis
1379 1952 1581 1995 relictum.

224 2029 443 2071 Remancit
476 2044 572 2072 vero
610 2044 742 2087 ueque
779 2030 836 2072 acl
873 2029 981 2072 hunc
1019 2030 1129 2072 diem
1167 2030 1296 2073 codex
1333 2030 1669 2073 membranaceu8

105 2108 320 2150 octonaria
342 2121 469 2163 quam
489 2108 634 2150 dicunt
650 2107 816 2163 forma,
836 2107 1051 2164 foliorum
1070 2107 1171 2161 161,
1205 2109 1282 2164 qui
1302 2108 1471 2164 perdito
1498 2108 1668 2151 eaor-dio

105 2185 225 2242 lonqe
255 2186 483 2227 mavimam
514 2200 670 2238 earum,
705 2200 811 2242 quae
842 2201 973 2243 cupra
1003 2200 1053 2228 em
1083 2186 1219 2243 spatio
1247 2199 1455 2228 annorum
1485 2185 1607 2229 1147
1633 2194 1672 2229 et

104 2262 227 2306 1157
258 2263 460 2306 habentur
490 2264 760 2321 epietolarum
787 2271 951 2320 partem
983 2263 1161 2316 exhibet,
1204 2264 1379 2306 diver8i8
1416 2263 1547 2307 ceculi
1574 2262 1676 2306 XII

103 2341 296 2383 manibus
327 2342 387 2383 cic
418 2349 708 2395 exaratarum„
749 2349 796 2384 ut
824 2341 956 2398 plane
986 2343 1258 2398 perspicuum
1287 2342 1362 2394 sit,
1403 2342 1585 2384 codicem
1616 2342 1668 2384 ab

103 2420 196 2476 ipso
229 2419 419 2462 Wibaldo
450 2418 579 2461 scribi
606 2420 766 2461 iussum
796 2433 892 2462 8888.
955 2418 1213 2463 Servabatur
1244 2420 1372 2462 codex
1403 2421 1567 2462 circiter
1597 2433 1668 2462 ex-

105 2505 221 2540 eunte
251 2496 386 2540 seculo
407 2496 453 2538 X
461 2495 560 2538 Vin
583 2496 776 2539 coenobio
798 2497 1182 2540 Malmundarienci
1190 2493 1204 2514 ⁴
1211 2512 1226 2548 ;
1244 2496 1341 2554 fuit
1363 2498 1527 2540 circiter
1557 2511 1668 2540 anno

200 2614 232 2649 1.
258 2614 304 2651 V.
330 2612 479 2649 Roberti
504 2612 633 2648 decani
658 2611 883 2649 stabulensis
908 2623 965 2659 ep.
983 2614 1051 2649 301
1078 2623 1189 2659 supra
1211 2624 1247 2660 p.
1261 2613 1344 2650 429.
1355 2613 1444 2649 430:
1472 2612 1668 2660 „quoniam

105 2671 259 2708 domnus
295 2672 409 2708 abbas
440 2671 659 2715 (Wibaldus)
698 2671 821 2718 abest,
857 2672 894 2708 in
930 2672 1034 2708 cuius
1069 2671 1236 2708 custodia
1273 2675 1310 2708 et
1343 2675 1525 2718 potestate
1561 2672 1669 2718 privi-

105 2731 200 2777 legia
231 2732 406 2768 ecclesiae
438 2734 583 2767 nostrae
616 2730 727 2766 sunt“
755 2751 799 2757 -—
919 2732 952 2767 2.
986 2730 1256 2777 Chronograph.
1282 2730 1389 2768 Corb.
1420 2742 1530 2777 supra
1553 2742 1589 2777 p.
1610 2731 1668 2767 54.

105 2791 138 2826 3.
170 2791 216 2827 V.
242 2801 298 2837 ep.
317 2792 361 2827 31
394 2801 504 2836 supra
534 2802 569 2836 p.
590 2791 658 2825 108
690 2801 725 2825 n.
745 2790 778 2825 3.
899 2790 934 2826 4.
969 2790 1182 2836 Descriptus
1215 2791 1311 2827 enim
1343 2791 1485 2827 circiter
1514 2793 1669 2826 exeunte

106 2850 227 2886 seculo
252 2851 324 2887 XV
349 2861 368 2886 e
394 2850 519 2886 codice
550 2850 610 2884 illo
642 2848 917 2885 membranaceo
948 2849 1065 2885 codex
1097 2849 1372 2886 chartaceus
1404 2849 1480 2895 (qui
1504 2850 1540 2885 in
1564 2849 1669 2885 tabu-

103 2908 194 2944 lario
219 2910 318 2955 regio
335 2909 558 2945 Berolinensi
583 2907 738 2944 habetur
754 2908 936 2953 signatus:
962 2909 990 2944 I.
1007 2908 1053 2944 D.
1071 2908 1108 2944 in
1124 2909 1171 2944 4⁰
1188 2909 1235 2945 ad
1259 2920 1294 2945 n.
1316 2909 1374 2953 18)
1399 2909 1669 2954 inscriptionem

105 2967 254 3012 praebet
277 2967 388 3004 hanc:
424 2968 661 3014 „Monasterii
687 2966 912 3004 stabulensis
939 2967 1031 3004 liber
1062 2967 1180 3004 dictus
1205 2968 1409 3015 Epistolare
1432 2967 1569 3005 domini
1592 2968 1668 3005 Wi-

165 3032 268 3065 amri,
293 3034 482 3063 Bibliotheca
504 3036 526 3063 1.
1338 3034 1383 3069 39
