<?xml version="1.0" encoding="UTF-8"?>
<!DOCTYPE html PUBLIC "-//W3C//DTD XHTML 1.0 Transitional//EN"
    "http://www.w3.org/TR/xhtml1/DTD/xhtml1-transitional.dtd">
<html xmlns="http://www.w3.org/1999/xhtml" xml:lang="en" lang="en">
 <head>
  <title>
</title>
<meta http-equiv="Content-Type" content="text/html;charset=utf-8" />
  <meta name='ocr-system' content='tesseract 3.04.00' />
  <meta name='ocr-capabilities' content='ocr_page ocr_carea ocr_par ocr_line ocrx_word'/>
</head>
<body>
  <div class='ocr_page' id='page_1' title='image "bibliothecarerum01wattuoft_0293.png"; bbox 0 0 1924 3288; ppageno 0'>
   <div class='ocr_carea' id='block_1_1' title="bbox 560 206 1621 253">
    <p class='ocr_par' dir='ltr' id='par_1_1' title="bbox 560 206 1621 253">
     <span class='ocr_line' id='line_1_1' title="bbox 560 206 1621 253; baseline -0.003 0"><span class='ocrx_word' id='word_1_1' title='bbox 560 221 760 253; x_wconf 76' lang='lat' dir='ltr'>vvaLm</span> <span class='ocrx_word' id='word_1_2' title='bbox 787 220 1008 253; x_wconf 77' lang='lat' dir='ltr'>EPISTOLA</span> <span class='ocrx_word' id='word_1_3' title='bbox 1040 221 1109 251; x_wconf 80' lang='lat'>166.</span> <span class='ocrx_word' id='word_1_4' title='bbox 1533 206 1621 251; x_wconf 81' lang='lat'>275</span> 
     </span>
    </p>
   </div>
   <div class='ocr_carea' id='block_1_2' title="bbox 57 315 1622 454">
    <p class='ocr_par' dir='ltr' id='par_1_2' title="bbox 57 315 1622 454">
     <span class='ocr_line' id='line_1_2' title="bbox 57 315 1622 376; baseline -0.004 -13"><span class='ocrx_word' id='word_1_5' title='bbox 57 315 173 363; x_wconf 83' lang='grc'>166.</span> <span class='ocrx_word' id='word_1_6' title='bbox 200 318 474 376; x_wconf 68' lang='grc' dir='ltr'>Μωιεροῖἀαε</span> <span class='ocrx_word' id='word_1_7' title='bbox 519 319 739 361; x_wconf 75' lang='lat' dir='ltr'>canonicus</span> <span class='ocrx_word' id='word_1_8' title='bbox 777 319 1128 362; x_wconf 76' lang='lat' dir='ltr'>Paderbornensis</span> <span class='ocrx_word' id='word_1_9' title='bbox 1166 315 1346 360; x_wconf 73' lang='lat' dir='ltr'>Wibaldi</span> <span class='ocrx_word' id='word_1_10' title='bbox 1392 315 1622 358; x_wconf 75' lang='lat' dir='ltr'><em>doctrinam</em></span> 
     </span>
     <span class='ocr_line' id='line_1_3' title="bbox 198 390 1622 454; baseline -0.003 -16"><span class='ocrx_word' id='word_1_11' title='bbox 198 396 467 454; x_wconf 73' lang='lat' dir='ltr'>virtutemque</span> <span class='ocrx_word' id='word_1_12' title='bbox 497 397 653 439; x_wconf 80' lang='lat' dir='ltr'>laudat.</span> <span class='ocrx_word' id='word_1_13' title='bbox 1405 390 1478 446; x_wconf 88' lang='lat' dir='ltr'>(M.</span> <span class='ocrx_word' id='word_1_14' title='bbox 1505 392 1622 446; x_wconf 88' lang='grc'>146.)</span> 
     </span>
    </p>
   </div>
   <div class='ocr_carea' id='block_1_3' title="bbox 170 480 1743 540">
    <p class='ocr_par' dir='ltr' id='par_1_3' title="bbox 170 480 1743 540">
     <span class='ocr_line' id='line_1_4' title="bbox 170 480 1743 540; baseline -0.001 -12"><span class='ocrx_word' id='word_1_15' title='bbox 170 482 352 528; x_wconf 91' lang='lat' dir='ltr'>Domino</span> <span class='ocrx_word' id='word_1_16' title='bbox 389 484 616 540; x_wconf 90' lang='lat' dir='ltr'>W(ibaldo)</span> <span class='ocrx_word' id='word_1_17' title='bbox 655 484 886 529; x_wconf 80' lang='lat' dir='ltr'>venerabili</span> <span class='ocrx_word' id='word_1_18' title='bbox 923 483 1240 528; x_wconf 88' lang='lat' dir='ltr'>Corbeiensium</span> <span class='ocrx_word' id='word_1_19' title='bbox 1282 482 1423 527; x_wconf 88' lang='lat' dir='ltr'>abbati</span> <span class='ocrx_word' id='word_1_20' title='bbox 1462 480 1624 536; x_wconf 89' lang='lat' dir='ltr'>M(ane-</span> <span class='ocrx_word' id='word_1_21' title='bbox 1650 490 1743 526; x_wconf 86' lang='lat'>1149</span> 
     </span>
    </p>
   </div>
   <div class='ocr_carea' id='block_1_4' title="bbox 53 559 1643 2648">
    <p class='ocr_par' dir='ltr' id='par_1_4' title="bbox 53 559 1622 619">
     <span class='ocr_line' id='line_1_5' title="bbox 53 559 1622 619; baseline -0.003 -13"><span class='ocrx_word' id='word_1_22' title='bbox 53 562 217 619; x_wconf 86' lang='lat' dir='ltr'>goldus)</span> <span class='ocrx_word' id='word_1_23' title='bbox 248 577 362 619; x_wconf 88' lang='lat' dir='ltr'>suus,</span> <span class='ocrx_word' id='word_1_24' title='bbox 393 563 439 607; x_wconf 91' lang='lat' dir='ltr'>in</span> <span class='ocrx_word' id='word_1_25' title='bbox 459 563 651 607; x_wconf 92' lang='lat' dir='ltr'>omnibus</span> <span class='ocrx_word' id='word_1_26' title='bbox 675 563 860 618; x_wconf 78' lang='lat' dir='ltr'>negociis</span> <span class='ocrx_word' id='word_1_27' title='bbox 891 566 1068 619; x_wconf 88' lang='lat' dir='ltr'>utraque</span> <span class='ocrx_word' id='word_1_28' title='bbox 1100 575 1228 605; x_wconf 89' lang='lat' dir='ltr'>manu</span> <span class='ocrx_word' id='word_1_29' title='bbox 1258 561 1322 604; x_wconf 91' lang='lat' dir='ltr'>uti</span> <span class='ocrx_word' id='word_1_30' title='bbox 1351 574 1429 618; x_wconf 89' lang='lat' dir='ltr'>pro</span> <span class='ocrx_word' id='word_1_31' title='bbox 1460 559 1622 603; x_wconf 87' lang='lat' dir='ltr'>dextra.</span> 
     </span>
    </p>

    <p class='ocr_par' dir='ltr' id='par_1_5' title="bbox 53 637 1643 2648">
     <span class='ocr_line' id='line_1_6' title="bbox 172 637 1625 696; baseline -0.003 -11"><span class='ocrx_word' id='word_1_32' title='bbox 172 640 376 693; x_wconf 85' lang='lat' dir='ltr'>Quociens</span> <span class='ocrx_word' id='word_1_33' title='bbox 396 640 595 685; x_wconf 79' lang='lat' dir='ltr'>Mercurii</span> <span class='ocrx_word' id='word_1_34' title='bbox 627 644 668 684; x_wconf 90' lang='lat' dir='ltr'>et</span> <span class='ocrx_word' id='word_1_35' title='bbox 687 640 945 695; x_wconf 86' lang='lat' dir='ltr'>Philologiae</span> <span class='ocrx_word' id='word_1_36' title='bbox 977 640 1231 696; x_wconf 88' lang='lat' dir='ltr'>coniugium,</span> <span class='ocrx_word' id='word_1_37' title='bbox 1263 642 1384 683; x_wconf 89' lang='lat' dir='ltr'>tanta</span> <span class='ocrx_word' id='word_1_38' title='bbox 1408 651 1509 682; x_wconf 91' lang='lat' dir='ltr'>cura</span> <span class='ocrx_word' id='word_1_39' title='bbox 1528 637 1625 681; x_wconf 89' lang='lat' dir='ltr'>Vir—</span> 
     </span>
     <span class='ocr_line' id='line_1_7' title="bbox 53 718 1626 777; baseline -0.003 -14"><span class='ocrx_word' id='word_1_40' title='bbox 53 719 156 763; x_wconf 88' lang='lat' dir='ltr'>tutis</span> <span class='ocrx_word' id='word_1_41' title='bbox 192 722 235 763; x_wconf 91' lang='lat' dir='ltr'>et</span> <span class='ocrx_word' id='word_1_42' title='bbox 263 719 474 777; x_wconf 85' lang='lat' dir='ltr'>Apollinis</span> <span class='ocrx_word' id='word_1_43' title='bbox 507 719 717 775; x_wconf 90' lang='lat' dir='ltr'>quesitum</span> <span class='ocrx_word' id='word_1_44' title='bbox 748 721 790 762; x_wconf 88' lang='lat' dir='ltr'>et</span> <span class='ocrx_word' id='word_1_45' title='bbox 821 719 936 761; x_wconf 91' lang='lat' dir='ltr'>omni</span> <span class='ocrx_word' id='word_1_46' title='bbox 967 722 1197 762; x_wconf 75' lang='lat' dir='ltr'>conventu³</span> <span class='ocrx_word' id='word_1_47' title='bbox 1229 718 1404 762; x_wconf 89' lang='lat' dir='ltr'>deorum</span> <span class='ocrx_word' id='word_1_48' title='bbox 1435 729 1626 773; x_wconf 91' lang='lat' dir='ltr'>compro-</span> 
     </span>
     <span class='ocr_line' id='line_1_8' title="bbox 53 794 1628 853; baseline -0.004 -11"><span class='ocrx_word' id='word_1_49' title='bbox 53 797 199 842; x_wconf 86' lang='lat' dir='ltr'>batum</span> <span class='ocrx_word' id='word_1_50' title='bbox 211 795 234 853; x_wconf 86' lang='lat'>¹,</span> <span class='ocrx_word' id='word_1_51' title='bbox 267 797 498 852; x_wconf 91' lang='lat' dir='ltr'>considero,</span> <span class='ocrx_word' id='word_1_52' title='bbox 531 797 632 840; x_wconf 92' lang='lat' dir='ltr'>dum</span> <span class='ocrx_word' id='word_1_53' title='bbox 662 797 773 839; x_wconf 91' lang='lat' dir='ltr'>inter</span> <span class='ocrx_word' id='word_1_54' title='bbox 805 796 888 839; x_wconf 90' lang='lat' dir='ltr'>alia</span> <span class='ocrx_word' id='word_1_55' title='bbox 913 799 1077 853; x_wconf 86' lang='lat' dir='ltr'>septem</span> <span class='ocrx_word' id='word_1_56' title='bbox 1097 796 1379 853; x_wconf 89' lang='lat' dir='ltr'>Nimpharum</span> <span class='ocrx_word' id='word_1_57' title='bbox 1401 794 1628 838; x_wconf 87' lang='lat' dir='ltr'>adventum</span> 
     </span>
     <span class='ocr_line' id='line_1_9' title="bbox 55 872 1628 933; baseline -0.003 -13"><span class='ocrx_word' id='word_1_58' title='bbox 55 876 267 933; x_wconf 89' lang='lat' dir='ltr'>perpendo</span> <span class='ocrx_word' id='word_1_59' title='bbox 299 878 341 919; x_wconf 89' lang='lat' dir='ltr'>et</span> <span class='ocrx_word' id='word_1_60' title='bbox 371 874 632 931; x_wconf 86' lang='lat' dir='ltr'>singularum</span> <span class='ocrx_word' id='word_1_61' title='bbox 661 874 943 931; x_wconf 81' lang='lat' dir='ltr'>proprietates</span> <span class='ocrx_word' id='word_1_62' title='bbox 976 874 1161 930; x_wconf 93' lang='lat' dir='ltr'>attendo,</span> <span class='ocrx_word' id='word_1_63' title='bbox 1195 873 1414 931; x_wconf 86' lang='lat' dir='ltr'>amplexus</span> <span class='ocrx_word' id='word_1_64' title='bbox 1446 876 1534 916; x_wconf 88' lang='lat' dir='ltr'>tam</span> <span class='ocrx_word' id='word_1_65' title='bbox 1557 872 1628 915; x_wconf 89' lang='lat' dir='ltr'>de-</span> 
     </span>
     <span class='ocr_line' id='line_1_10' title="bbox 55 950 1629 1008; baseline -0.003 -11"><span class='ocrx_word' id='word_1_66' title='bbox 55 953 291 998; x_wconf 89' lang='lat' dir='ltr'>siderabilis</span> <span class='ocrx_word' id='word_1_67' title='bbox 323 953 507 1008; x_wconf 90' lang='lat' dir='ltr'>coniugii</span> <span class='ocrx_word' id='word_1_68' title='bbox 536 966 622 995; x_wconf 92' lang='lat' dir='ltr'>non</span> <span class='ocrx_word' id='word_1_69' title='bbox 653 951 891 996; x_wconf 87' lang='lat' dir='ltr'>carnalibus</span> <span class='ocrx_word' id='word_1_70' title='bbox 922 952 1105 996; x_wconf 91' lang='lat' dir='ltr'>brachiis</span> <span class='ocrx_word' id='word_1_71' title='bbox 1138 952 1347 996; x_wconf 88' lang='lat' dir='ltr'>exhibitos</span> <span class='ocrx_word' id='word_1_72' title='bbox 1368 950 1487 995; x_wconf 92' lang='lat' dir='ltr'>vobis</span> <span class='ocrx_word' id='word_1_73' title='bbox 1510 950 1629 994; x_wconf 91' lang='lat' dir='ltr'>attri-</span> 
     </span>
     <span class='ocr_line' id='line_1_11' title="bbox 55 1029 1631 1088; baseline -0.003 -12"><span class='ocrx_word' id='word_1_74' title='bbox 55 1031 151 1088; x_wconf 88' lang='lat' dir='ltr'>buo,</span> <span class='ocrx_word' id='word_1_75' title='bbox 183 1031 283 1075; x_wconf 92' lang='lat' dir='ltr'>dum</span> <span class='ocrx_word' id='word_1_76' title='bbox 305 1031 438 1075; x_wconf 84' lang='lat' dir='ltr'>tocius</span> <span class='ocrx_word' id='word_1_77' title='bbox 460 1030 750 1088; x_wconf 82' lang='lat' dir='ltr'>philosophiae</span> <span class='ocrx_word' id='word_1_78' title='bbox 769 1029 929 1086; x_wconf 91' lang='lat' dir='ltr'>florem,</span> <span class='ocrx_word' id='word_1_79' title='bbox 963 1030 1064 1073; x_wconf 93' lang='lat' dir='ltr'>dum</span> <span class='ocrx_word' id='word_1_80' title='bbox 1086 1033 1127 1073; x_wconf 88' lang='lat' dir='ltr'>et</span> <span class='ocrx_word' id='word_1_81' title='bbox 1149 1030 1382 1074; x_wconf 91' lang='lat' dir='ltr'>divinitatis</span> <span class='ocrx_word' id='word_1_82' title='bbox 1405 1033 1447 1073; x_wconf 93' lang='lat' dir='ltr'>et</span> <span class='ocrx_word' id='word_1_83' title='bbox 1468 1032 1631 1086; x_wconf 78' lang='lat' dir='ltr'>septem</span> 
     </span>
     <span class='ocr_line' id='line_1_12' title="bbox 54 1105 1631 1166; baseline -0.002 -13"><span class='ocrx_word' id='word_1_84' title='bbox 54 1109 293 1155; x_wconf 87' lang='lat' dir='ltr'>liberalium</span> <span class='ocrx_word' id='word_1_85' title='bbox 323 1109 479 1153; x_wconf 88' lang='lat' dir='ltr'>artium</span> <span class='ocrx_word' id='word_1_86' title='bbox 509 1111 552 1152; x_wconf 90' lang='lat' dir='ltr'>et</span> <span class='ocrx_word' id='word_1_87' title='bbox 579 1109 767 1152; x_wconf 91' lang='lat' dir='ltr'>omnium</span> <span class='ocrx_word' id='word_1_88' title='bbox 787 1105 1160 1166; x_wconf 76' lang='lat' dir='ltr'>pedissequarum²</span> <span class='ocrx_word' id='word_1_89' title='bbox 1182 1108 1402 1152; x_wconf 86' lang='lat' dir='ltr'>scientiam</span> <span class='ocrx_word' id='word_1_90' title='bbox 1425 1107 1538 1164; x_wconf 92' lang='lat' dir='ltr'>apud</span> <span class='ocrx_word' id='word_1_91' title='bbox 1556 1120 1631 1150; x_wconf 89' lang='lat' dir='ltr'>vos</span> 
     </span>
     <span class='ocr_line' id='line_1_13' title="bbox 57 1185 1633 1244; baseline -0.003 -12"><span class='ocrx_word' id='word_1_92' title='bbox 57 1191 99 1232; x_wconf 92' lang='lat' dir='ltr'>et</span> <span class='ocrx_word' id='word_1_93' title='bbox 130 1188 358 1232; x_wconf 87' lang='lat' dir='ltr'>armarium</span> <span class='ocrx_word' id='word_1_94' title='bbox 390 1187 528 1231; x_wconf 89' lang='lat' dir='ltr'>studio</span> <span class='ocrx_word' id='word_1_95' title='bbox 558 1187 726 1230; x_wconf 89' lang='lat' dir='ltr'>invenio</span> <span class='ocrx_word' id='word_1_96' title='bbox 759 1187 1039 1244; x_wconf 90' lang='lat' dir='ltr'>aptissimum.</span> <span class='ocrx_word' id='word_1_97' title='bbox 1155 1185 1304 1230; x_wconf 85' lang='lat' dir='ltr'>Preter</span> <span class='ocrx_word' id='word_1_98' title='bbox 1333 1185 1442 1229; x_wconf 90' lang='lat' dir='ltr'>hanc</span> <span class='ocrx_word' id='word_1_99' title='bbox 1473 1185 1633 1243; x_wconf 89' lang='lat' dir='ltr'>specia-</span> 
     </span>
     <span class='ocr_line' id='line_1_14' title="bbox 56 1263 1633 1322; baseline -0.002 -13"><span class='ocrx_word' id='word_1_100' title='bbox 56 1265 141 1310; x_wconf 89' lang='lat' dir='ltr'>lem</span> <span class='ocrx_word' id='word_1_101' title='bbox 170 1265 423 1309; x_wconf 91' lang='lat' dir='ltr'>industriam</span> <span class='ocrx_word' id='word_1_102' title='bbox 452 1265 694 1322; x_wconf 80' lang='lat' dir='ltr'>predicatur</span> <span class='ocrx_word' id='word_1_103' title='bbox 725 1265 776 1309; x_wconf 91' lang='lat' dir='ltr'>de</span> <span class='ocrx_word' id='word_1_104' title='bbox 806 1265 925 1309; x_wconf 92' lang='lat' dir='ltr'>vobis</span> <span class='ocrx_word' id='word_1_105' title='bbox 958 1264 1164 1320; x_wconf 91' lang='lat' dir='ltr'>accidens,</span> <span class='ocrx_word' id='word_1_106' title='bbox 1201 1263 1320 1308; x_wconf 90' lang='lat' dir='ltr'>vobis</span> <span class='ocrx_word' id='word_1_107' title='bbox 1351 1263 1633 1320; x_wconf 85' lang='lat' dir='ltr'>inseparabile</span> 
     </span>
     <span class='ocr_line' id='line_1_15' title="bbox 59 1340 1633 1407; baseline -0.003 -19"><span class='ocrx_word' id='word_1_108' title='bbox 59 1347 101 1388; x_wconf 90' lang='lat' dir='ltr'>et</span> <span class='ocrx_word' id='word_1_109' title='bbox 129 1344 301 1402; x_wconf 70' lang='lat' dir='ltr'>proprie</span> <span class='ocrx_word' id='word_1_110' title='bbox 331 1343 565 1400; x_wconf 89' lang='lat' dir='ltr'>proprium,</span> <span class='ocrx_word' id='word_1_111' title='bbox 598 1343 758 1407; x_wconf 75' lang='lat' dir='ltr'>scilicet</span> <span class='ocrx_word' id='word_1_112' title='bbox 788 1357 954 1386; x_wconf 90' lang='lat' dir='ltr'>morum</span> <span class='ocrx_word' id='word_1_113' title='bbox 986 1342 1195 1387; x_wconf 87' lang='lat' dir='ltr'>excellens</span> <span class='ocrx_word' id='word_1_114' title='bbox 1224 1341 1475 1398; x_wconf 84' lang='lat' dir='ltr'>ingenuitas.</span> <span class='ocrx_word' id='word_1_115' title='bbox 1521 1340 1633 1393; x_wconf 83' lang='lat' dir='ltr'>Quos</span> 
     </span>
     <span class='ocr_line' id='line_1_16' title="bbox 60 1419 1635 1480; baseline -0.003 -14"><span class='ocrx_word' id='word_1_116' title='bbox 60 1436 154 1467; x_wconf 92' lang='lat' dir='ltr'>cum</span> <span class='ocrx_word' id='word_1_117' title='bbox 191 1422 343 1480; x_wconf 79' lang='lat' dir='ltr'>phisici</span> <span class='ocrx_word' id='word_1_118' title='bbox 378 1422 607 1465; x_wconf 90' lang='lat' dir='ltr'>secundum</span> <span class='ocrx_word' id='word_1_119' title='bbox 638 1421 861 1478; x_wconf 87' lang='lat' dir='ltr'>qualitates</span> <span class='ocrx_word' id='word_1_120' title='bbox 893 1419 1256 1478; x_wconf 79' lang='lat' dir='ltr'>complexionumh</span> <span class='ocrx_word' id='word_1_121' title='bbox 1287 1419 1468 1477; x_wconf 86' lang='lat' dir='ltr'>probent</span> <span class='ocrx_word' id='word_1_122' title='bbox 1497 1419 1635 1463; x_wconf 91' lang='lat' dir='ltr'>diver-</span> 
     </span>
     <span class='ocr_line' id='line_1_17' title="bbox 60 1498 1633 1557; baseline -0.003 -13"><span class='ocrx_word' id='word_1_123' title='bbox 60 1500 227 1556; x_wconf 86' lang='lat' dir='ltr'>sificari,</span> <span class='ocrx_word' id='word_1_124' title='bbox 259 1499 382 1543; x_wconf 88' lang='lat' dir='ltr'>facile</span> <span class='ocrx_word' id='word_1_125' title='bbox 411 1500 585 1557; x_wconf 90' lang='lat' dir='ltr'>probari</span> <span class='ocrx_word' id='word_1_126' title='bbox 614 1503 768 1557; x_wconf 90' lang='lat' dir='ltr'>potest,</span> <span class='ocrx_word' id='word_1_127' title='bbox 799 1513 874 1543; x_wconf 92' lang='lat' dir='ltr'>vos</span> <span class='ocrx_word' id='word_1_128' title='bbox 896 1499 1057 1556; x_wconf 90' lang='lat' dir='ltr'>optima</span> <span class='ocrx_word' id='word_1_129' title='bbox 1078 1498 1369 1556; x_wconf 80' lang='lat' dir='ltr'>complexione</span> <span class='ocrx_word' id='word_1_130' title='bbox 1388 1498 1633 1554; x_wconf 89' lang='lat' dir='ltr'>temperari.</span> 
     </span>
     <span class='ocr_line' id='line_1_18' title="bbox 59 1573 1635 1635; baseline -0.003 -12"><span class='ocrx_word' id='word_1_131' title='bbox 59 1579 145 1623; x_wconf 89' lang='lat' dir='ltr'>Vos</span> <span class='ocrx_word' id='word_1_132' title='bbox 175 1578 317 1634; x_wconf 88' lang='lat' dir='ltr'>igitur,</span> <span class='ocrx_word' id='word_1_133' title='bbox 351 1578 422 1635; x_wconf 90' lang='lat' dir='ltr'>qui</span> <span class='ocrx_word' id='word_1_134' title='bbox 452 1591 537 1621; x_wconf 91' lang='lat' dir='ltr'>non</span> <span class='ocrx_word' id='word_1_135' title='bbox 569 1578 670 1621; x_wconf 87' lang='lat' dir='ltr'>estis</span> <span class='ocrx_word' id='word_1_136' title='bbox 703 1576 920 1621; x_wconf 91' lang='lat' dir='ltr'>dealbatus</span> <span class='ocrx_word' id='word_1_137' title='bbox 951 1577 997 1620; x_wconf 89' lang='lat' dir='ltr'>in</span> <span class='ocrx_word' id='word_1_138' title='bbox 1020 1573 1219 1634; x_wconf 79' lang='lat' dir='ltr'>pariete³,</span> <span class='ocrx_word' id='word_1_139' title='bbox 1253 1579 1316 1620; x_wconf 92' lang='lat' dir='ltr'>set</span> <span class='ocrx_word' id='word_1_140' title='bbox 1336 1576 1456 1631; x_wconf 85' lang='lat' dir='ltr'>niger</span> <span class='ocrx_word' id='word_1_141' title='bbox 1477 1576 1523 1618; x_wconf 90' lang='lat' dir='ltr'>in</span> <span class='ocrx_word' id='word_1_142' title='bbox 1545 1589 1635 1619; x_wconf 91' lang='lat' dir='ltr'>cor-</span> 
     </span>
     <span class='ocr_line' id='line_1_19' title="bbox 61 1653 1636 1714; baseline -0.003 -14"><span class='ocrx_word' id='word_1_143' title='bbox 61 1657 176 1714; x_wconf 90' lang='lat' dir='ltr'>poris</span> <span class='ocrx_word' id='word_1_144' title='bbox 207 1654 440 1714; x_wconf 89' lang='lat' dir='ltr'>superficic,</span> <span class='ocrx_word' id='word_1_145' title='bbox 471 1656 581 1699; x_wconf 90' lang='lat' dir='ltr'>mira</span> <span class='ocrx_word' id='word_1_146' title='bbox 603 1656 819 1711; x_wconf 88' lang='lat' dir='ltr'>virtutum,</span> <span class='ocrx_word' id='word_1_147' title='bbox 851 1655 1051 1699; x_wconf 88' lang='lat' dir='ltr'>scientiae</span> <span class='ocrx_word' id='word_1_148' title='bbox 1082 1658 1124 1698; x_wconf 91' lang='lat' dir='ltr'>et</span> <span class='ocrx_word' id='word_1_149' title='bbox 1153 1668 1320 1698; x_wconf 87' lang='lat' dir='ltr'>morum</span> <span class='ocrx_word' id='word_1_150' title='bbox 1342 1654 1534 1697; x_wconf 90' lang='lat' dir='ltr'>claritate</span> <span class='ocrx_word' id='word_1_151' title='bbox 1555 1653 1636 1696; x_wconf 81' lang='lat' dir='ltr'>ful-</span> 
     </span>
     <span class='ocr_line' id='line_1_20' title="bbox 62 1732 1636 1791; baseline -0.001 -14"><span class='ocrx_word' id='word_1_152' title='bbox 62 1734 169 1790; x_wconf 90' lang='lat' dir='ltr'>getis</span> <span class='ocrx_word' id='word_1_153' title='bbox 199 1734 244 1777; x_wconf 91' lang='lat' dir='ltr'>in</span> <span class='ocrx_word' id='word_1_154' title='bbox 273 1737 454 1791; x_wconf 88' lang='lat' dir='ltr'>pectore.</span> <span class='ocrx_word' id='word_1_155' title='bbox 517 1733 704 1785; x_wconf 85' lang='lat' dir='ltr'>Quorum</span> <span class='ocrx_word' id='word_1_156' title='bbox 735 1733 923 1776; x_wconf 90' lang='lat' dir='ltr'>omnium</span> <span class='ocrx_word' id='word_1_157' title='bbox 955 1733 1011 1789; x_wconf 92' lang='lat' dir='ltr'>si,</span> <span class='ocrx_word' id='word_1_158' title='bbox 1050 1736 1255 1789; x_wconf 91' lang='lat' dir='ltr'>quantum</span> <span class='ocrx_word' id='word_1_159' title='bbox 1286 1732 1451 1788; x_wconf 90' lang='lat' dir='ltr'>scirem,</span> <span class='ocrx_word' id='word_1_160' title='bbox 1483 1732 1636 1789; x_wconf 89' lang='lat' dir='ltr'>proba-</span> 
     </span>
     <span class='ocr_line' id='line_1_21' title="bbox 63 1809 1636 1868; baseline -0.001 -13"><span class='ocrx_word' id='word_1_161' title='bbox 63 1812 199 1855; x_wconf 87' lang='lat' dir='ltr'>tiones</span> <span class='ocrx_word' id='word_1_162' title='bbox 230 1825 472 1868; x_wconf 82' lang='lat' dir='ltr'>exequerer,</span> <span class='ocrx_word' id='word_1_163' title='bbox 503 1811 747 1855; x_wconf 83' lang='lat' dir='ltr'>favorabilic</span> <span class='ocrx_word' id='word_1_164' title='bbox 773 1825 876 1854; x_wconf 79' lang='lat' dir='ltr'>aura</span> <span class='ocrx_word' id='word_1_165' title='bbox 897 1825 1018 1854; x_wconf 91' lang='lat' dir='ltr'>aures</span> <span class='ocrx_word' id='word_1_166' title='bbox 1039 1814 1202 1854; x_wconf 91' lang='lat' dir='ltr'>vestras</span> <span class='ocrx_word' id='word_1_167' title='bbox 1221 1810 1422 1866; x_wconf 90' lang='lat' dir='ltr'>liniendo,</span> <span class='ocrx_word' id='word_1_168' title='bbox 1456 1809 1507 1853; x_wconf 91' lang='lat' dir='ltr'>de</span> <span class='ocrx_word' id='word_1_169' title='bbox 1528 1810 1636 1853; x_wconf 91' lang='lat' dir='ltr'>vicio</span> 
     </span>
     <span class='ocr_line' id='line_1_22' title="bbox 65 1888 1639 1946; baseline -0.001 -13"><span class='ocrx_word' id='word_1_170' title='bbox 65 1889 317 1933; x_wconf 84' lang='lat' dir='ltr'>adulationis</span> <span class='ocrx_word' id='word_1_171' title='bbox 350 1892 391 1932; x_wconf 92' lang='lat' dir='ltr'>et</span> <span class='ocrx_word' id='word_1_172' title='bbox 420 1889 619 1946; x_wconf 88' lang='lat' dir='ltr'>yperbole</span> <span class='ocrx_word' id='word_1_173' title='bbox 649 1888 812 1932; x_wconf 84' lang='lat' dir='ltr'>notari‘¹</span> <span class='ocrx_word' id='word_1_174' title='bbox 843 1889 1038 1932; x_wconf 90' lang='lat' dir='ltr'>timerem</span> <span class='ocrx_word' id='word_1_175' title='bbox 1069 1891 1111 1932; x_wconf 90' lang='lat' dir='ltr'>et</span> <span class='ocrx_word' id='word_1_176' title='bbox 1141 1888 1378 1946; x_wconf 89' lang='lat' dir='ltr'>epistolaris</span> <span class='ocrx_word' id='word_1_177' title='bbox 1400 1888 1639 1945; x_wconf 88' lang='lat' dir='ltr'>compendii</span> 
     </span>
     <span class='ocr_line' id='line_1_23' title="bbox 64 1966 1638 2023; baseline -0.001 -12"><span class='ocrx_word' id='word_1_178' title='bbox 64 1971 221 2011; x_wconf 89' lang='lat' dir='ltr'>metam</span> <span class='ocrx_word' id='word_1_179' title='bbox 253 1967 507 2011; x_wconf 82' lang='lat' dir='ltr'>excederem.</span> <span class='ocrx_word' id='word_1_180' title='bbox 557 1966 603 2010; x_wconf 87' lang='lat' dir='ltr'>Si</span> <span class='ocrx_word' id='word_1_181' title='bbox 634 1967 763 2022; x_wconf 88' lang='lat' dir='ltr'>igitur</span> <span class='ocrx_word' id='word_1_182' title='bbox 795 1966 954 2022; x_wconf 89' lang='lat' dir='ltr'>aliquid</span> <span class='ocrx_word' id='word_1_183' title='bbox 983 1967 1217 2023; x_wconf 87' lang='lat' dir='ltr'>perfectum</span> <span class='ocrx_word' id='word_1_184' title='bbox 1246 1970 1399 2010; x_wconf 88' lang='lat' dir='ltr'>natura</span> <span class='ocrx_word' id='word_1_185' title='bbox 1425 1966 1470 2009; x_wconf 92' lang='lat' dir='ltr'>in</span> <span class='ocrx_word' id='word_1_186' title='bbox 1490 1966 1638 2009; x_wconf 90' lang='lat' dir='ltr'>huma-</span> 
     </span>
     <span class='ocr_line' id='line_1_24' title="bbox 65 2044 1639 2102; baseline -0.001 -13"><span class='ocrx_word' id='word_1_187' title='bbox 65 2046 131 2089; x_wconf 86' lang='lat' dir='ltr'>nis</span> <span class='ocrx_word' id='word_1_188' title='bbox 163 2045 527 2089; x_wconf 87' lang='lat' dir='ltr'>adinventionibus</span> <span class='ocrx_word' id='word_1_189' title='bbox 559 2044 844 2102; x_wconf 84' lang='lat' dir='ltr'>expolivisset,</span> <span class='ocrx_word' id='word_1_190' title='bbox 874 2045 993 2088; x_wconf 90' lang='lat' dir='ltr'>vobis</span> <span class='ocrx_word' id='word_1_191' title='bbox 1025 2045 1211 2102; x_wconf 86' lang='lat' dir='ltr'>profecto</span> <span class='ocrx_word' id='word_1_192' title='bbox 1242 2044 1434 2102; x_wconf 89' lang='lat' dir='ltr'>plenaria</span> <span class='ocrx_word' id='word_1_193' title='bbox 1456 2058 1542 2088; x_wconf 94' lang='lat' dir='ltr'>non</span> <span class='ocrx_word' id='word_1_194' title='bbox 1568 2044 1639 2087; x_wconf 89' lang='lat' dir='ltr'>de-</span> 
     </span>
     <span class='ocr_line' id='line_1_25' title="bbox 67 2122 1640 2181; baseline -0.001 -14"><span class='ocrx_word' id='word_1_195' title='bbox 67 2127 177 2168; x_wconf 88' lang='lat' dir='ltr'>esset</span> <span class='ocrx_word' id='word_1_196' title='bbox 213 2123 436 2181; x_wconf 82' lang='lat' dir='ltr'>perfecti03</span> <span class='ocrx_word' id='word_1_197' title='bbox 476 2136 572 2166; x_wconf 92' lang='lat' dir='ltr'>cum</span> <span class='ocrx_word' id='word_1_198' title='bbox 610 2125 753 2166; x_wconf 89' lang='lat' dir='ltr'>tamen</span> <span class='ocrx_word' id='word_1_199' title='bbox 790 2122 921 2166; x_wconf 90' lang='lat' dir='ltr'>nichil</span> <span class='ocrx_word' id='word_1_200' title='bbox 959 2123 1249 2166; x_wconf 88' lang='lat' dir='ltr'>emendatione</span> <span class='ocrx_word' id='word_1_201' title='bbox 1287 2122 1462 2178; x_wconf 90' lang='lat' dir='ltr'>dignum</span> <span class='ocrx_word' id='word_1_202' title='bbox 1492 2122 1560 2166; x_wconf 90' lang='lat' dir='ltr'>vel</span> <span class='ocrx_word' id='word_1_203' title='bbox 1595 2122 1640 2164; x_wconf 90' lang='lat' dir='ltr'>in</span> 
     </span>
     <span class='ocr_line' id='line_1_26' title="bbox 66 2199 1640 2256; baseline -0.001 -11"><span class='ocrx_word' id='word_1_204' title='bbox 66 2201 185 2245; x_wconf 90' lang='lat' dir='ltr'>vobis</span> <span class='ocrx_word' id='word_1_205' title='bbox 217 2201 284 2244; x_wconf 90' lang='lat' dir='ltr'>vel</span> <span class='ocrx_word' id='word_1_206' title='bbox 314 2201 359 2244; x_wconf 89' lang='lat' dir='ltr'>in</span> <span class='ocrx_word' id='word_1_207' title='bbox 390 2201 513 2243; x_wconf 92' lang='lat' dir='ltr'>domo</span> <span class='ocrx_word' id='word_1_208' title='bbox 544 2199 612 2244; x_wconf 93' lang='lat' dir='ltr'>vel</span> <span class='ocrx_word' id='word_1_209' title='bbox 641 2201 686 2243; x_wconf 91' lang='lat' dir='ltr'>in</span> <span class='ocrx_word' id='word_1_210' title='bbox 715 2200 890 2256; x_wconf 86' lang='lat' dir='ltr'>familia,</span> <span class='ocrx_word' id='word_1_211' title='bbox 922 2200 1053 2243; x_wconf 92' lang='lat' dir='ltr'>nichil</span> <span class='ocrx_word' id='word_1_212' title='bbox 1083 2201 1251 2243; x_wconf 92' lang='lat' dir='ltr'>omnino</span> <span class='ocrx_word' id='word_1_213' title='bbox 1272 2200 1340 2243; x_wconf 90' lang='lat' dir='ltr'>vel</span> <span class='ocrx_word' id='word_1_214' title='bbox 1369 2200 1415 2243; x_wconf 91' lang='lat' dir='ltr'>in</span> <span class='ocrx_word' id='word_1_215' title='bbox 1446 2203 1640 2243; x_wconf 91' lang='lat' dir='ltr'>contento</span> 
     </span>
     <span class='ocr_line' id='line_1_27' title="bbox 69 2278 1639 2335; baseline -0.001 -12"><span class='ocrx_word' id='word_1_216' title='bbox 69 2279 138 2323; x_wconf 87' lang='lat' dir='ltr'>vel</span> <span class='ocrx_word' id='word_1_217' title='bbox 156 2279 201 2322; x_wconf 93' lang='lat' dir='ltr'>in</span> <span class='ocrx_word' id='word_1_218' title='bbox 225 2279 477 2334; x_wconf 77' lang='lat' dir='ltr'>continente,</span> <span class='ocrx_word' id='word_1_219' title='bbox 511 2278 622 2334; x_wconf 90' lang='lat' dir='ltr'>quod</span> <span class='ocrx_word' id='word_1_220' title='bbox 652 2278 776 2321; x_wconf 93' lang='lat' dir='ltr'>modo</span> <span class='ocrx_word' id='word_1_221' title='bbox 809 2292 904 2321; x_wconf 93' lang='lat' dir='ltr'>cum</span> <span class='ocrx_word' id='word_1_222' title='bbox 936 2278 1162 2322; x_wconf 89' lang='lat' dir='ltr'>artificiosa</span> <span class='ocrx_word' id='word_1_223' title='bbox 1193 2278 1328 2334; x_wconf 85' lang='lat' dir='ltr'>surgit</span> <span class='ocrx_word' id='word_1_224' title='bbox 1350 2278 1639 2335; x_wconf 90' lang='lat' dir='ltr'>dispositione,</span> 
     </span>
     <span class='ocr_line' id='line_1_28' title="bbox 70 2355 1642 2413; baseline -0.002 -12"><span class='ocrx_word' id='word_1_225' title='bbox 70 2357 363 2412; x_wconf 84' lang='lat' dir='ltr'>corrigendum</span> <span class='ocrx_word' id='word_1_226' title='bbox 402 2356 654 2411; x_wconf 89' lang='lat' dir='ltr'>invenerim,</span> <span class='ocrx_word' id='word_1_227' title='bbox 695 2355 779 2399; x_wconf 92' lang='lat' dir='ltr'>nisi</span> <span class='ocrx_word' id='word_1_228' title='bbox 818 2356 1019 2413; x_wconf 91' lang='lat' dir='ltr'>quiddam</span> <span class='ocrx_word' id='word_1_229' title='bbox 1058 2362 1203 2400; x_wconf 90' lang='lat' dir='ltr'>contra</span> <span class='ocrx_word' id='word_1_230' title='bbox 1243 2356 1559 2413; x_wconf 88' lang='lat' dir='ltr'>ortographiam</span> <span class='ocrx_word' id='word_1_231' title='bbox 1597 2356 1642 2398; x_wconf 92' lang='lat' dir='ltr'>in</span> 
     </span>
     <span class='ocr_line' id='line_1_29' title="bbox 71 2431 1643 2492; baseline -0.001 -14"><span class='ocrx_word' id='word_1_232' title='bbox 71 2434 384 2492; x_wconf 89' lang='lat' dir='ltr'>superliminari</span> <span class='ocrx_word' id='word_1_233' title='bbox 416 2434 612 2478; x_wconf 92' lang='lat' dir='ltr'>australis</span> <span class='ocrx_word' id='word_1_234' title='bbox 643 2431 828 2489; x_wconf 76' lang='lat' dir='ltr'>ianuae⁴,</span> <span class='ocrx_word' id='word_1_235' title='bbox 866 2434 977 2490; x_wconf 91' lang='lat' dir='ltr'>quod</span> <span class='ocrx_word' id='word_1_236' title='bbox 1006 2447 1091 2477; x_wconf 91' lang='lat' dir='ltr'>non</span> <span class='ocrx_word' id='word_1_237' title='bbox 1123 2448 1174 2477; x_wconf 92' lang='lat' dir='ltr'>ex</span> <span class='ocrx_word' id='word_1_238' title='bbox 1204 2434 1444 2489; x_wconf 88' lang='lat' dir='ltr'>ignorantia</span> <span class='ocrx_word' id='word_1_239' title='bbox 1474 2448 1560 2477; x_wconf 93' lang='lat' dir='ltr'>non</span> <span class='ocrx_word' id='word_1_240' title='bbox 1591 2447 1643 2476; x_wconf 82' lang='lat' dir='ltr'>ex</span> 
     </span>
     <span class='ocr_line' id='line_1_30' title="bbox 71 2511 1640 2569; baseline -0.001 -13"><span class='ocrx_word' id='word_1_241' title='bbox 71 2512 348 2569; x_wconf 87' lang='lat' dir='ltr'>negligentia,</span> <span class='ocrx_word' id='word_1_242' title='bbox 388 2516 452 2556; x_wconf 90' lang='lat' dir='ltr'>set</span> <span class='ocrx_word' id='word_1_243' title='bbox 491 2526 543 2556; x_wconf 83' lang='lat' dir='ltr'>ex</span> <span class='ocrx_word' id='word_1_244' title='bbox 580 2511 743 2568; x_wconf 84' lang='lat' dir='ltr'>aliqua,</span> <span class='ocrx_word' id='word_1_245' title='bbox 786 2525 913 2568; x_wconf 86' lang='lat' dir='ltr'>quam</span> <span class='ocrx_word' id='word_1_246' title='bbox 943 2511 1097 2567; x_wconf 88' lang='lat' dir='ltr'>nostis,</span> <span class='ocrx_word' id='word_1_247' title='bbox 1136 2512 1295 2555; x_wconf 82' lang='lat' dir='ltr'>factum</span> <span class='ocrx_word' id='word_1_248' title='bbox 1327 2515 1391 2555; x_wconf 90' lang='lat' dir='ltr'>est</span> <span class='ocrx_word' id='word_1_249' title='bbox 1419 2511 1640 2554; x_wconf 90' lang='lat' dir='ltr'>industria.</span> 
     </span>
     <span class='ocr_line' id='line_1_31' title="bbox 72 2588 1643 2648; baseline -0.002 -14"><span class='ocrx_word' id='word_1_250' title='bbox 72 2590 250 2648; x_wconf 86' lang='lat' dir='ltr'>Propter</span> <span class='ocrx_word' id='word_1_251' title='bbox 287 2590 390 2634; x_wconf 85' lang='lat' dir='ltr'>haec</span> <span class='ocrx_word' id='word_1_252' title='bbox 428 2590 570 2633; x_wconf 92' lang='lat' dir='ltr'>omnia</span> <span class='ocrx_word' id='word_1_253' title='bbox 599 2589 712 2633; x_wconf 92' lang='lat' dir='ltr'>ultra</span> <span class='ocrx_word' id='word_1_254' title='bbox 742 2603 867 2645; x_wconf 90' lang='lat' dir='ltr'>quam</span> <span class='ocrx_word' id='word_1_255' title='bbox 899 2589 981 2632; x_wconf 90' lang='lat' dir='ltr'>dici</span> <span class='ocrx_word' id='word_1_256' title='bbox 1012 2589 1079 2632; x_wconf 92' lang='lat' dir='ltr'>vel</span> <span class='ocrx_word' id='word_1_257' title='bbox 1109 2588 1224 2632; x_wconf 88' lang='lat' dir='ltr'>credi</span> <span class='ocrx_word' id='word_1_258' title='bbox 1253 2592 1393 2646; x_wconf 89' lang='lat' dir='ltr'>potest</span> <span class='ocrx_word' id='word_1_259' title='bbox 1427 2589 1533 2631; x_wconf 91' lang='lat' dir='ltr'>mihi</span> <span class='ocrx_word' id='word_1_260' title='bbox 1572 2589 1643 2632; x_wconf 92' lang='lat' dir='ltr'>de-</span> 
     </span>
    </p>
   </div>
   <div class='ocr_carea' id='block_1_5' title="bbox 76 2677 1644 2902">
    <p class='ocr_par' dir='ltr' id='par_1_6' title="bbox 171 2677 1471 2718">
     <span class='ocr_line' id='line_1_32' title="bbox 171 2677 1471 2718; baseline -0.002 -7"><span class='ocrx_word' id='word_1_261' title='bbox 171 2690 198 2711; x_wconf 80' lang='lat' dir='ltr'>a.</span> <span class='ocrx_word' id='word_1_262' title='bbox 226 2678 370 2710; x_wconf 62' lang='lat' dir='ltr'>convent‘*</span> <span class='ocrx_word' id='word_1_263' title='bbox 389 2692 414 2710; x_wconf 87' lang='lat' dir='ltr'>c.</span> <span class='ocrx_word' id='word_1_264' title='bbox 498 2680 528 2710; x_wconf 92' lang='lat' dir='ltr'>b.</span> <span class='ocrx_word' id='word_1_265' title='bbox 558 2679 793 2718; x_wconf 86' lang='lat' dir='ltr'>completionum</span> <span class='ocrx_word' id='word_1_266' title='bbox 815 2679 883 2708; x_wconf 85' lang='lat' dir='ltr'>cod.</span> <span class='ocrx_word' id='word_1_267' title='bbox 968 2687 994 2708; x_wconf 89' lang='lat' dir='ltr'>c.</span> <span class='ocrx_word' id='word_1_268' title='bbox 1015 2677 1141 2708; x_wconf 80' lang='lat' dir='ltr'>favorali</span> <span class='ocrx_word' id='word_1_269' title='bbox 1163 2691 1187 2708; x_wconf 82' lang='lat' dir='ltr'>c.</span> <span class='ocrx_word' id='word_1_270' title='bbox 1275 2678 1304 2707; x_wconf 90' lang='lat' dir='ltr'>d.</span> <span class='ocrx_word' id='word_1_271' title='bbox 1326 2678 1423 2708; x_wconf 85' lang='lat' dir='ltr'>votari</span> <span class='ocrx_word' id='word_1_272' title='bbox 1446 2691 1471 2708; x_wconf 85' lang='lat' dir='ltr'>c.</span> 
     </span>
    </p>

    <p class='ocr_par' dir='ltr' id='par_1_7' title="bbox 76 2734 1644 2902">
     <span class='ocr_line' id='line_1_33' title="bbox 171 2734 1643 2783; baseline -0.003 -9"><span class='ocrx_word' id='word_1_273' title='bbox 171 2738 204 2774; x_wconf 86' lang='lat'>1.</span> <span class='ocrx_word' id='word_1_274' title='bbox 236 2738 283 2774; x_wconf 91' lang='lat' dir='ltr'>V.</span> <span class='ocrx_word' id='word_1_275' title='bbox 309 2737 478 2774; x_wconf 81' lang='lat' dir='ltr'>Martiani</span> <span class='ocrx_word' id='word_1_276' title='bbox 503 2737 674 2783; x_wconf 85' lang='lat' dir='ltr'>Capellae</span> <span class='ocrx_word' id='word_1_277' title='bbox 707 2736 907 2772; x_wconf 81' lang='lat' dir='ltr'>Satirarum</span> <span class='ocrx_word' id='word_1_278' title='bbox 940 2734 1074 2771; x_wconf 87' lang='lat' dir='ltr'>librum</span> <span class='ocrx_word' id='word_1_279' title='bbox 1101 2736 1121 2771; x_wconf 89' lang='lat'>1</span> <span class='ocrx_word' id='word_1_280' title='bbox 1148 2738 1186 2771; x_wconf 90' lang='lat' dir='ltr'>et</span> <span class='ocrx_word' id='word_1_281' title='bbox 1209 2736 1248 2780; x_wconf 83' lang='grc'>2,</span> <span class='ocrx_word' id='word_1_282' title='bbox 1282 2735 1345 2781; x_wconf 88' lang='lat' dir='ltr'>qui</span> <span class='ocrx_word' id='word_1_283' title='bbox 1376 2735 1643 2771; x_wconf 84' lang='lat' dir='ltr'>inscribuntur:</span> 
     </span>
     <span class='ocr_line' id='line_1_34' title="bbox 76 2795 1642 2844; baseline -0.002 -10"><span class='ocrx_word' id='word_1_284' title='bbox 76 2797 158 2844; x_wconf 84' lang='lat' dir='ltr'>„De</span> <span class='ocrx_word' id='word_1_285' title='bbox 181 2798 321 2843; x_wconf 85' lang='lat' dir='ltr'>nuptiis</span> <span class='ocrx_word' id='word_1_286' title='bbox 341 2797 568 2843; x_wconf 82' lang='lat' dir='ltr'>Philologiae</span> <span class='ocrx_word' id='word_1_287' title='bbox 593 2800 630 2833; x_wconf 91' lang='lat' dir='ltr'>et</span> <span class='ocrx_word' id='word_1_288' title='bbox 647 2796 844 2832; x_wconf 83' lang='lat' dir='ltr'>Mercurii“</span> <span class='ocrx_word' id='word_1_289' title='bbox 869 2795 941 2840; x_wconf 88' lang='lat' dir='ltr'>(ed.</span> <span class='ocrx_word' id='word_1_290' title='bbox 958 2796 1069 2840; x_wconf 90' lang='lat' dir='ltr'>Kopp</span> <span class='ocrx_word' id='word_1_291' title='bbox 1093 2805 1130 2839; x_wconf 91' lang='lat' dir='ltr'>p.</span> <span class='ocrx_word' id='word_1_292' title='bbox 1148 2795 1329 2838; x_wconf 82' lang='lat'>1—252).</span> <span class='ocrx_word' id='word_1_293' title='bbox 1428 2796 1463 2830; x_wconf 84' lang='lat'>2.</span> <span class='ocrx_word' id='word_1_294' title='bbox 1495 2795 1642 2831; x_wconf 89' lang='lat' dir='ltr'>artium.</span> 
     </span>
     <span class='ocr_line' id='line_1_35' title="bbox 77 2854 1644 2902; baseline -0.002 -9"><span class='ocrx_word' id='word_1_295' title='bbox 77 2858 111 2894; x_wconf 88' lang='lat'>3.</span> <span class='ocrx_word' id='word_1_296' title='bbox 136 2857 220 2893; x_wconf 85' lang='lat' dir='ltr'>Act.</span> <span class='ocrx_word' id='word_1_297' title='bbox 239 2860 355 2902; x_wconf 86' lang='lat' dir='ltr'>apost.</span> <span class='ocrx_word' id='word_1_298' title='bbox 375 2858 431 2902; x_wconf 84' lang='lat'>23,</span> <span class='ocrx_word' id='word_1_299' title='bbox 449 2858 483 2892; x_wconf 89' lang='lat'>3.</span> <span class='ocrx_word' id='word_1_300' title='bbox 578 2857 614 2892; x_wconf 85' lang='lat'>4.</span> <span class='ocrx_word' id='word_1_301' title='bbox 639 2857 731 2891; x_wconf 90' lang='lat' dir='ltr'>Tres</span> <span class='ocrx_word' id='word_1_302' title='bbox 748 2856 889 2891; x_wconf 87' lang='lat' dir='ltr'>litteras</span> <span class='ocrx_word' id='word_1_303' title='bbox 905 2855 1053 2891; x_wconf 85' lang='lat' dir='ltr'>vocales</span> <span class='ocrx_word' id='word_1_304' title='bbox 1069 2854 1165 2890; x_wconf 89' lang='lat' dir='ltr'>enim</span> <span class='ocrx_word' id='word_1_305' title='bbox 1183 2854 1222 2889; x_wconf 92' lang='lat' dir='ltr'>in</span> <span class='ocrx_word' id='word_1_306' title='bbox 1238 2854 1459 2890; x_wconf 87' lang='lat' dir='ltr'>Uuibaldi</span> <span class='ocrx_word' id='word_1_307' title='bbox 1484 2855 1644 2891; x_wconf 86' lang='lat' dir='ltr'>nominis</span> 
     </span>
    </p>
   </div>
   <div class='ocr_carea' id='block_1_6' title="bbox 76 2913 1645 3022">
    <p class='ocr_par' dir='ltr' id='par_1_8' title="bbox 76 2913 1645 3022">
     <span class='ocr_line' id='line_1_36' title="bbox 76 2913 1645 2962; baseline -0.002 -9"><span class='ocrx_word' id='word_1_308' title='bbox 76 2916 182 2953; x_wconf 89' lang='lat' dir='ltr'>initio</span> <span class='ocrx_word' id='word_1_309' title='bbox 206 2917 346 2962; x_wconf 82' lang='lat' dir='ltr'>positas</span> <span class='ocrx_word' id='word_1_310' title='bbox 370 2916 593 2961; x_wconf 87' lang='lat' dir='ltr'>improbavit</span> <span class='ocrx_word' id='word_1_311' title='bbox 616 2914 873 2961; x_wconf 81' lang='lat' dir='ltr'>Manegoldus3</span> <span class='ocrx_word' id='word_1_312' title='bbox 899 2914 959 2950; x_wconf 92' lang='lat' dir='ltr'>cui</span> <span class='ocrx_word' id='word_1_313' title='bbox 983 2914 1030 2950; x_wconf 90' lang='lat' dir='ltr'>de</span> <span class='ocrx_word' id='word_1_314' title='bbox 1054 2914 1123 2950; x_wconf 86' lang='lat' dir='ltr'>hac</span> <span class='ocrx_word' id='word_1_315' title='bbox 1148 2924 1187 2950; x_wconf 91' lang='lat' dir='ltr'>re</span> <span class='ocrx_word' id='word_1_316' title='bbox 1212 2914 1250 2949; x_wconf 91' lang='lat' dir='ltr'>in</span> <span class='ocrx_word' id='word_1_317' title='bbox 1276 2914 1432 2959; x_wconf 86' lang='lat' dir='ltr'>epistola</span> <span class='ocrx_word' id='word_1_318' title='bbox 1457 2915 1523 2950; x_wconf 83' lang='grc'>167</span> <span class='ocrx_word' id='word_1_319' title='bbox 1549 2913 1645 2950; x_wconf 84' lang='lat' dir='ltr'>infra</span> 
     </span>
     <span class='ocr_line' id='line_1_37' title="bbox 78 2975 647 3022; baseline -0.002 -10"><span class='ocrx_word' id='word_1_320' title='bbox 78 2987 115 3022; x_wconf 89' lang='lat' dir='ltr'>p.</span> <span class='ocrx_word' id='word_1_321' title='bbox 132 2977 199 3012; x_wconf 83' lang='grc'>287</span> <span class='ocrx_word' id='word_1_322' title='bbox 226 2975 415 3022; x_wconf 87' lang='lat' dir='ltr'>respondit</span> <span class='ocrx_word' id='word_1_323' title='bbox 440 2975 647 3012; x_wconf 86' lang='lat' dir='ltr'>Wibaldus.</span> 
     </span>
    </p>
   </div>
   <div class='ocr_carea' id='block_1_7' title="bbox 1282 3038 1359 3075">
    <p class='ocr_par' dir='ltr' id='par_1_9' title="bbox 1282 3038 1359 3075">
     <span class='ocr_line' id='line_1_38' title="bbox 1282 3038 1359 3075; baseline 0 0"><span class='ocrx_word' id='word_1_324' title='bbox 1282 3038 1359 3075; x_wconf 45' lang='grc' dir='ltr'>181ε</span> 
     </span>
    </p>
   </div>
  </div>
 </body>
</html>
