<?xml version="1.0" encoding="UTF-8"?>
<!DOCTYPE html PUBLIC "-//W3C//DTD XHTML 1.0 Transitional//EN"
    "http://www.w3.org/TR/xhtml1/DTD/xhtml1-transitional.dtd">
<html xmlns="http://www.w3.org/1999/xhtml" xml:lang="en" lang="en">
 <head>
  <title>
</title>
<meta http-equiv="Content-Type" content="text/html;charset=utf-8" />
  <meta name='ocr-system' content='tesseract 3.04.00' />
  <meta name='ocr-capabilities' content='ocr_page ocr_carea ocr_par ocr_line ocrx_word'/>
</head>
<body>
  <div class='ocr_page' id='page_1' title='image "bibliothecarerum01wattuoft_0288.png"; bbox 0 0 1924 3288; ppageno 0'>
   <div class='ocr_carea' id='block_1_1' title="bbox 315 199 1424 246">
    <p class='ocr_par' dir='ltr' id='par_1_1' title="bbox 315 199 1424 246">
     <span class='ocr_line' id='line_1_1' title="bbox 315 199 1424 246; baseline 0.002 -4"><span class='ocrx_word' id='word_1_1' title='bbox 315 199 405 243; x_wconf 79' lang='lat'>270</span> <span class='ocrx_word' id='word_1_2' title='bbox 764 213 961 244; x_wconf 63' lang='lat' dir='ltr'>wmanm</span> <span class='ocrx_word' id='word_1_3' title='bbox 987 213 1235 246; x_wconf 68' lang='lat' dir='ltr'>nnsronffl</span> <span class='ocrx_word' id='word_1_4' title='bbox 1263 215 1333 245; x_wconf 70' lang='grc' dir='ltr'>ιω.</span> <span class='ocrx_word' id='word_1_5' title='bbox 1356 215 1424 245; x_wconf 80' lang='lat' dir='ltr'>ies.</span> 
     </span>
    </p>
   </div>
   <div class='ocr_carea' id='block_1_2' title="bbox 198 306 1871 819">
    <p class='ocr_par' dir='ltr' id='par_1_2' title="bbox 198 306 1871 819">
     <span class='ocr_line' id='line_1_2' title="bbox 198 306 1869 366; baseline 0.005 -20"><span class='ocrx_word' id='word_1_6' title='bbox 198 309 290 345; x_wconf 78' lang='grc'>1149</span> <span class='ocrx_word' id='word_1_7' title='bbox 314 306 552 350; x_wconf 87' lang='lat' dir='ltr'>mendicare</span> <span class='ocrx_word' id='word_1_8' title='bbox 580 306 863 363; x_wconf 81' lang='lat' dir='ltr'>compellitur,</span> <span class='ocrx_word' id='word_1_9' title='bbox 900 321 1026 364; x_wconf 87' lang='lat' dir='ltr'>quam</span> <span class='ocrx_word' id='word_1_10' title='bbox 1054 308 1253 353; x_wconf 83' lang='lat' dir='ltr'>delictum</span> <span class='ocrx_word' id='word_1_11' title='bbox 1281 309 1349 353; x_wconf 88' lang='lat' dir='ltr'>vel</span> <span class='ocrx_word' id='word_1_12' title='bbox 1377 310 1536 354; x_wconf 78' lang='lat' dir='ltr'>crimen</span> <span class='ocrx_word' id='word_1_13' title='bbox 1565 322 1688 354; x_wconf 82' lang='lat' dir='ltr'>suum</span> <span class='ocrx_word' id='word_1_14' title='bbox 1715 321 1869 366; x_wconf 74' lang='lat' dir='ltr'>eogno-</span> 
     </span>
     <span class='ocr_line' id='line_1_3' title="bbox 315 383 1868 444; baseline 0.003 -17"><span class='ocrx_word' id='word_1_15' title='bbox 315 396 442 428; x_wconf 90' lang='lat' dir='ltr'>scere.</span> <span class='ocrx_word' id='word_1_16' title='bbox 503 384 560 427; x_wconf 93' lang='lat' dir='ltr'>Et</span> <span class='ocrx_word' id='word_1_17' title='bbox 598 383 796 440; x_wconf 86' lang='lat' dir='ltr'>quoniam</span> <span class='ocrx_word' id='word_1_18' title='bbox 824 398 899 428; x_wconf 87' lang='lat' dir='ltr'>vos</span> <span class='ocrx_word' id='word_1_19' title='bbox 935 385 1243 430; x_wconf 79' lang='lat' dir='ltr'><strong>misericordem</strong></span> <span class='ocrx_word' id='word_1_20' title='bbox 1284 400 1375 431; x_wconf 88' lang='lat' dir='ltr'>esse</span> <span class='ocrx_word' id='word_1_21' title='bbox 1404 401 1490 431; x_wconf 92' lang='lat' dir='ltr'>non</span> <span class='ocrx_word' id='word_1_22' title='bbox 1518 387 1783 444; x_wconf 78' lang='lat' dir='ltr'>ignoramus,</span> <span class='ocrx_word' id='word_1_23' title='bbox 1798 409 1799 412; x_wconf 39' lang='lat'>¹</span> <span class='ocrx_word' id='word_1_24' title='bbox 1812 399 1868 432; x_wconf 73' lang='grc' dir='ltr'>ω</span> 
     </span>
     <span class='ocr_line' id='line_1_4' title="bbox 313 459 1867 520; baseline 0.003 -16"><span class='ocrx_word' id='word_1_25' title='bbox 313 459 547 505; x_wconf 86' lang='lat' dir='ltr'>fiducialius</span> <span class='ocrx_word' id='word_1_26' title='bbox 578 461 878 517; x_wconf 81' lang='lat' dir='ltr'>benignitatem</span> <span class='ocrx_word' id='word_1_27' title='bbox 897 466 1082 507; x_wconf 86' lang='lat' dir='ltr'>vestram</span> <span class='ocrx_word' id='word_1_28' title='bbox 1109 478 1320 520; x_wconf 86' lang='lat' dir='ltr'>rogamus,</span> <span class='ocrx_word' id='word_1_29' title='bbox 1350 467 1398 508; x_wconf 92' lang='lat' dir='ltr'>ut</span> <span class='ocrx_word' id='word_1_30' title='bbox 1428 478 1524 509; x_wconf 88' lang='lat' dir='ltr'>eum</span> <span class='ocrx_word' id='word_1_31' title='bbox 1551 462 1762 509; x_wconf 53' lang='lat' dir='ltr'>nostra&amp;</span> <span class='ocrx_word' id='word_1_32' title='bbox 1778 477 1867 508; x_wconf 86' lang='lat' dir='ltr'>om·</span> 
     </span>
     <span class='ocr_line' id='line_1_5' title="bbox 314 538 1870 600; baseline 0.004 -19"><span class='ocrx_word' id='word_1_33' title='bbox 314 539 430 582; x_wconf 86' lang='lat' dir='ltr'>nium</span> <span class='ocrx_word' id='word_1_34' title='bbox 461 539 717 582; x_wconf 74' lang='lat' dir='ltr'>confiatrum</span> <span class='ocrx_word' id='word_1_35' title='bbox 745 543 984 584; x_wconf 89' lang='lat' dir='ltr'>nostrorum</span> <span class='ocrx_word' id='word_1_36' title='bbox 1003 541 1094 585; x_wconf 89' lang='lat' dir='ltr'>vice</span> <span class='ocrx_word' id='word_1_37' title='bbox 1124 541 1275 585; x_wconf 90' lang='lat' dir='ltr'>domno</span> <span class='ocrx_word' id='word_1_38' title='bbox 1295 541 1513 586; x_wconf 88' lang='lat' dir='ltr'>Bremensi</span> <span class='ocrx_word' id='word_1_39' title='bbox 1535 538 1870 600; x_wconf 66' lang='lat' dir='ltr'>archiepiscopo*</span> 
     </span>
     <span class='ocr_line' id='line_1_6' title="bbox 314 617 1870 676; baseline 0.003 -17"><span class='ocrx_word' id='word_1_40' title='bbox 314 617 586 673; x_wconf 89' lang='lat' dir='ltr'>presentetis,</span> <span class='ocrx_word' id='word_1_41' title='bbox 627 617 823 673; x_wconf 83' lang='lat' dir='ltr'>quatinus</span> <span class='ocrx_word' id='word_1_42' title='bbox 859 631 956 662; x_wconf 90' lang='lat' dir='ltr'>cum</span> <span class='ocrx_word' id='word_1_43' title='bbox 990 632 1038 663; x_wconf 88' lang='lat' dir='ltr'>eo</span> <span class='ocrx_word' id='word_1_44' title='bbox 1070 623 1144 663; x_wconf 90' lang='lat' dir='ltr'>aut</span> <span class='ocrx_word' id='word_1_45' title='bbox 1171 619 1503 664; x_wconf 87' lang='lat' dir='ltr'>misericordiam</span> <span class='ocrx_word' id='word_1_46' title='bbox 1531 622 1631 676; x_wconf 80' lang='lat' dir='ltr'>agat</span> <span class='ocrx_word' id='word_1_47' title='bbox 1658 622 1732 664; x_wconf 85' lang='lat' dir='ltr'>aut</span> <span class='ocrx_word' id='word_1_48' title='bbox 1758 618 1870 663; x_wconf 75' lang='lat' dir='ltr'>iudi-</span> 
     </span>
     <span class='ocr_line' id='line_1_7' title="bbox 314 694 1871 755; baseline 0.003 -18"><span class='ocrx_word' id='word_1_49' title='bbox 314 694 426 737; x_wconf 90' lang='lat' dir='ltr'>cium</span> <span class='ocrx_word' id='word_1_50' title='bbox 468 694 590 738; x_wconf 86' lang='lat' dir='ltr'>iuxta</span> <span class='ocrx_word' id='word_1_51' title='bbox 628 707 833 739; x_wconf 87' lang='lat' dir='ltr'>canonum</span> <span class='ocrx_word' id='word_1_52' title='bbox 870 696 1082 740; x_wconf 78' lang='lat' dir='ltr'>tramitem</span> <span class='ocrx_word' id='word_1_53' title='bbox 1120 701 1323 741; x_wconf 82' lang='lat' dir='ltr'>exerceat.</span> <span class='ocrx_word' id='word_1_54' title='bbox 1391 696 1519 742; x_wconf 87' lang='lat' dir='ltr'>Orate</span> <span class='ocrx_word' id='word_1_55' title='bbox 1554 710 1633 755; x_wconf 89' lang='lat' dir='ltr'>pro</span> <span class='ocrx_word' id='word_1_56' title='bbox 1667 696 1790 742; x_wconf 81' lang='lat' dir='ltr'>nobis</span> <span class='ocrx_word' id='word_1_57' title='bbox 1824 700 1871 741; x_wconf 74' lang='lat' dir='ltr'>et</span> 
     </span>
     <span class='ocr_line' id='line_1_8' title="bbox 314 772 1318 819; baseline 0.004 -4"><span class='ocrx_word' id='word_1_58' title='bbox 314 772 602 816; x_wconf 87' lang='lat' dir='ltr'>commendate</span> <span class='ocrx_word' id='word_1_59' title='bbox 630 786 707 816; x_wconf 91' lang='lat' dir='ltr'>nos</span> <span class='ocrx_word' id='word_1_60' title='bbox 739 776 895 817; x_wconf 90' lang='lat' dir='ltr'>attente</span> <span class='ocrx_word' id='word_1_61' title='bbox 923 773 1123 818; x_wconf 82' lang='lat' dir='ltr'>fratribus</span> <span class='ocrx_word' id='word_1_62' title='bbox 1153 775 1318 819; x_wconf 85' lang='lat' dir='ltr'>vestris.</span> 
     </span>
    </p>
   </div>
   <div class='ocr_carea' id='block_1_3' title="bbox 952 870 1233 877">
    <p class='ocr_par' dir='ltr' id='par_1_3' title="bbox 952 870 1233 877">
     <span class='ocr_line' id='line_1_9' title="bbox 952 870 1233 877; baseline 0 0"><span class='ocrx_word' id='word_1_63' title='bbox 952 870 1233 877; x_wconf 95' lang='lat' dir='ltr'> </span> 
     </span>
    </p>
   </div>
   <div class='ocr_carea' id='block_1_4' title="bbox 322 913 1870 1128">
    <p class='ocr_par' dir='ltr' id='par_1_4' title="bbox 322 913 1870 1128">
     <span class='ocr_line' id='line_1_10' title="bbox 322 913 1870 975; baseline 0.005 -17"><span class='ocrx_word' id='word_1_64' title='bbox 322 913 435 960; x_wconf 85' lang='grc'><strong>163.</strong></span> <span class='ocrx_word' id='word_1_65' title='bbox 460 916 670 960; x_wconf 70' lang='lat' dir='ltr'>Wibaldus</span> <span class='ocrx_word' id='word_1_66' title='bbox 688 916 899 960; x_wconf 84' lang='lat' dir='ltr'>Hartwico</span> <span class='ocrx_word' id='word_1_67' title='bbox 918 916 949 961; x_wconf 91' lang='lat' dir='ltr'><em>I</em></span> <span class='ocrx_word' id='word_1_68' title='bbox 970 917 1275 975; x_wconf 71' lang='lat' dir='ltr'>archiepiscopo</span> <span class='ocrx_word' id='word_1_69' title='bbox 1296 918 1513 961; x_wconf 75' lang='lat' dir='ltr'>Brememi</span> <span class='ocrx_word' id='word_1_70' title='bbox 1528 919 1679 973; x_wconf 71' lang='lat' dir='ltr'>sou-ibit,</span> <span class='ocrx_word' id='word_1_71' title='bbox 1710 917 1870 966; x_wconf 61' lang='lat' dir='ltr'>ard-‘e-</span> 
     </span>
     <span class='ocr_line' id='line_1_11' title="bbox 456 994 1870 1052; baseline 0.003 -16"><span class='ocrx_word' id='word_1_72' title='bbox 456 995 719 1051; x_wconf 77' lang='lat' dir='ltr'>piscopatum</span> <span class='ocrx_word' id='word_1_73' title='bbox 747 994 1010 1037; x_wconf 76' lang='lat' dir='ltr'>Bremensem</span> <span class='ocrx_word' id='word_1_74' title='bbox 1041 1010 1068 1037; x_wconf 84' lang='lat' dir='ltr'>a</span> <span class='ocrx_word' id='word_1_75' title='bbox 1097 1010 1182 1037; x_wconf 85' lang='lat' dir='ltr'>sese</span> <span class='ocrx_word' id='word_1_76' title='bbox 1210 996 1377 1038; x_wconf 76' lang='lat' dir='ltr'>minime</span> <span class='ocrx_word' id='word_1_77' title='bbox 1406 996 1626 1052; x_wconf 71' lang='lat' dir='ltr'>expetitum</span> <span class='ocrx_word' id='word_1_78' title='bbox 1655 1010 1751 1042; x_wconf 73' lang='lat' dir='ltr'>me.</span> <span class='ocrx_word' id='word_1_79' title='bbox 1800 994 1870 1044; x_wconf 68' lang='lat' dir='ltr'>Da</span> 
     </span>
     <span class='ocr_line' id='line_1_12' title="bbox 465 1069 1869 1128; baseline 0.002 -15"><span class='ocrx_word' id='word_1_80' title='bbox 465 1071 655 1114; x_wconf 75' lang='lat' dir='ltr'>ecclesiae</span> <span class='ocrx_word' id='word_1_81' title='bbox 683 1071 990 1114; x_wconf 71' lang='lat' dir='ltr'>Kaminatensis</span> <span class='ocrx_word' id='word_1_82' title='bbox 1010 1073 1334 1128; x_wconf 70' lang='lat' dir='ltr'>possessionibus</span> <span class='ocrx_word' id='word_1_83' title='bbox 1364 1073 1491 1115; x_wconf 82' lang='lat' dir='ltr'>addit.</span> <span class='ocrx_word' id='word_1_84' title='bbox 1619 1088 1623 1092; x_wconf 90' lang='lat'><em>·</em></span> <span class='ocrx_word' id='word_1_85' title='bbox 1655 1069 1728 1126; x_wconf 82' lang='grc' dir='ltr'>(Μ.</span> <span class='ocrx_word' id='word_1_86' title='bbox 1753 1070 1869 1125; x_wconf 83' lang='lat'>148.)</span> 
     </span>
    </p>
   </div>
   <div class='ocr_carea' id='block_1_5' title="bbox 197 1158 1878 2846">
    <p class='ocr_par' dir='ltr' id='par_1_5' title="bbox 197 1158 1871 1371">
     <span class='ocr_line' id='line_1_13' title="bbox 197 1158 1869 1214; baseline 0.004 -15"><span class='ocrx_word' id='word_1_87' title='bbox 197 1163 289 1199; x_wconf 89' lang='grc'><strong>1149</strong></span> <span class='ocrx_word' id='word_1_88' title='bbox 433 1158 674 1202; x_wconf 86' lang='lat' dir='ltr'>Reverendo</span> <span class='ocrx_word' id='word_1_89' title='bbox 705 1159 857 1203; x_wconf 88' lang='lat' dir='ltr'>domno</span> <span class='ocrx_word' id='word_1_90' title='bbox 888 1159 1133 1214; x_wconf 86' lang='lat' dir='ltr'>H(artwico)</span> <span class='ocrx_word' id='word_1_91' title='bbox 1163 1160 1392 1204; x_wconf 78' lang='lat' dir='ltr'>venerabili</span> <span class='ocrx_word' id='word_1_92' title='bbox 1420 1159 1683 1204; x_wconf 87' lang='lat' dir='ltr'>Bremensis·</span> <span class='ocrx_word' id='word_1_93' title='bbox 1713 1159 1869 1205; x_wconf 70' lang='lat' dir='ltr'>seoda-</span> 
     </span>
     <span class='ocr_line' id='line_1_14' title="bbox 315 1236 1871 1295; baseline 0.002 -16"><span class='ocrx_word' id='word_1_94' title='bbox 315 1236 403 1280; x_wconf 90' lang='lat' dir='ltr'>siae</span> <span class='ocrx_word' id='word_1_95' title='bbox 433 1236 742 1294; x_wconf 80' lang='lat' dir='ltr'>archiepiscopo</span> <span class='ocrx_word' id='word_1_96' title='bbox 779 1237 910 1282; x_wconf 86' lang='lat' dir='ltr'>frater</span> <span class='ocrx_word' id='word_1_97' title='bbox 938 1237 1190 1292; x_wconf 87' lang='lat' dir='ltr'>W(ibaldus)</span> <span class='ocrx_word' id='word_1_98' title='bbox 1221 1237 1302 1281; x_wconf 92' lang='lat' dir='ltr'>Dei</span> <span class='ocrx_word' id='word_1_99' title='bbox 1331 1237 1468 1293; x_wconf 86' lang='lat' dir='ltr'>gratia</span> <span class='ocrx_word' id='word_1_100' title='bbox 1495 1238 1560 1294; x_wconf 89' lang='lat' dir='ltr'>id,</span> <span class='ocrx_word' id='word_1_101' title='bbox 1591 1237 1703 1295; x_wconf 86' lang='lat' dir='ltr'>quod</span> <span class='ocrx_word' id='word_1_102' title='bbox 1731 1241 1798 1283; x_wconf 83' lang='lat' dir='ltr'>est</span> <span class='ocrx_word' id='word_1_103' title='bbox 1823 1237 1871 1282; x_wconf 90' lang='lat' dir='ltr'>in</span> 
     </span>
     <span class='ocr_line' id='line_1_15' title="bbox 315 1313 1805 1371; baseline 0.002 -14"><span class='ocrx_word' id='word_1_104' title='bbox 315 1313 516 1358; x_wconf 82' lang='lat' dir='ltr'>aeeclesia</span> <span class='ocrx_word' id='word_1_105' title='bbox 544 1314 761 1370; x_wconf 72' lang='lat' dir='ltr'>catholica.</span> <span class='ocrx_word' id='word_1_106' title='bbox 793 1315 965 1371; x_wconf 78' lang='lat' dir='ltr'>exig-uas</span> <span class='ocrx_word' id='word_1_107' title='bbox 995 1316 1203 1359; x_wconf 90' lang='lat' dir='ltr'>orationes</span> <span class='ocrx_word' id='word_1_108' title='bbox 1235 1318 1277 1359; x_wconf 89' lang='lat' dir='ltr'>et</span> <span class='ocrx_word' id='word_1_109' title='bbox 1306 1315 1501 1359; x_wconf 88' lang='lat' dir='ltr'>devotum</span> <span class='ocrx_word' id='word_1_110' title='bbox 1530 1315 1761 1360; x_wconf 70' lang='lat' dir='ltr'>servitium.</span> <span class='ocrx_word' id='word_1_111' title='bbox 1803 1353 1805 1355; x_wconf 96' lang='lat'>.</span> 
     </span>
    </p>

    <p class='ocr_par' dir='ltr' id='par_1_6' title="bbox 312 1391 1878 2846">
     <span class='ocr_line' id='line_1_16' title="bbox 433 1391 1869 1451; baseline 0.002 -17"><span class='ocrx_word' id='word_1_112' title='bbox 433 1391 618 1435; x_wconf 87' lang='lat' dir='ltr'>Clericus</span> <span class='ocrx_word' id='word_1_113' title='bbox 647 1395 791 1436; x_wconf 89' lang='lat' dir='ltr'>noster</span> <span class='ocrx_word' id='word_1_114' title='bbox 810 1392 1032 1437; x_wconf 87' lang='lat' dir='ltr'>Heinricus</span> <span class='ocrx_word' id='word_1_115' title='bbox 1062 1393 1114 1436; x_wconf 90' lang='lat' dir='ltr'>de</span> <span class='ocrx_word' id='word_1_116' title='bbox 1133 1392 1370 1448; x_wconf 87' lang='lat' dir='ltr'>Kaminata,</span> <span class='ocrx_word' id='word_1_117' title='bbox 1402 1393 1499 1449; x_wconf 62' lang='lat' dir='ltr'>qui*</span> <span class='ocrx_word' id='word_1_118' title='bbox 1529 1393 1733 1450; x_wconf 80' lang='lat' dir='ltr'>quasdam</span> <span class='ocrx_word' id='word_1_119' title='bbox 1759 1392 1869 1451; x_wconf 81' lang='lat' dir='ltr'>peti-</span> 
     </span>
     <span class='ocr_line' id='line_1_17' title="bbox 312 1468 1868 1528; baseline 0.002 -15"><span class='ocrx_word' id='word_1_120' title='bbox 312 1470 447 1513; x_wconf 83' lang='lat' dir='ltr'>tiones</span> <span class='ocrx_word' id='word_1_121' title='bbox 477 1473 643 1513; x_wconf 88' lang='lat' dir='ltr'>nostras</span> <span class='ocrx_word' id='word_1_122' title='bbox 674 1470 729 1513; x_wconf 88' lang='lat' dir='ltr'>ad</span> <span class='ocrx_word' id='word_1_123' title='bbox 750 1473 934 1514; x_wconf 82' lang='lat' dir='ltr'>vestram</span> <span class='ocrx_word' id='word_1_124' title='bbox 964 1470 1263 1514; x_wconf 85' lang='lat' dir='ltr'>sublimitatem</span> <span class='ocrx_word' id='word_1_125' title='bbox 1294 1470 1320 1514; x_wconf 79' lang='lat' dir='ltr'>a</span> <span class='ocrx_word' id='word_1_126' title='bbox 1348 1470 1468 1515; x_wconf 90' lang='lat' dir='ltr'>nobis</span> <span class='ocrx_word' id='word_1_127' title='bbox 1499 1470 1652 1515; x_wconf 86' lang='lat' dir='ltr'>missus</span> <span class='ocrx_word' id='word_1_128' title='bbox 1680 1468 1868 1528; x_wconf 76' lang='lat' dir='ltr'>pertulit,</span> 
     </span>
     <span class='ocr_line' id='line_1_18' title="bbox 313 1547 1878 1604; baseline 0.002 -14"><span class='ocrx_word' id='word_1_129' title='bbox 313 1547 411 1591; x_wconf 91' lang='lat' dir='ltr'>inde</span> <span class='ocrx_word' id='word_1_130' title='bbox 439 1561 632 1591; x_wconf 88' lang='lat' dir='ltr'>reversus</span> <span class='ocrx_word' id='word_1_131' title='bbox 662 1548 863 1603; x_wconf 86' lang='lat' dir='ltr'>narravit,</span> <span class='ocrx_word' id='word_1_132' title='bbox 895 1548 1006 1604; x_wconf 90' lang='lat' dir='ltr'>quod</span> <span class='ocrx_word' id='word_1_133' title='bbox 1036 1548 1259 1592; x_wconf 89' lang='lat' dir='ltr'>adversum</span> <span class='ocrx_word' id='word_1_134' title='bbox 1286 1561 1364 1592; x_wconf 89' lang='lat' dir='ltr'>nos</span> <span class='ocrx_word' id='word_1_135' title='bbox 1386 1549 1570 1603; x_wconf 86' lang='lat' dir='ltr'>graviter</span> <span class='ocrx_word' id='word_1_136' title='bbox 1590 1548 1737 1593; x_wconf 82' lang='lat' dir='ltr'>essetis</span> <span class='ocrx_word' id='word_1_137' title='bbox 1756 1557 1878 1594; x_wconf 64' lang='lat' dir='ltr'>eorm</span> 
     </span>
     <span class='ocr_line' id='line_1_19' title="bbox 314 1625 1869 1682; baseline 0.002 -14"><span class='ocrx_word' id='word_1_138' title='bbox 314 1628 452 1668; x_wconf 91' lang='lat' dir='ltr'>motus</span> <span class='ocrx_word' id='word_1_139' title='bbox 483 1628 526 1668; x_wconf 92' lang='lat' dir='ltr'>et</span> <span class='ocrx_word' id='word_1_140' title='bbox 555 1638 698 1668; x_wconf 82' lang='lat' dir='ltr'>coram</span> <span class='ocrx_word' id='word_1_141' title='bbox 726 1625 870 1668; x_wconf 83' lang='lat' dir='ltr'>multis</span> <span class='ocrx_word' id='word_1_142' title='bbox 895 1626 1097 1680; x_wconf 86' lang='lat' dir='ltr'>grandem</span> <span class='ocrx_word' id='word_1_143' title='bbox 1117 1626 1168 1669; x_wconf 93' lang='lat' dir='ltr'>de</span> <span class='ocrx_word' id='word_1_144' title='bbox 1187 1625 1307 1669; x_wconf 91' lang='lat' dir='ltr'>nobis</span> <span class='ocrx_word' id='word_1_145' title='bbox 1328 1625 1633 1682; x_wconf 86' lang='lat' dir='ltr'>querimoniam</span> <span class='ocrx_word' id='word_1_146' title='bbox 1650 1625 1869 1682; x_wconf 70' lang='lat' dir='ltr'>fecissetis,</span> 
     </span>
     <span class='ocr_line' id='line_1_20' title="bbox 313 1702 1870 1760; baseline 0.001 -14"><span class='ocrx_word' id='word_1_147' title='bbox 313 1703 486 1760; x_wconf 88' lang='lat' dir='ltr'>insuper</span> <span class='ocrx_word' id='word_1_148' title='bbox 516 1706 559 1746; x_wconf 90' lang='lat' dir='ltr'>et</span> <span class='ocrx_word' id='word_1_149' title='bbox 587 1703 724 1746; x_wconf 87' lang='lat' dir='ltr'>minas</span> <span class='ocrx_word' id='word_1_150' title='bbox 753 1703 799 1746; x_wconf 90' lang='lat' dir='ltr'>in</span> <span class='ocrx_word' id='word_1_151' title='bbox 827 1717 904 1746; x_wconf 90' lang='lat' dir='ltr'>nos</span> <span class='ocrx_word' id='word_1_152' title='bbox 935 1707 978 1747; x_wconf 89' lang='lat' dir='ltr'>et</span> <span class='ocrx_word' id='word_1_153' title='bbox 1006 1707 1152 1747; x_wconf 87' lang='lat' dir='ltr'>nostra</span> <span class='ocrx_word' id='word_1_154' title='bbox 1178 1703 1476 1748; x_wconf 85' lang='lat' dir='ltr'>intentassetis.</span> <span class='ocrx_word' id='word_1_155' title='bbox 1529 1702 1646 1755; x_wconf 88' lang='lat' dir='ltr'>Quod</span> <span class='ocrx_word' id='word_1_156' title='bbox 1675 1716 1752 1748; x_wconf 84' lang='lat' dir='ltr'>nos</span> <span class='ocrx_word' id='word_1_157' title='bbox 1780 1716 1870 1748; x_wconf 81' lang='lat' dir='ltr'>ere-</span> 
     </span>
     <span class='ocr_line' id='line_1_21' title="bbox 315 1780 1871 1838; baseline 0.003 -14"><span class='ocrx_word' id='word_1_158' title='bbox 315 1780 413 1824; x_wconf 86' lang='lat' dir='ltr'>dere</span> <span class='ocrx_word' id='word_1_159' title='bbox 442 1780 680 1824; x_wconf 91' lang='lat' dir='ltr'>nullatenus</span> <span class='ocrx_word' id='word_1_160' title='bbox 710 1780 944 1838; x_wconf 88' lang='lat' dir='ltr'>potuimus,</span> <span class='ocrx_word' id='word_1_161' title='bbox 984 1781 1181 1836; x_wconf 89' lang='lat' dir='ltr'>quoniam</span> <span class='ocrx_word' id='word_1_162' title='bbox 1211 1781 1466 1826; x_wconf 89' lang='lat' dir='ltr'>conscientia</span> <span class='ocrx_word' id='word_1_163' title='bbox 1492 1783 1639 1825; x_wconf 86' lang='lat' dir='ltr'>nostra</span> <span class='ocrx_word' id='word_1_164' title='bbox 1665 1781 1871 1829; x_wconf 60' lang='lat' dir='ltr'>voratum</span> 
     </span>
     <span class='ocr_line' id='line_1_22' title="bbox 314 1858 1870 1916; baseline 0.002 -15"><span class='ocrx_word' id='word_1_165' title='bbox 314 1858 434 1902; x_wconf 88' lang='lat' dir='ltr'>nobis</span> <span class='ocrx_word' id='word_1_166' title='bbox 464 1861 700 1914; x_wconf 86' lang='lat' dir='ltr'>attestatur,</span> <span class='ocrx_word' id='word_1_167' title='bbox 739 1858 851 1915; x_wconf 91' lang='lat' dir='ltr'>quod</span> <span class='ocrx_word' id='word_1_168' title='bbox 879 1871 957 1902; x_wconf 87' lang='lat' dir='ltr'>nec</span> <span class='ocrx_word' id='word_1_169' title='bbox 986 1859 1031 1902; x_wconf 92' lang='lat' dir='ltr'>in</span> <span class='ocrx_word' id='word_1_170' title='bbox 1061 1859 1188 1903; x_wconf 87' lang='lat' dir='ltr'>verbo</span> <span class='ocrx_word' id='word_1_171' title='bbox 1218 1872 1295 1902; x_wconf 89' lang='lat' dir='ltr'>nec</span> <span class='ocrx_word' id='word_1_172' title='bbox 1324 1859 1370 1902; x_wconf 88' lang='lat' dir='ltr'>in</span> <span class='ocrx_word' id='word_1_173' title='bbox 1399 1872 1525 1916; x_wconf 86' lang='lat' dir='ltr'>opere</span> <span class='ocrx_word' id='word_1_174' title='bbox 1554 1861 1700 1903; x_wconf 86' lang='lat' dir='ltr'>contra</span> <span class='ocrx_word' id='word_1_175' title='bbox 1727 1871 1870 1916; x_wconf 74' lang='lat' dir='ltr'>perse-</span> 
     </span>
     <span class='ocr_line' id='line_1_23' title="bbox 314 1935 1872 1993; baseline 0.001 -14"><span class='ocrx_word' id='word_1_176' title='bbox 314 1949 413 1979; x_wconf 87' lang='lat' dir='ltr'>nam</span> <span class='ocrx_word' id='word_1_177' title='bbox 444 1939 487 1979; x_wconf 87' lang='lat' dir='ltr'>et</span> <span class='ocrx_word' id='word_1_178' title='bbox 516 1936 764 1991; x_wconf 86' lang='lat' dir='ltr'>dignitatem</span> <span class='ocrx_word' id='word_1_179' title='bbox 793 1939 978 1979; x_wconf 85' lang='lat' dir='ltr'>vestram</span> <span class='ocrx_word' id='word_1_180' title='bbox 1009 1936 1187 1980; x_wconf 89' lang='lat' dir='ltr'>scienter</span> <span class='ocrx_word' id='word_1_181' title='bbox 1217 1937 1440 1993; x_wconf 91' lang='lat' dir='ltr'>quicquam</span> <span class='ocrx_word' id='word_1_182' title='bbox 1470 1936 1642 1991; x_wconf 81' lang='lat' dir='ltr'>egimus.</span> <span class='ocrx_word' id='word_1_183' title='bbox 1686 1935 1747 1981; x_wconf 90' lang='lat' dir='ltr'>Et</span> <span class='ocrx_word' id='word_1_184' title='bbox 1772 1936 1872 1993; x_wconf 79' lang='lat' dir='ltr'>quia</span> 
     </span>
     <span class='ocr_line' id='line_1_24' title="bbox 314 2013 1871 2071; baseline 0.003 -15"><span class='ocrx_word' id='word_1_185' title='bbox 314 2013 383 2057; x_wconf 83' lang='lat' dir='ltr'>lex</span> <span class='ocrx_word' id='word_1_186' title='bbox 421 2018 567 2058; x_wconf 88' lang='lat' dir='ltr'>nostra</span> <span class='ocrx_word' id='word_1_187' title='bbox 602 2027 688 2057; x_wconf 90' lang='lat' dir='ltr'>non</span> <span class='ocrx_word' id='word_1_188' title='bbox 724 2014 882 2057; x_wconf 88' lang='lat' dir='ltr'>iudicat</span> <span class='ocrx_word' id='word_1_189' title='bbox 917 2027 1189 2070; x_wconf 89' lang='lat' dir='ltr'>quemquam,</span> <span class='ocrx_word' id='word_1_190' title='bbox 1228 2014 1311 2057; x_wconf 87' lang='lat' dir='ltr'>nisi</span> <span class='ocrx_word' id='word_1_191' title='bbox 1338 2013 1456 2071; x_wconf 87' lang='lat' dir='ltr'>prius</span> <span class='ocrx_word' id='word_1_192' title='bbox 1487 2013 1701 2069; x_wconf 75' lang='lat' dir='ltr'>audiatur,</span> <span class='ocrx_word' id='word_1_193' title='bbox 1738 2026 1793 2057; x_wconf 85' lang='lat' dir='ltr'>ex</span> <span class='ocrx_word' id='word_1_194' title='bbox 1820 2026 1871 2061; x_wconf 80' lang='lat'>00</span> 
     </span>
     <span class='ocr_line' id='line_1_25' title="bbox 315 2090 1871 2148; baseline 0 -13"><span class='ocrx_word' id='word_1_195' title='bbox 315 2091 511 2135; x_wconf 89' lang='lat' dir='ltr'>discretio</span> <span class='ocrx_word' id='word_1_196' title='bbox 541 2095 682 2135; x_wconf 88' lang='lat' dir='ltr'>vestra</span> <span class='ocrx_word' id='word_1_197' title='bbox 710 2091 930 2148; x_wconf 87' lang='lat' dir='ltr'>providere</span> <span class='ocrx_word' id='word_1_198' title='bbox 961 2091 1117 2147; x_wconf 85' lang='lat' dir='ltr'>debuit,</span> <span class='ocrx_word' id='word_1_199' title='bbox 1152 2094 1212 2147; x_wconf 89' lang='lat' dir='ltr'>ut,</span> <span class='ocrx_word' id='word_1_200' title='bbox 1245 2091 1442 2148; x_wconf 90' lang='lat' dir='ltr'>quoniam</span> <span class='ocrx_word' id='word_1_201' title='bbox 1471 2104 1556 2134; x_wconf 92' lang='lat' dir='ltr'>non</span> <span class='ocrx_word' id='word_1_202' title='bbox 1585 2091 1736 2147; x_wconf 81' lang='lat' dir='ltr'>exiguo</span> <span class='ocrx_word' id='word_1_203' title='bbox 1766 2090 1871 2135; x_wconf 83' lang='lat' dir='ltr'>ami·</span> 
     </span>
     <span class='ocr_line' id='line_1_26' title="bbox 315 2167 1870 2226; baseline 0 -14"><span class='ocrx_word' id='word_1_204' title='bbox 315 2169 444 2213; x_wconf 89' lang='lat' dir='ltr'>ciciae</span> <span class='ocrx_word' id='word_1_205' title='bbox 467 2168 633 2213; x_wconf 86' lang='lat' dir='ltr'>vinculo</span> <span class='ocrx_word' id='word_1_206' title='bbox 665 2169 847 2212; x_wconf 85' lang='lat' dir='ltr'>devincti</span> <span class='ocrx_word' id='word_1_207' title='bbox 877 2182 1056 2224; x_wconf 89' lang='lat' dir='ltr'>eramus,</span> <span class='ocrx_word' id='word_1_208' title='bbox 1087 2169 1204 2226; x_wconf 89' lang='lat' dir='ltr'>prius</span> <span class='ocrx_word' id='word_1_209' title='bbox 1234 2168 1550 2224; x_wconf 83' lang='lat' dir='ltr'>interrogaretis</span> <span class='ocrx_word' id='word_1_210' title='bbox 1580 2171 1623 2212; x_wconf 89' lang='lat' dir='ltr'>et</span> <span class='ocrx_word' id='word_1_211' title='bbox 1649 2167 1870 2225; x_wconf 84' lang='lat' dir='ltr'>postmodo</span> 
     </span>
     <span class='ocr_line' id='line_1_27' title="bbox 314 2245 1871 2303; baseline 0.001 -13"><span class='ocrx_word' id='word_1_212' title='bbox 314 2246 569 2290; x_wconf 86' lang='lat' dir='ltr'>iudicaretis.</span> <span class='ocrx_word' id='word_1_213' title='bbox 627 2246 857 2303; x_wconf 83' lang='lat' dir='ltr'>Siquidem,</span> <span class='ocrx_word' id='word_1_214' title='bbox 888 2249 936 2289; x_wconf 90' lang='lat' dir='ltr'>ut</span> <span class='ocrx_word' id='word_1_215' title='bbox 963 2245 1172 2289; x_wconf 86' lang='lat' dir='ltr'>industria</span> <span class='ocrx_word' id='word_1_216' title='bbox 1200 2250 1340 2290; x_wconf 86' lang='lat' dir='ltr'>vestra</span> <span class='ocrx_word' id='word_1_217' title='bbox 1369 2246 1474 2290; x_wconf 92' lang='lat' dir='ltr'>bene</span> <span class='ocrx_word' id='word_1_218' title='bbox 1503 2245 1758 2301; x_wconf 87' lang='lat' dir='ltr'>recordatur,</span> <span class='ocrx_word' id='word_1_219' title='bbox 1787 2245 1871 2293; x_wconf 79' lang='lat' dir='ltr'>dun</span> 
     </span>
     <span class='ocr_line' id='line_1_28' title="bbox 314 2322 1871 2381; baseline 0.001 -14"><span class='ocrx_word' id='word_1_220' title='bbox 314 2326 440 2381; x_wconf 87' lang='lat' dir='ltr'>pacta</span> <span class='ocrx_word' id='word_1_221' title='bbox 468 2324 579 2368; x_wconf 90' lang='lat' dir='ltr'>inter</span> <span class='ocrx_word' id='word_1_222' title='bbox 609 2337 686 2367; x_wconf 92' lang='lat' dir='ltr'>nos</span> <span class='ocrx_word' id='word_1_223' title='bbox 717 2327 932 2368; x_wconf 88' lang='lat' dir='ltr'>contracta</span> <span class='ocrx_word' id='word_1_224' title='bbox 961 2327 1071 2379; x_wconf 91' lang='lat' dir='ltr'>sunt,</span> <span class='ocrx_word' id='word_1_225' title='bbox 1103 2323 1281 2367; x_wconf 86' lang='lat' dir='ltr'>alterum</span> <span class='ocrx_word' id='word_1_226' title='bbox 1310 2323 1500 2366; x_wconf 86' lang='lat' dir='ltr'>divinum</span> <span class='ocrx_word' id='word_1_227' title='bbox 1529 2326 1572 2367; x_wconf 91' lang='lat' dir='ltr'>et</span> <span class='ocrx_word' id='word_1_228' title='bbox 1596 2322 1775 2368; x_wconf 86' lang='lat' dir='ltr'>alterum</span> <span class='ocrx_word' id='word_1_229' title='bbox 1793 2322 1871 2368; x_wconf 87' lang='lat' dir='ltr'>hu·</span> 
     </span>
     <span class='ocr_line' id='line_1_29' title="bbox 314 2400 1869 2458; baseline 0.001 -13"><span class='ocrx_word' id='word_1_230' title='bbox 314 2415 498 2446; x_wconf 88' lang='lat' dir='ltr'>manum.</span> <span class='ocrx_word' id='word_1_231' title='bbox 558 2400 617 2444; x_wconf 93' lang='lat' dir='ltr'>Et</span> <span class='ocrx_word' id='word_1_232' title='bbox 651 2401 882 2445; x_wconf 89' lang='lat' dir='ltr'>humanum</span> <span class='ocrx_word' id='word_1_233' title='bbox 920 2402 1089 2458; x_wconf 92' lang='lat' dir='ltr'>quidem</span> <span class='ocrx_word' id='word_1_234' title='bbox 1126 2400 1352 2446; x_wconf 89' lang='lat' dir='ltr'>secundum</span> <span class='ocrx_word' id='word_1_235' title='bbox 1387 2400 1482 2444; x_wconf 90' lang='lat' dir='ltr'>iura</span> <span class='ocrx_word' id='word_1_236' title='bbox 1517 2404 1559 2444; x_wconf 91' lang='lat' dir='ltr'>et</span> <span class='ocrx_word' id='word_1_237' title='bbox 1586 2401 1869 2450; x_wconf 71' lang='lat' dir='ltr'>institutiones</span> 
     </span>
     <span class='ocr_line' id='line_1_30' title="bbox 315 2477 1869 2536; baseline 0.001 -12"><span class='ocrx_word' id='word_1_238' title='bbox 315 2479 517 2524; x_wconf 79' lang='lat' dir='ltr'>hmanas</span> <span class='ocrx_word' id='word_1_239' title='bbox 555 2478 663 2523; x_wconf 90' lang='lat' dir='ltr'>solvi</span> <span class='ocrx_word' id='word_1_240' title='bbox 701 2482 743 2523; x_wconf 87' lang='lat' dir='ltr'>et</span> <span class='ocrx_word' id='word_1_241' title='bbox 780 2480 996 2523; x_wconf 83' lang='lat' dir='ltr'>immutari</span> <span class='ocrx_word' id='word_1_242' title='bbox 1031 2482 1189 2536; x_wconf 89' lang='lat' dir='ltr'>potest,</span> <span class='ocrx_word' id='word_1_243' title='bbox 1228 2482 1276 2523; x_wconf 89' lang='lat' dir='ltr'>ut</span> <span class='ocrx_word' id='word_1_244' title='bbox 1309 2477 1522 2533; x_wconf 85' lang='lat' dir='ltr'>videlicet,</span> <span class='ocrx_word' id='word_1_245' title='bbox 1560 2478 1633 2534; x_wconf 92' lang='lat' dir='ltr'>qui</span> <span class='ocrx_word' id='word_1_246' title='bbox 1669 2477 1869 2525; x_wconf 73' lang='lat' dir='ltr'>hactenus</span> 
     </span>
     <span class='ocr_line' id='line_1_31' title="bbox 315 2555 1870 2613; baseline 0 -13"><span class='ocrx_word' id='word_1_247' title='bbox 315 2560 458 2602; x_wconf 87' lang='lat' dir='ltr'>noster</span> <span class='ocrx_word' id='word_1_248' title='bbox 494 2557 618 2600; x_wconf 89' lang='lat' dir='ltr'>homo</span> <span class='ocrx_word' id='word_1_249' title='bbox 657 2559 699 2600; x_wconf 89' lang='lat' dir='ltr'>et</span> <span class='ocrx_word' id='word_1_250' title='bbox 735 2559 936 2612; x_wconf 89' lang='lat' dir='ltr'>tanquam</span> <span class='ocrx_word' id='word_1_251' title='bbox 973 2556 1094 2600; x_wconf 90' lang='lat' dir='ltr'>miles</span> <span class='ocrx_word' id='word_1_252' title='bbox 1130 2570 1207 2613; x_wconf 92' lang='lat' dir='ltr'>per</span> <span class='ocrx_word' id='word_1_253' title='bbox 1243 2555 1527 2610; x_wconf 84' lang='lat' dir='ltr'>hominagium</span> <span class='ocrx_word' id='word_1_254' title='bbox 1561 2556 1721 2611; x_wconf 80' lang='lat' dir='ltr'>fuistis,</span> <span class='ocrx_word' id='word_1_255' title='bbox 1757 2568 1870 2601; x_wconf 83' lang='lat' dir='ltr'>nune</span> 
     </span>
     <span class='ocr_line' id='line_1_32' title="bbox 315 2632 1870 2691; baseline 0.001 -13"><span class='ocrx_word' id='word_1_256' title='bbox 315 2634 508 2678; x_wconf 90' lang='lat' dir='ltr'>dominus</span> <span class='ocrx_word' id='word_1_257' title='bbox 540 2638 582 2678; x_wconf 91' lang='lat' dir='ltr'>et</span> <span class='ocrx_word' id='word_1_258' title='bbox 610 2637 731 2691; x_wconf 87' lang='lat' dir='ltr'>pater</span> <span class='ocrx_word' id='word_1_259' title='bbox 760 2637 903 2678; x_wconf 88' lang='lat' dir='ltr'>noster</span> <span class='ocrx_word' id='word_1_260' title='bbox 932 2632 1023 2678; x_wconf 87' lang='lat' dir='ltr'>fieri</span> <span class='ocrx_word' id='word_1_261' title='bbox 1052 2633 1277 2690; x_wconf 87' lang='lat' dir='ltr'>incipiatis.</span> <span class='ocrx_word' id='word_1_262' title='bbox 1322 2633 1383 2676; x_wconf 84' lang='lat' dir='ltr'>At</span> <span class='ocrx_word' id='word_1_263' title='bbox 1411 2646 1509 2676; x_wconf 86' lang='lat' dir='ltr'>vero</span> <span class='ocrx_word' id='word_1_264' title='bbox 1540 2636 1778 2677; x_wconf 77' lang='lat' dir='ltr'>contractus</span> <span class='ocrx_word' id='word_1_265' title='bbox 1805 2632 1870 2679; x_wconf 86' lang='lat' dir='ltr'>di-</span> 
     </span>
     <span class='ocr_line' id='line_1_33' title="bbox 315 2709 1871 2768; baseline 0 -12"><span class='ocrx_word' id='word_1_266' title='bbox 315 2712 404 2756; x_wconf 81' lang='lat' dir='ltr'>vini</span> <span class='ocrx_word' id='word_1_267' title='bbox 433 2711 650 2756; x_wconf 87' lang='lat' dir='ltr'>conventio</span> <span class='ocrx_word' id='word_1_268' title='bbox 675 2711 788 2755; x_wconf 84' lang='lat' dir='ltr'>valet</span> <span class='ocrx_word' id='word_1_269' title='bbox 816 2712 862 2754; x_wconf 89' lang='lat' dir='ltr'>in</span> <span class='ocrx_word' id='word_1_270' title='bbox 891 2715 1120 2767; x_wconf 86' lang='lat' dir='ltr'>aeternum,</span> <span class='ocrx_word' id='word_1_271' title='bbox 1150 2713 1322 2768; x_wconf 89' lang='lat' dir='ltr'>propter</span> <span class='ocrx_word' id='word_1_272' title='bbox 1350 2709 1482 2765; x_wconf 92' lang='lat' dir='ltr'>illum,</span> <span class='ocrx_word' id='word_1_273' title='bbox 1515 2711 1587 2767; x_wconf 91' lang='lat' dir='ltr'>qui</span> <span class='ocrx_word' id='word_1_274' title='bbox 1614 2711 1661 2755; x_wconf 89' lang='lat' dir='ltr'>in</span> <span class='ocrx_word' id='word_1_275' title='bbox 1682 2710 1774 2766; x_wconf 80' lang='lat' dir='ltr'>lege</span> <span class='ocrx_word' id='word_1_276' title='bbox 1792 2723 1871 2756; x_wconf 74' lang='lat' dir='ltr'>sua</span> 
     </span>
     <span class='ocr_line' id='line_1_34' title="bbox 316 2785 1867 2846; baseline -0.001 -12"><span class='ocrx_word' id='word_1_277' title='bbox 316 2789 545 2845; x_wconf 82' lang='lat' dir='ltr'>mandavit,</span> <span class='ocrx_word' id='word_1_278' title='bbox 575 2803 628 2834; x_wconf 89' lang='lat' dir='ltr'>ne</span> <span class='ocrx_word' id='word_1_279' title='bbox 659 2803 919 2833; x_wconf 86' lang='lat' dir='ltr'>assumamus</span> <span class='ocrx_word' id='word_1_280' title='bbox 949 2802 1102 2833; x_wconf 90' lang='lat' dir='ltr'>nomen</span> <span class='ocrx_word' id='word_1_281' title='bbox 1132 2787 1221 2832; x_wconf 85' lang='lat' dir='ltr'>eius</span> <span class='ocrx_word' id='word_1_282' title='bbox 1251 2788 1296 2831; x_wconf 92' lang='lat' dir='ltr'>in</span> <span class='ocrx_word' id='word_1_283' title='bbox 1314 2785 1511 2842; x_wconf 80' lang='lat' dir='ltr'>vanum²3</span> <span class='ocrx_word' id='word_1_284' title='bbox 1543 2790 1714 2846; x_wconf 84' lang='lat' dir='ltr'>propter</span> <span class='ocrx_word' id='word_1_285' title='bbox 1734 2787 1867 2844; x_wconf 87' lang='lat' dir='ltr'>illum,</span> 
     </span>
    </p>
   </div>
   <div class='ocr_carea' id='block_1_6' title="bbox 413 2890 1006 2929">
    <p class='ocr_par' dir='ltr' id='par_1_7' title="bbox 413 2890 1006 2929">
     <span class='ocr_line' id='line_1_35' title="bbox 413 2890 1006 2929; baseline -0.002 -8"><span class='ocrx_word' id='word_1_286' title='bbox 413 2900 441 2921; x_wconf 80' lang='lat' dir='ltr'>a.</span> <span class='ocrx_word' id='word_1_287' title='bbox 468 2890 624 2921; x_wconf 80' lang='lat' dir='ltr'>Bremensi</span> <span class='ocrx_word' id='word_1_288' title='bbox 646 2902 671 2921; x_wconf 84' lang='lat' dir='ltr'>c.</span> <span class='ocrx_word' id='word_1_289' title='bbox 754 2890 783 2920; x_wconf 57' lang='lat' dir='ltr'>b,</span> <span class='ocrx_word' id='word_1_290' title='bbox 812 2890 864 2929; x_wconf 88' lang='lat' dir='ltr'>qui</span> <span class='ocrx_word' id='word_1_291' title='bbox 885 2890 1006 2920; x_wconf 68' lang='lat' dir='ltr'>addidi.</span> 
     </span>
    </p>
   </div>
   <div class='ocr_carea' id='block_1_7' title="bbox 412 2952 1101 2998">
    <p class='ocr_par' dir='ltr' id='par_1_8' title="bbox 412 2952 1101 2998">
     <span class='ocr_line' id='line_1_36' title="bbox 412 2952 1101 2998; baseline -0.003 -8"><span class='ocrx_word' id='word_1_292' title='bbox 412 2955 443 2989; x_wconf 93' lang='lat'>1.</span> <span class='ocrx_word' id='word_1_293' title='bbox 470 2954 653 2990; x_wconf 82' lang='lat' dir='ltr'>Hartwico</span> <span class='ocrx_word' id='word_1_294' title='bbox 677 2953 705 2989; x_wconf 92' lang='grc' dir='ltr'>Ι.</span> <span class='ocrx_word' id='word_1_295' title='bbox 801 2955 834 2990; x_wconf 82' lang='grc'>2.</span> <span class='ocrx_word' id='word_1_296' title='bbox 859 2952 977 2990; x_wconf 81' lang='lat' dir='ltr'>Exod.</span> <span class='ocrx_word' id='word_1_297' title='bbox 993 2953 1050 2998; x_wconf 83' lang='lat'>20,</span> <span class='ocrx_word' id='word_1_298' title='bbox 1068 2953 1101 2988; x_wconf 84' lang='grc'>7.</span> 
     </span>
    </p>
   </div>
  </div>
 </body>
</html>
