1924 3262
293 202 352 246 92
811 215 1008 245 wmALm
1036 213 1256 245 EP1s'r0LA
1285 215 1335 244 12.

175 311 266 348 1137
291 311 433 353 vestra
460 309 727 366 triumphalis
758 307 979 352 clementia
1009 307 1090 351 duo
1121 308 1240 353 milia
1266 308 1524 354 Alemannos
1553 322 1650 355 011111
1667 309 1847 368 Annene

292 385 442 430 abbate
487 387 673 430 coenobii
717 385 1055 440 Luneburgensis
1100 386 1154 429 ad
1197 387 1500 432 monasterium
1543 387 1848 465 defendendum

290 464 576 508 transmittere
607 463 894 520 disposuisset,
927 463 1121 507 abbatem
1151 477 1200 508 ac
1229 465 1382 509 fratres
1402 465 1617 522 sedunens,
1640 468 1847 524 ,utrosque

291 541 345 584 ad
383 555 503 585 suam
539 540 783 584 fidelitatem
814 544 1074 585 sacramento
1105 542 1373 599 constringit,
1414 542 1607 588 abbatem
1635 543 1691 588 ad
1719 556 1847 589 eun-2

149 629 234 660 Febr.
247 630 268 660 4
290 618 418 674 golia,
460 618 684 662 monachos
723 622 864 662 autem
898 632 975 675 per
1006 619 1195 663 ordinem
1226 633 1359 663 suum.
1406 619 1573 665 Abbate
1600 620 1730 677 igitur
1757 621 1863 667 vita

197 1713 262 1745 001.

291 696 527 751 decedente,
566 696 666 739 dum
697 695 831 739 adhuc
861 696 950 740 eius
979 696 1180 741 feretrum
1208 697 1254 741 in
1284 697 1459 742 ecclesia
1489 701 1612 755 esset,
1648 698 1847 744 destinati

290 777 388 817 sunt
419 788 444 817 a
474 773 736 829 Canzolino·,
769 774 841 830 qui
870 777 970 817 tunc
999 774 1045 817 in
1074 775 1266 831 partibus
1295 776 1389 819 istis
1409 775 1578 831 Rogerii
1606 776 1846 833 11000030-

289 851 381 907 bat,
420 854 469 894 ut
503 850 643 895 nullus
682 864 730 895 eo
771 851 942 895 absente
981 851 1032 895 de
1070 852 1232 896 abbatis
1271 852 1472 897 electione
1508 856 1690 899 tractare
1721 866 1846 912 prae·

289 931 483 972 sumeret.
530 928 719 973 Dilatum
748 929 891 985 itaque
922 932 986 973 est
1006 932 1060 985 et,
1092 930 1470 975 contradicentibus
1493 944 1542 975 ac
1559 932 1844 978 moerentibus

287 1006 516 1062 monachis,
547 1020 679 1063 usque
709 1007 762 1050 ad
791 1007 925 1064 ipsius
957 1008 1183 1052 adventum
1211 1008 1478 1066 protelatum.
1526 1008 1714 1066 Cumque
1742 1009 1845 1056 illuc

288 1084 539 1140 advenisset,
571 1097 666 1128 cum
698 1085 737 1128 ei
768 1085 1086 1129 ostenderentur
1117 1086 1168 1130 de
1198 1085 1400 1130 electione
1429 1073 1592 1131 abbatis
1611 1087 1745 1145 patris
1759 1086 1845 1134 Bo-

286 1162 443 1206 nedicti
472 1163 602 1206 iussio
634 1165 676 1206 et
703 1162 1020 1219 privilegiorum
1050 1177 1100 1207 ac
1127 1167 1448 1221 praeceptorum
1478 1165 1740 1221 constitutio,
1777 1178 1844 1212 ro-

287 1240 475 1298 spondit,
512 1240 623 1297 quod
651 1239 714 1283 nil
744 1240 798 1284 ad
827 1254 1027 1298 praesens
1057 1241 1296 1285 istiusmodi
1325 1241 1485 1286 valeret
1513 1242 1718 1287 ostensio:
1758 1243 1848 1294 Sed

287 1317 472 1378 differte*³
505 1319 736 1361 electionem
772 1335 900 1378 usque
937 1320 996 1362 ad
1033 1321 1190 1363 domini
1226 1321 1308 1363 mei
1343 1322 1530 1364 notitiam
1537 1338 1554 1377 ‚·
1594 1322 1659 1365 ein
1693 1329 1842 1377 autem,

285 1397 435 1439 tradite
472 1412 610 1439 arcem
638 1397 911 1440 Bantrensem
950 1404 988 1439 et
1025 1398 1158 1455 eliyite
1189 1413 1310 1456 quem
1338 1399 1480 1454 vultis,-
1517 1400 1578 1442 ita
1606 1406 1762 1455 tamen,
1786 1407 1846 1445 ,αἱ

278 1475 401 1531 prius
430 1474 677 1534 fidelitatem
715 1475 878 1517 domino
917 1490 1006 1517 meo
1029 1474 1180 1532 faeiat.
1228 1474 1346 1526 Quod
1375 1488 1472 1518 cum
1499 1475 1662 1520 fratres-
1683 1489 1729 1520 se
1756 1489 1844 1521 non

285 1549 460 1607 implere
492 1551 718 1606 dixissent,
756 1550 828 1595 ille
859 1551 1089 1595 exercitum
1119 1565 1397 1608 congregans,
1428 1553 1626 1597 universa
1654 1553 1843 1599 coenobii

285 1631 424 1672 castra
460 1628 512 1672 ab
546 1629 634 1672 eius
666 1629 824 1673 ditione
854 1630 1065 1674 subduxit.
1111 1630 1221 1674 Ecce
1250 1630 1362 1675 bona
1391 1644 1498 1687 quae
1528 1634 1625 1675 ante
1654 1633 1857 1676 vestrum-

286 1705 511 1749 adventum
547 1706 767 1750 Casinensi
810 1707 999 1752 fecerunt
1037 1707 1255 1763 ecclesiae,
1302 1711 1346 1752 et
1381 1708 1516 1752 adhuc
1554 1708 1761 1753 deteriora
1794 1709 1841 1754 111

285 1783 374 1827 dies
404 1783 589 1840 singulos
617 1784 788 1828 faciunt.

403 1861 466 1906 Ob
501 1875 627 1918 quam
655 1875 747 1906 rem
777 1876 992 1919 rogamus,
1031 1863 1261 1921 imperator
1289 1863 1464 1919 invicte,
1501 1867 1550 1908 ut
1578 1866 1743 1909 vestrae
1770 1876 1840 1910 00·

283 1953 423 1984 merae
462 1938 660 1995 afflictae,
700 1940 923 1984 destitutae
959 1954 1008 1985 ac
1037 1941 1248 1985 desolatae
1278 1941 1554 1997 subveniatis,
1590 1955 1644 1987 ne
1673 1941 1841 1999 quando

283 2017 425 2061 dicant
456 2017 696 2073 Sarraceni,
726 2018 978 2062 Nortmanni
1009 2032 1058 2063 ac
1086 2018 1377 2074 Langobardi:
1421 2020 1499 2064 Ubi
1526 2027 1587 2064 eet
1613 2021 1840 2078 imperator

282 2095 424 2139 illius?
467 2094 630 2151 Erigite
659 2096 810 2152 igitur,
850 2084 997 2153 erigite
1027 2100 1188 2141 vestros
1217 2096 1395 2140 invictos
1426 2100 1469 2140 et
1497 2110 1524 2140 a
1552 2096 1642 2141 Deo
1672 2109 1839 2142 conser-

282 2172 440 2216 vandos
469 2172 668 2229 lacertos,
706 2177 748 2218 et
779 2174 1048 2219 Casinensem
1080 2174 1316 2230 ecclesiam,
1348 2177 1590 2218 cunctorum
1620 2174 1838 2220 coenobio-

282 2264 377 2294 rum
406 2254 607 2307 matrem,
647 2251 699 2295 de
736 2252 962 2310 impiorum
993 2252 1186 2296 manibus
1217 2251 1404 2296 liberate.
1451 2251 1561 2296 Nam
1589 2252 1699 2296 sicut
1725 2252 1838 2298 inter

283 2328 424 2372 omnia
460 2329 599 2372 sidera
638 2329 769 2374 solem
807 2334 970 2375 constat
1007 2332 1052 2375 in
1089 2330 1336 2375 coelestibus
1366 2342 1510 2386 gerere
1539 2329 1839 2388 principatum,-

283 2406 344 2449 ita
379 2406 580 2450 nimirum
615 2407 661 2450 in
697 2408 919 2452 mundanis
949 2408 1234 2466 potentatibus
1263 2407 1496 2452 Romanum
1524 2407 1684 2451 cunctis
1713 2421 1838 2465 prae-

282 2483 413 2541 pollet
455 2485 693 2542 imperium.
748 2484 868 2530 Licet
913 2490 1052 2531 autem
1097 2500 1173 2544 per
1212 2499 1256 2530 se
1294 2485 1350 2529 sit
1386 2482 1673 2541 magnificum,
1718 2487 1838 2543 patet

282 2565 444 2617 tamen,
484 2563 584 2619 quia
619 2566 720 2607 tunc
758 2563 950 2621 splendet
986 2564 1223 2619 augustius,
1263 2576 1357 2607 cum
1394 2575 1420 2606 a
1447 2561 1579 2620 probo
1609 2565 1652 2606 et
1680 2561 1836 2608 illustri

281 2640 372 2683 viro
402 2640 574 2695 regitur.
621 2640 679 2684 Et
707 2641 801 2684 ideo
833 2644 974 2684 vestra
1002 2641 1189 2698 probitas
1215 2640 1431 2685 Gasinensi
1461 2642 1677 2683 succurrat
1705 2639 1835 2685 00010-

283 2717 389 2772 siae,
429 2731 483 2761 ne
519 2718 696 2762 rutilans
737 2718 841 2762 coeli
878 2732 1062 2774 gemma,
1101 2718 1145 2762 id
1186 2722 1250 2762 est
1279 2717 1516 2762 Casinensis
1547 2716 1740 2773 ecclesia,
1780 2717 1834 2762 (10

282 2794 418 2850 capite
457 2798 700 2839 cunctorum
738 2795 1031 2839 coenobiorum
1069 2796 1300 2851 auferatur,
1348 2798 1390 2838 et
1430 2794 1483 2837 ad
1520 2797 1678 2838 terram
1715 2793 1833 2851 elisa,

281 2871 456 2927 pedibus
487 2872 788 2916 Saracenorum
823 2873 894 2929 qui
926 2873 1120 2928 ignorant
1145 2872 1279 2916 Deum
1308 2870 1582 2916 conculcetur.
1681 2871 1837 2916 Petrus

377 2974 403 2995 ι.
425 2965 563 2996 carolino
585 2967 632 2997 ed.
663 2969 712 3004 Cf·
731 2969 814 2997 Petri
832 2969 924 2998 Diae.
939 2968 1045 2999 chron.
1065 2969 1135 2998 Cas.
1160 2966 1193 2997 L.
1207 2966 1257 2997 IV.
1278 2975 1304 2997 c.
1318 2967 1378 2997 104
1398 2967 1511 3006 p-816.
1592 2966 1622 2997 b.
1643 2966 1762 2999 differre
1782 2967 1831 2998 ed.
