1924 3288
324 197 413 242 290
829 209 1026 242 wmALm
1053 210 1273 244 Ems'roLA
1302 208 1373 241 170

208 308 299 344 1149
322 305 522 350 fecerunt
569 304 642 349 Set
671 305 708 349 si
737 305 1027 363 recordemini,
1059 306 1169 363 quod
1197 307 1338 364 ipsum
1358 308 1485 364 caput
1502 308 1708 362 nostrum,
1735 304 1877 364 ipsun

221 358 278 388 M
253 367 290 388 ¹
322 387 553 427 creatorem
583 386 625 427 et
653 383 962 441 redemptorem
991 386 1195 441 nostrum,
1226 385 1366 442 ipsum
1395 383 1541 428 mundi
1569 381 1704 428 toc'ius
1725 386 1770 429 et
1788 397 1877 428 om-

322 461 440 504 nium
476 474 618 504 rerum
656 461 871 505 dominum
910 462 1105 520 princeps
1139 462 1323 507 invidiae
1353 461 1542 506 diabolus
1572 461 1624 506 de
1652 460 1876 519 pinnaculo

321 538 470 595 templi
499 538 751 596 precipitare
778 540 906 584 noxia
924 540 1194 597 persuasione
1214 540 1366 594 voluit3
1399 539 1437 584 si
1455 539 1659 597 scriptum
1677 538 1876 594 recolitis,

255 660 261 665 ,
323 616 433 672 quod
467 629 632 672 omnes,
673 617 745 673 qui
779 618 850 675 pie
879 618 1025 662 volunt
1053 619 1097 662 in
1138 618 1303 663 Christo
1340 617 1501 673 vivere,
1545 617 1877 675 persecutionem

321 694 558 751 patiuntur3
598 694 634 738 si
663 696 867 739 memoria
895 696 1060 752 tenetis,
1101 696 1224 752 quod,
1255 709 1351 740 cum
1379 694 1619 738 immundus
1647 694 1822 752 spiritus
1852 693 1878 739 ἐι
1920 690 1924 694 ’

322 786 399 816 sua
441 772 569 816 fuerit
611 772 869 817 habitatione
914 773 1132 831 expulsus,
1176 774 1422 828 revertitur,
1469 771 1697 830 assumptis
1734 784 1877 816 secum

322 853 483 907 septem
518 850 786 906 nequioribus
822 847 908 905 se¹3
939 850 1061 895 facile
1098 852 1291 908 poteritis
1330 854 1595 896 contemnere
1612 848 1876 895 oblatrantis

322 927 436 983 vulgi
464 941 574 972 vana
601 928 758 972 iudicia
777 930 833 984 et,
865 927 1043 972 solidata
1062 929 1106 972 in
1129 929 1267 974 Deum
1286 943 1362 986 spe
1381 927 1628 983 certissima,
1658 926 1714 971 ad
1732 939 1877 974 emun-

321 1004 534 1050 dationem
564 1009 607 1050 et
633 1006 981 1050 restaurationem
1000 1006 1312 1051 Kaminatensis
1344 1005 1541 1050 ecclesiae
1565 1004 1792 1054 studiosius
1811 1004 1877 1053 in-

320 1083 504 1128 tendere.
627 1082 876 1128 Succurrere
913 1084 1056 1128 debuit
1093 1084 1227 1128 dolori
1261 1088 1400 1129 vestro
1432 1087 1475 1127 et
1503 1082 1635 1128 animi
1662 1081 1876 1130 molestias

321 1160 550 1217 detergere,
582 1161 693 1217 quod
723 1161 775 1206 de
805 1162 1087 1206 sacratissimo
1110 1166 1231 1220 patre
1259 1165 1403 1206 nostro
1432 1161 1658 1205 Benedicto
1686 1155 1876 1216 legant

321 1239 452 1295 quod,
490 1252 586 1283 cum
622 1239 668 1283 in
705 1252 802 1283 arce
839 1239 1077 1284 Gasinensis
1116 1240 1243 1284 castri
1279 1239 1439 1284 idolum
1475 1237 1685 1296 Apollinis
1722 1236 1876 1285 contri-

319 1316 450 1360 visset
493 1319 554 1372 et,
601 1330 675 1361 ara
719 1317 918 1362 subversa
961 1317 1149 1375 lucisque
1195 1318 1388 1374 succisis,
1434 1316 1618 1361 oratoria
1658 1315 1877 1364 beatorum

319 1393 514 1438 Iohannis
545 1397 588 1438 et
615 1393 788 1438 Martini
816 1396 1137 1451 construxisset,
1176 1395 1347 1451 demon,
1386 1394 1573 1439 eiusdem
1602 1393 1685 1438 loci
1712 1392 1876 1442 habit&-

318 1474 407 1527 tor,
449 1471 562 1529 cepit
596 1472 642 1515 in
679 1472 816 1516 virum
855 1473 1167 1517 sanctissimum
1203 1472 1422 1517 horrendis
1451 1472 1623 1516 vocibus
1652 1470 1876 1516 infremere

320 1551 362 1593 et
396 1549 549 1593 fratres
591 1549 725 1607 ipsius
763 1553 854 1594 tum
893 1551 987 1594 saxi
1022 1551 1206 1608 pondere
1246 1554 1337 1594 tum
1374 1549 1638 1607 phantastico
1675 1548 1876 1606 coquinae

318 1627 509 1670 incendio
547 1627 692 1671 multis
729 1628 1045 1683 fatigationibus
1079 1628 1256 1672 illudere
1284 1631 1375 1672 tum
1406 1627 1534 1672 etiam
1563 1625 1728 1684 pueruli
1756 1639 1875 1673 mon·

319 1704 412 1748 achi
447 1705 700 1749 contricione
730 1718 807 1750 nec
836 1720 922 1750 non
951 1706 1129 1750 senioris
1159 1706 1396 1762 cuiusdam,
1434 1705 1480 1748 in
1509 1717 1634 1762 quem
1661 1704 1874 1760 ingressus

319 1786 430 1838 erat,
471 1783 692 1827 vexatione
730 1797 800 1827 eos
838 1784 864 1828 a
900 1783 982 1828 loci
1011 1784 1260 1841 purgatione
1291 1787 1334 1828 et
1363 1783 1389 1827 a
1418 1785 1564 1827 sancta
1590 1781 1747 1827 ibidem
1776 1794 1874 1827 con-

318 1860 553 1907 versatione
590 1861 827 1906 detestabili
865 1862 968 1905 artis
1004 1875 1103 1906 suae
1131 1861 1311 1907 ludibrio
1342 1861 1563 1905 deterrere.
1608 1859 1704 1904 Non
1732 1860 1874 1916 itaque

318 1951 392 1982 vos
423 1938 662 1983 deterreant
699 1939 830 1983 aniles
859 1939 1044 1995 fabulae,
1090 1943 1175 1995 set,
1215 1937 1468 1983 confidentes
1498 1937 1550 1982 de
1586 1936 1874 1983 misericordia
1908 1967 1911 1970 -

318 2015 399 2060 Dei
434 2019 476 2060 et
504 2017 637 2074 ipsius
668 2017 946 2075 protectione,
985 2015 1149 2061 firmate
1178 2017 1224 2060 in
1253 2015 1543 2060 Kaminatensi
1572 2014 1748 2060 ecclesia
1774 2013 1872 2065 reli-

318 2093 498 2150 gionem,
529 2108 610 2151 que
641 2098 737 2139 ante
765 2098 957 2139 nostrum
986 2095 1143 2140 ibidem
1172 2094 1398 2139 adventum
1427 2106 1598 2151 prorsus
1623 2091 1871 2150 deperierat,

317 2175 495 2228 purgate
533 2175 576 2216 et
611 2172 750 2216 locum
788 2175 830 2217 et
860 2173 1020 2217 animas
1053 2173 1078 2218 a
1107 2173 1331 2217 demonum
1360 2170 1631 2216 contubernio
1661 2173 1704 2215 et
1732 2169 1873 2215 obser-

319 2252 413 2292 vate
444 2249 665 2305 diligenter
684 2251 875 2307 ipsorum
894 2251 1112 2294 versutias.
1205 2249 1314 2294 Sane
1335 2249 1514 2306 sumptis
1532 2248 1683 2292 litteris
1704 2247 1871 2303 nostris,

319 2340 422 2383 quas
460 2327 513 2370 ad
549 2341 624 2371 vos
663 2327 985 2385 destinavimus,
1024 2328 1278 2386 presentiam
1315 2326 1475 2370 domini
1505 2329 1548 2370 et
1575 2325 1709 2383 patris
1738 2325 1872 2370 nostri

318 2403 548 2448 Mindensis
570 2402 778 2463 episcopi³
800 2406 983 2462 adibitis,
1016 2409 1059 2451 et
1080 2420 1205 2464 super
1234 2404 1571 2450 reconciliatione
1597 2402 1782 2447 eiusdem
1805 2415 1871 2447 ec-

318 2481 483 2538 clesiae,
514 2496 640 2540 quam
670 2482 875 2540 pollutam
904 2484 1047 2528 fratris
1078 2484 1212 2528 nostri
1242 2496 1341 2527 casu
1371 2485 1414 2526 et
1438 2484 1573 2526 morte
1591 2481 1762 2537 iudicat,
1791 2480 1871 2524 mi-

318 2560 589 2605 sericordiam
618 2561 751 2618 ipsius
782 2561 1015 2619 implorate.
1062 2562 1129 2606 Ad
1161 2574 1287 2619 quam
1314 2559 1566 2615 legationem
1590 2558 1871 2616 peragendam

317 2651 394 2681 nos
437 2638 699 2696 prepositum
742 2638 1051 2694 A(delbertum)
1098 2643 1140 2684 et
1183 2624 1456 2684 camerarium
1501 2636 1549 2681 R.
1592 2636 1869 2692 designamus.

317 2715 474 2767 Quodsi
512 2717 640 2760 turris
671 2715 983 2761 Kaminatensis
1023 2716 1221 2761 ecclesiae
1259 2729 1445 2760 seorsum
1477 2715 1501 2758 a
1531 2718 1667 2759 cetero
1698 2726 1871 2771 corpore

317 2793 465 2851 templi
502 2793 587 2838 alia
615 2793 898 2838 Kalendarum
928 2794 995 2838 die
1026 2794 1219 2838 dedicata
1245 2793 1344 2848 fuit,
1381 2793 1533 2837 fratres
1562 2792 1696 2837 nostri
1725 2805 1870 2837 secure

318 2874 514 2927 poterunt
543 2871 589 2915 in
619 2884 669 2915 ea
697 2871 840 2915 divina
870 2871 1079 2916 celebrare
1108 2871 1319 2929 mysteria.

412 2960 445 2994 1.
470 2958 599 2995 Matth.
616 2959 672 3003 12,
689 2958 749 2995 45.
843 2960 877 2995 2.
904 2959 942 2995 in
958 2958 996 2996 S.
1013 2958 1123 3006 Greg.
1141 2958 1228 2995 dial.
1245 2958 1282 2994 11
1304 2967 1335 2994 c.
1354 2958 1481 3003 8-11,
1501 2968 1586 3004 opp.
1602 2957 1660 2996 ed.
1679 2956 1814 2995 Bened.
1833 2956 1868 2994 Π

317 3017 386 3053 229
397 3017 530 3054 -233,
627 3018 660 3053 3.
687 3017 862 3055 Heinrici.
