1924 3288
523 164 721 195 WIBALDI
750 163 1000 196 EPISTOLAE
1028 163 1099 195 265.
1123 164 1195 195 266.
1555 155 1642 198 393

75 258 290 304 beatitudo
310 259 572 316 promittitur
585 256 608 315 ¹,
631 259 788 304 idcirco
809 260 926 318 pacis
950 263 992 304 et
1011 260 1145 304 bonae
1166 261 1482 319 compositionis
1505 262 1643 307 studio
1668 267 1762 303 1150

77 336 132 381 ad
161 336 409 395 sopiendum
438 338 673 382 discordiae
703 338 875 395 malum,
908 339 1020 395 quod
1039 339 1150 383 inter
1170 353 1243 383 vos
1266 342 1308 384 et
1327 339 1520 384 abbatem
1543 340 1645 385 Cor-

76 415 307 472 beiensem,
346 430 495 461 revera
532 417 714 460 amicum
753 420 966 473 nostrum,
1006 420 1071 461 est
1100 420 1247 461 natum
1278 421 1320 462 et
1349 431 1445 463 eum
1476 432 1646 464 accessu

76 496 314 552 temporum
345 498 410 539 661
441 498 776 551 augmentatum,
810 507 905 538 cum
935 495 1137 539 fratribus
1166 498 1322 541 nostris
1351 497 1541 542 laborem
1570 512 1645 542 no·-

77 575 212 616 strum
242 572 421 617 libenter
450 574 746 632 impendimus.
810 572 888 616 Cui
917 573 1017 618 11661
1047 577 1240 631 speratus
1273 574 1442 620 effectus
1472 577 1646 621 minime

78 651 320 708 accesserit,
359 655 521 709 tamen,
562 653 661 710 quia
691 653 802 696 1111116
831 655 974 696 vestra
1002 653 1124 697 nobis
1153 655 1416 710 recognoscit
1445 655 1646 712 dignatio,

76 729 199 774 valde
229 730 458 786 gaudemus
491 734 532 775 et
564 731 617 774 ad
647 731 807 789 ipsum,
846 731 883 774 si
914 731 1160 789 expedierit,
1191 733 1489 777 resumendum
1519 733 1648 778 effici-

77 822 173 852 mur
216 809 511 867 promptiores.
582 809 814 853 Consilium
852 812 993 854 autem
1032 811 1175 854 sanius
1216 824 1285 867 eo,
1327 812 1437 868 quod
1474 812 1649 858 Hamele

77 886 196 931 vobis
226 888 537 944 intimavimus,
575 888 778 932 fratribus
809 889 965 932 nostris
996 888 1466 934 Hildeneshemensibus
1496 905 1650 950 prepo-

79 966 171 1010 sitis
208 967 255 1010 in
286 980 335 1011 eo
372 967 465 1024 ipso
506 966 627 1011 nobis
665 967 1009 1024 assentientibus,
1045 981 1159 1012 nunc
1188 969 1378 1013 invenire
1407 970 1648 1027 nequimus3

79 1045 125 1088 in
156 1058 237 1102 quo
268 1045 456 1088 omnium
486 1048 678 1089 nostrum
708 1045 858 1089 honori
882 1045 1136 1090 sufficienter
1154 1047 1372 1104 provisum
1393 1061 1485 1092 esse
1506 1050 1652 1093 existi-

79 1123 300 1167 mavimus.
342 1122 518 1168 Vestrae
548 1124 679 1179 igitur
710 1124 973 1168 discretionis
1005 1125 1226 1180 sagacitati
1249 1125 1565 1170 deliberandum
1583 1142 1651 1172 re-

79 1201 323 1258 linquimus,
354 1202 558 1259 nobisque
578 1202 857 1246 familiaribus
878 1204 1047 1260 scriptis
1068 1203 1382 1261 insinuandum,
1407 1205 1445 1248 si
1464 1205 1532 1249 vel
1551 1209 1652 1250 tunc

81 1280 343 1339 propositam
363 1280 432 1325 vel
463 1280 590 1324 aliam
610 1285 918 1339 competentem
937 1281 1289 1327 reconciliationis
1309 1283 1424 1327 viam
1445 1285 1652 1330 sustinere

81 1359 323 1415 dignemini.
381 1358 500 1412 Quod
530 1360 567 1404 si
598 1374 623 1404 a
653 1361 771 1405 vobis
802 1362 893 1405 sine
924 1360 1198 1417 ambiguitate
1227 1363 1568 1420 cognoverimus,
1599 1378 1653 1408 ne

81 1438 277 1483 videlicet
305 1437 424 1482 labor
454 1441 598 1482 noster
627 1438 703 1482 fiat
732 1439 892 1495 irritus,
925 1440 962 1483 si
991 1440 1142 1484 iterato
1169 1454 1266 1484 eum
1286 1443 1652 1499 assumpserimus,

81 1520 130 1561 ut
160 1517 336 1561 domnus
369 1517 498 1561 abbas
530 1518 576 1560 in
605 1517 718 1574 loco,
752 1518 805 1561 ad
837 1531 961 1574 quem
991 1521 1108 1562 tutus
1141 1519 1180 1562 ei
1211 1519 1267 1563 sit
1298 1533 1502 1577 accessus,
1533 1521 1653 1565 vobis

83 1598 286 1652 occurrat,
319 1598 361 1639 et
390 1599 438 1639 ut
468 1596 673 1640 dissensio
704 1610 878 1654 presens
907 1597 1131 1640 honestum
1149 1596 1277 1642 finem
1299 1598 1491 1656 accipiat,
1524 1613 1654 1656 quan-

83 1678 174 1719 tum
202 1674 449 1732 poterimus,
479 1673 661 1718 fideliter
690 1674 882 1718 laborare
913 1689 998 1719 non
1028 1675 1298 1720 cessabimus.

87 1817 205 1865 266.
229 1819 443 1863 Wibaldus
479 1818 789 1862 stabulensibus
826 1820 966 1863 scribit
1004 1820 1055 1862 de
1090 1836 1167 1862 sua
1206 1835 1298 1863 cum
1328 1818 1525 1863 Heinrico
1567 1822 1655 1879 epi-

233 1912 356 1955 scopo
382 1897 593 1940 Mindensi
623 1898 909 1940 controversia.
955 1896 1172 1953 Hortatur,
1204 1905 1251 1941 ut
1279 1914 1398 1941 suam
1430 1882 1656 1942 absentiam

163 2007 169 2013 -
227 1977 436 2034 patienter
455 1974 614 2034 ferant.
1438 1974 1511 2030 (M.
1536 1976 1654 2031 248.)

206 2065 355 2109 Frater
384 2062 637 2118 W(ibaldus)
669 2063 750 2108 Dei
787 2064 925 2120 gratia
957 2063 1218 2108 Stabulensis
1255 2064 1480 2110 aecclesiae
1511 2079 1657 2111 servus

87 2144 303 2200 R(oberto)
335 2142 567 2187 venerabili
604 2142 761 2186 decano
793 2146 835 2187 et
865 2143 1040 2187 caeteris
1073 2143 1236 2188 dilectis
1265 2142 1363 2188 filiis
1397 2143 1658 2189 Stabulensis

91 2223 316 2268 aecclesiae
346 2221 547 2265 fratribus
577 2220 913 2265 benedictionem
945 2225 987 2265 et
1016 2221 1149 2266 vitam
1179 2236 1311 2279 usque
1340 2223 1386 2266 in
1417 2223 1615 2267 seculum.

208 2300 402 2344 Meminit
432 2299 599 2344 dilectio
620 2303 773 2356 vestra,
809 2303 966 2357 quanta
986 2300 1219 2357 vigilantia,
1252 2304 1409 2357 quanta
1438 2301 1659 2346 devotione

91 2381 136 2424 in
166 2378 432 2423 sublevandis
464 2382 506 2422 et
535 2378 830 2435 promovendis
861 2378 986 2422 rebus
1007 2378 1184 2423 dilectae
1203 2380 1352 2423 matris
1372 2383 1542 2423 nostrae
1564 2379 1659 2423 Sta-

91 2458 276 2503 bulensis
315 2457 540 2501 aecclesiae
581 2470 747 2513 semper
782 2457 935 2500 intenti
970 2457 1194 2511 fuerimus3
1235 2458 1346 2514 quod
1385 2461 1427 2502 et
1462 2458 1658 2514 deinceps

1701 2077 1794 2114 1150

1683 2129 1810 2158 exeunte

1707 2169 1788 2199 Maio

92 2550 177 2581 non
208 2536 390 2592 segniori
420 2535 636 2591 instantia,
668 2535 712 2577 in
744 2538 946 2590 quantum
967 2534 1081 2579 Deus
1102 2535 1315 2579 laboribus
1336 2536 1492 2579 nostris
1513 2536 1660 2580 adesse

95 2614 355 2671 dignabitur,
401 2614 615 2658 faciemus.
684 2612 795 2656 Nam
833 2613 944 2669 quod
982 2613 1035 2656 ad
1074 2613 1350 2657 sublevandas
1387 2614 1658 2657 necessitates

93 2696 276 2748 vestras,
311 2706 412 2736 mox
442 2696 490 2736 ut
521 2706 546 2736 a
576 2691 746 2736 servitio
779 2691 922 2734 domni
951 2691 1062 2745 regis
1095 2694 1137 2735 et
1167 2705 1192 2735 a
1222 2692 1339 2735 curia
1367 2692 1501 2749 ipsius
1533 2705 1659 2749 expe-

95 2771 173 2815 diti
201 2767 394 2826 fuimus²,
426 2771 606 2814 transire
639 2770 691 2813 ad
711 2783 785 2812 vos
817 2768 1069 2824 distulimus,
1100 2770 1383 2827 impedierunt
1413 2783 1489 2813 nos
1517 2769 1659 2813 multi-

94 2848 225 2905 plices
257 2861 381 2892 curae
413 2851 455 2893 et
484 2848 724 2904 gravissimi
753 2847 938 2903 labores,
977 2860 1078 2904 quos
1109 2847 1155 2891 in
1186 2847 1427 2891 Corbeiensi
1459 2848 1660 2893 aecclesia

191 2936 224 2972 1.
248 2935 377 2973 Matth.
395 2936 428 2982 5,
445 2937 479 2973 9.
576 2937 610 2973 2.
635 2935 725 2982 Apr.
746 2936 803 2972 20.
837 2935 881 2973 V.
901 2946 957 2981 ep.
977 2935 1045 2972 251
1071 2946 1183 2981 supra
1206 2946 1243 2981 p.
1261 2935 1330 2972 374
1354 2946 1391 2972 11.
1408 2936 1443 2972 3.
