1924 3288
320 214 403 259 176
826 226 1023 257 wmALm
1050 225 1270 258 nms‘rom
1294 226 1364 257 101.

323 337 435 384 101.
466 339 676 383 Wibaldus
697 338 1002 382 Corbeiensibus
1031 339 1082 383 de
1110 340 1230 383 rebus
1248 340 1333 382 suis
1349 340 1471 397 yestt's
1488 339 1722 400 aquilem,-
1735 327 1869 409 {affl

470 418 528 460 ad
557 432 624 460 eos
655 417 720 459 die
752 416 810 459 14
838 431 892 459 m.
914 417 1089 474 Auyusti
1109 424 1418 475 perventurum.
1634 436 1638 439 ·
1679 413 1866 471 (1284.)

200 520 292 556 1148
433 516 682 572 W(ibaldus)
704 516 784 561 Dei
814 517 951 572 gratia
981 516 1241 562 Corbeiensis
1274 517 1400 562 abbas
1431 515 1593 562 dilectis
1621 516 1668 562 in
1698 515 1864 562 Christo

315 591 412 637 filiis
444 597 485 638 et
513 594 712 638 fratribus
744 595 829 638 suis
850 594 900 638 E.
924 594 1152 639 venerabili
1180 595 1311 653 priori
1338 599 1380 639 et
1407 594 1580 640 caeteris
1601 579 1862 661 (1011101011ὲί3

317 671 539 715 aecclesiae
567 671 665 716 filiis
697 672 1028 716 benedictionem
1059 676 1101 717 et
1130 673 1260 717 vitam
1291 687 1422 730 usque
1450 673 1496 716 in
1526 670 1723 717 seculum.

432 749 558 794 Racio
591 750 755 794 consilii
786 754 828 795 et
846 750 1030 794 instituti
1048 750 1183 794 nostri
1201 751 1411 808 poscebat,
1441 754 1489 794 ut
1509 749 1622 808 apud
1641 748 1863 808 stabulans

314 840 476 870 moram
509 827 741 884 longiorem
770 828 999 872 faceremus
1029 842 1113 871 non
1145 828 1279 872 solum
1309 841 1386 885 pro
1415 828 1677 873 removendis
1705 815 1863 886 impor-

313 905 584 962 tunitatibus,
625 920 731 962 quae
770 910 825 950 et
850 905 1140 950 Stabulensem
1179 906 1420 950 aecclesiam
1459 909 1501 950 et
1536 909 1670 950 totam
1705 909 1863 951 terram

312 981 608 1039 Lotharingiae
636 983 882 1039 fatigabant,
914 997 1060 1027 verum
1084 983 1210 1027 etiam
1232 984 1330 1040 quia
1350 983 1449 1027 ordo
1471 983 1641 1040 quidam
1661 986 1704 1028 et
1719 996 1866 1054 rerum

311 1061 537 1105 necessitas
567 1062 830 1119 paucissimis
861 1061 1124 1105 considerata
1153 1061 1363 1118 postulare
1392 1061 1624 1118 videbatur,
1654 1063 1702 1104 ut
1730 1074 1863 1118 usque

312 1138 367 1181 ad
403 1143 529 1196 caput
564 1139 713 1183 hiemis
751 1140 894 1184 abesse
926 1152 951 1182 a
980 1139 1097 1183 vobis
1129 1139 1384 1183 deberemus.
1446 1138 1668 1183 Caeterum
1695 1150 1772 1183 nos
1803 1162 1860 1169 —

313 1215 385 1272 qui
421 1216 548 1260 etiam
582 1217 630 1261 in
666 1231 712 1261 re
749 1217 854 1261 bene
892 1217 1062 1275 provisa
1096 1220 1138 1260 et
1169 1231 1194 1260 a
1222 1216 1342 1261 nobis
1374 1215 1642 1272 singulariter
1670 1206 1867 1261 ordinata

311 1292 539 1337 multorum
574 1308 837 1339 communem
867 1295 1123 1339 sentenciam
1153 1294 1270 1351 sequi
1299 1295 1586 1338 consuevimus
1617 1318 1672 1324 —
1703 1289 1861 1347 tociens

311 1372 448 1414 vocati
485 1386 510 1415 a
538 1373 679 1428 vobis,
717 1373 803 1416 iam
839 1386 924 1416 non
953 1372 1095 1416 venire
1133 1386 1218 1415 non
1255 1372 1474 1428 audemus,
1512 1372 1646 1428 magis
1675 1361 1866 1416 volentes

311 1451 449 1491 vestro
480 1449 656 1506 iudicio,
688 1450 726 1493 si
754 1451 816 1494 ita
846 1463 949 1507 opus
981 1453 1063 1505 031,
1096 1463 1249 1505 errare,
1281 1463 1406 1506 quam
1435 1450 1480 1493 in
1509 1453 1677 1494 nostrae
1707 1445 1861 1494 delibe-

310 1526 486 1569 rationis
515 1528 753 1585 proposito,
788 1527 888 1571 licet
915 1530 1077 1571 rectum
1107 1530 1148 1570 et
1178 1540 1431 1583 consequens
1462 1527 1666 1583 videatur,
1695 1521 1863 1585 perma-

311 1616 422 1647 nere.
544 1604 601 1648 Ut
631 1608 772 1649 autem
801 1605 907 1648 sciat
936 1608 1077 1648 vestra
1106 1605 1369 1661 fraternitas,
1407 1608 1571 1662 tempus
1601 1604 1721 1649 nobis
1751 1603 1862 1668 ocio-v

311 1693 405 1723 sum
433 1694 519 1724 non
547 1682 786 1739 preterisse,
817 1683 927 1726 inter
958 1683 1152 1726 comitem
1180 1682 1484 1726 Namucensem
1515 1686 1557 1727 et
1586 1682 1780 1726 comitem
1802 1680 1861 1727 'de

308 1756 400 1801 Lon
439 1762 481 1802 et
516 1760 711 1804 comitem
742 1759 793 1803 de
823 1759 1063 1816 Dasburch‚
1103 1774 1279 1817 quorum
1309 1760 1516 1804 discordia
1544 1763 1676 1804 totam
1704 1752 1862 1804 terram

308 1835 536 1892 lacerabat,
576 1850 726 1894 pacem
763 1837 852 1882 Deo
893 1841 1061 1882 auctore
1099 1852 1230 1894 usque
1266 1838 1311 1881 in
1348 1838 1455 1882 festo
1494 1837 1628 1882 sancti
1659 1831 1863 1896 Remigii¹

307 1913 505 1968 fecimu83
546 1918 670 1971 atque
708 1915 818 1959 inter
856 1915 1054 1959 comitem
1093 1915 1144 1959 de
1173 1915 1314 1973 Rupe,
1353 1916 1425 1972 qui
1460 1919 1602 1960 noster
1637 1914 1861 1959 advocatus

311 1994 387 2046 est,
419 1994 461 2035 et
490 1992 685 2036 comitem
716 1993 766 2036 de
797 1991 938 2036 Monte
969 1996 1103 2049 acuto,
1136 1993 1207 2050 qui
1226 1993 1453 2037 multorum
1471 1992 1752 2037 incitamentis
1770 2005 1861 2037 ma-

310 2068 425 2112 xima
453 2069 563 2113 inter
594 2083 639 2113 se
669 2070 779 2114 bella
808 2070 1045 2126 movebant,
1076 2069 1280 2114 finitivam
1311 2074 1352 2114 et
1380 2070 1460 2114 toti
1478 2074 1615 2115 terrae
1634 2058 1863 2115 salutarem

309 2146 573 2190 concordiam
603 2147 933 2192 reformavimus.
980 2148 1256 2192 Adversarios
1276 2151 1454 2207 nostros,
1485 2148 1557 2204 qui
1574 2147 1685 2192 bona
1704 2140 1859 2192 aeccless

309 2223 395 2267 siae
425 2227 594 2268 nostrae
625 2225 899 2282 diripuerant,
932 2225 1074 2269 divina
1093 2225 1285 2283 potencia
1305 2225 1480 2281 subegit,
1511 2228 1558 2268 ut
1576 2225 1695 2269 nobis
1715 2222 1860 2270 nostra

309 2314 404 2344 cum
439 2302 599 2357 ingenti
630 2303 913 2347 satisfactione
943 2303 1178 2347 restituant.
1239 2303 1308 2346 Ad
1338 2301 1564 2346 sedandam
1593 2316 1691 2346 vero
1721 2302 1859 2361 ipsam

309 2378 584 2435 discordiam,
623 2394 728 2436 quae
767 2384 829 2424 031
859 2381 970 2424 111101·
999 2381 1113 2438 111303
1146 2384 1187 2424 01
1216 2379 1509 2424 ministeriales
1538 2383 1725 2436 nostros,
1762 2374 1862 2424 cum

308 2455 381 2499 diu
410 2456 671 2514 multumque
695 2457 1036 2514 laboraverimus,
1067 2458 1300 2516 pauxillum
1319 2457 1520 2515 temporis
1541 2457 1856 2516 assumpsimus,

307 2533 353 2576 in
383 2547 463 2591 quo
496 2534 649 2591 omnia,
679 2534 760 2579 Dei
790 2535 1011 2579 adiuvante
1042 2535 1279 2591 clemencia,
1310 2535 1363 2578 ad
1381 2534 1611 2592 perfectum
1629 2534 1863 2592 perducere.

308 2611 532 2655 valeamus.
580 2611 637 2655 Et
672 2612 717 2656 in
754 2612 898 2668 vigilia
936 2613 1231 2670 assumptionis
1269 2610 1436 2656 sanctae
1474 2609 1653 2656 Mariae'
1693 2611 1747 2656 ad
1781 2626 1857 2656 vos

308 2701 404 2733 cum
433 2687 627 2733 karitatis
657 2690 808 2746 gaudio
839 2690 1142 2748 perveniemus.

403 2795 437 2831 1.
460 2794 540 2832 Oct.
559 2795 592 2831 1.
685 2795 720 2832 2.
746 2795 842 2843 Aug.
862 2796 918 2832 14.
