1924 3288
318 182 405 226 604
865 195 1114 229 unsri-omn
1140 197 1201 228 472
1211 213 1245 219 —
1255 197 1326 229 4⁷4,

177 293 269 328 1162
433 289 781 334 Predecessorum
800 294 1039 335 nostrorum
1053 293 1232 349 vestigia
1245 294 1413 350 imitati,
1435 295 1714 342 abbatiam-de
1723 295 1875 348 Werve

154 341 237 382 8⁰¹sp
253 342 291 372 ¹¹
316 367 370 411 ad
398 367 465 412 ius
495 371 538 412 et
566 368 871 425 proprietatem
898 369 1010 414 beati
1029 369 1144 415 Petri
1168 371 1405 428 specialiter
1423 375 1703 431 pertinentem
1722 374 1873 421 dilecto

313 443 400 489 filio
420 444 647 500 G(onrado)
669 445 912 490 Corbeiensi
941 447 1083 492 abbati
1102 450 1328 505 regendam
1348 452 1743 510 custodiendamque
1760 465 1874 499 eom»-

312 523 518 579 misimus,
550 527 781 580 sperantes,
813 525 924 580 quod
954 526 1043 570 eius
1073 527 1338 584 providentia
1368 532 1536 574 auctore
1555 530 1738 576 Domino
1765 532 1873 576 παίν-

311 601 404 658 piat
431 601 749 645 incrementum.
792 601 949 646 Verum
979 604 1079 660 quia
1108 617 1246 649 comes
1271 605 1428 662 Bobbo,
1459 607 1532 664 qui
1561 608 1651 654 eius
1680 609 1873 660 abbatiae

312 691 357 722 se
388 678 540 721 asserit
570 679 831 736 advocatum,
863 681 1083 725 cenobium
1111 681 1339 727 Wervense
1369 687 1412 728 et
1439 686 1650 742 prefatum
1679 687 1872 732 abbatem

310 756 439 799 variis
469 756 771 812 inquietatibus
802 758 1049 816 perturbare
1078 759 1277 817 minatur,
1309 761 1551 807 discretioni
1579 767 1678 809 tuae
1696 765 1871 810 manda-

309 847 403 877 mus
434 837 558 890 atque
588 834 864 892 precipimus,
901 839 950 880 ut
985 850 1080 880 eum
1116 837 1303 883 districte
1333 852 1597 887 commoneas
1605 849 1634 899 ⁸,
1648 856 1650 858 ·
1664 840 1870 900 quatenns

310 911 362 956 ab
401 910 564 956 abbatis
600 915 642 956 et
672 913 836 957 cenobii
864 914 1130 960 infestatione
1161 917 1360 973 quiescat.
1423 918 1579 971 Quodsi
1607 921 1691 964 tuis
1719 929 1869 979 parere

309 990 700 1035 commonitionibus
725 994 1025 1037 contumaciter
1054 998 1096 1038 et
1120 995 1299 1052 superbe
1329 998 1639 1055 contempserit,
1664 999 1870 1044 ¹(amonica

308 1080 404 1111 eum
435 1081 612 1113 censura
631 1082 820 1114 coercere
839 1084 1051 1129 procures.
1092 1071 1205 1116 Data
1223 1072 1414 1118 Bisuntie
1435 1076 1462 1118 3
1478 1075 1575 1119 Idus
1596 1074 1866 1135 Septembris.

306 1203 426 1251 473.
453 1206 692 1251 Fridericus
712 1207 742 1252 Ι
763 1209 990 1266 imperator
1019 1211 1174 1269 Adolfo
1205 1213 1256 1254 de
1285 1212 1418 1255 Dasle
1441 1215 1662 1272 praecipit,
1690 1229 1744 1258 m
1766 1213 1866 1259 Gor·-

454 1280 675 1322 beiensium
705 1281 813 1323 bona
845 1279 1122 1326 Silehusensia
1151 1282 1347 1341 infestet&
1787 1346 1792 1349 ·

80 1364 291 1401 1180-1190
421 1359 694 1416 F(ridericus)
731 1362 813 1406 Dei
858 1364 997 1419 gratia
1032 1365 1315 1411 Romanorum
1354 1367 1584 1425 imperator
1619 1371 1664 1413 et
1699 1381 1866 1428 semper

304 1441 505 1495 augustus
535 1438 689 1483 Adolfo
721 1439 772 1484 de
801 1440 930 1486 Dasle
942 1439 965 1486 ¹.
1793 1502 1797 1503 ⁷

418 1515 487 1560 Ex
536 1517 799 1573 querimonia
834 1518 1019 1564 fidelium
1055 1524 1296 1566 nostrorum
1333 1522 1647 1568 Corbeiensium
1683 1524 1864 1574 fratrum

301 1594 589 1650 eognovimus,
630 1596 742 1652 quod
779 1599 827 1640 tu
864 1597 974 1641 bona
1013 1612 1157 1642 eorum
1194 1600 1240 1643 in
1271 1599 1488 1645 Silehusen
1523 1602 1579 1645 ad
1604 1602 1863 1660 prebendam

299 1671 488 1729 ipsorum
519 1674 773 1730 pertinentia
802 1675 976 1720 invadas
1008 1680 1050 1720 et
1080 1677 1139 1721 eis
1172 1678 1349 1734 auferas,
1381 1693 1468 1743 que
1491 1680 1575 1737 ipsi
1605 1693 1659 1724 ex
1680 1680 1862 1725 sinodali

299 1750 507 1794 sententia
537 1764 563 1793 a
591 1751 722 1796 fratre
751 1755 824 1796 tuo
834 1750 863 1809 ²,
895 1754 966 1810 qui
998 1768 1067 1799 eos
1100 1756 1227 1799 etiam
1257 1756 1303 1800 in
1333 1757 1490 1801 eisdem
1512 1757 1633 1802 bonis
1654 1759 1859 1816 gravavit,

301 1827 585 1885 optinuerunt.
627 1829 714 1874 Nos
744 1830 899 1888 itaque,
930 1832 1090 1877 nullam
1119 1834 1316 1878 iniuriam
1348 1838 1422 1878 aut
1449 1849 1677 1890 gravamen
1705 1838 1859 1885 abali-

297 1918 379 1962 quo
412 1905 472 1949 eis
502 1905 650 1950 inferri
671 1908 869 1965 volentes,
900 1911 1149 1955 mandamus
1173 1912 1251 1956 tibi
1271 1913 1348 1957 sub
1369 1916 1543 1971 optentu
1561 1915 1698 1970 gratie
1715 1919 1858 1971 nostre

295 1983 588 2040 precipientes,
622 1986 817 2041 quatinus
849 1987 900 2031 ab
930 1988 1009 2032 hac
1037 1989 1305 2034 infestatione
1333 1991 1384 2035 de
1405 1995 1542 2036 cetero
1562 2006 1735 2037 manum
1761 1994 1857 2039 abs-

293 2061 429 2105 tineas
460 2064 504 2105 et
534 2061 673 2106 ablata
704 2065 764 2108 eis
793 2066 856 2109 ita
884 2066 1146 2122 integraliter
1182 2069 1393 2125 restituas,
1424 2083 1478 2114 ne
1507 2069 1702 2129 deinceps
1728 2083 1856 2131 snper

293 2140 373 2184 hoc
410 2140 672 2197 querimonia
709 2142 763 2185 ad
798 2146 943 2188 nostre
971 2145 1275 2200 magnitudinis
1306 2147 1596 2192 excellentiam
1622 2150 1853 2207 perveniat.

294 2218 496 2275 Alioquin
526 2232 752 2274 gravamen
781 2225 924 2265 nostre
955 2223 1191 2276 severitatis
1222 2224 1389 2269 sentieS.

293 2354 412 2401 474.
438 2355 727 2400 Wichmannus
763 2359 1092 2419 archiepiscopus
1120 2362 1486 2421 Maqdeburqensis
1514 2363 1747 2409 Widilcindo
1778 2367 1850 2413 αὖ·

442 2429 527 2471 bati
559 2428 790 2473 Corbeiensi
821 2432 871 2473 de
902 2447 947 2474 eo
979 2435 1253 2476 consecrando
1283 2436 1502 2478 rescribw.

174 2513 267 2549 1190
410 2502 709 2549 wichmannus
746 2506 827 2550 Dei
867 2508 1004 2563 gratia
1042 2513 1183 2554 sancte
1220 2509 1588 2568 Magdeburgensis
1626 2511 1850 2559 aecclesiae

200 2562 255 2593 Inl’
388 2597 415 2618 a.
436 2596 576 2618 comneas
600 2588 668 2618 cod.
750 2588 780 2620 b.
802 2592 924 2632 Legitur
945 2592 1019 2622 haec
1041 2594 1171 2631 epistola
1191 2595 1220 2623 x’n
1243 2595 1357 2625 codicis
1377 2595 1527 2635 quondam
1547 2596 1739 2632 Coreeimsis,
1760 2597 1850 2628 hodie

290 2643 548 2678 monasteriensis,
571 2642 686 2672 membr.
701 2643 819 2683 signati
837 2643 859 2674 I.
882 2645 950 2675 182.
971 2647 1029 2682 fol.
1042 2646 1111 2683 145,
1132 2648 1247 2686 scripta
1262 2659 1351 2678 manu
1371 2659 1453 2680 eaeo.
1469 2648 1544 2680 21'11.
1626 2656 1651 2678 c.
1674 2650 1714 2679 Et
1729 2649 1804 2680 hm
1820 2655 1849 2680 et

289 2707 337 2731 ea,
361 2707 439 2735 quae
459 2697 591 2736 sequitur
611 2696 756 2735 epistola,
775 2699 879 2736 posita
900 2705 943 2728 eu
964 2710 1054 2730 manu
1075 2711 1154 2730 saec.
1174 2702 1242 2732 ΧΗ
1264 2703 1294 2731 in
1314 2702 1371 2738 fol.
1383 2701 1441 2732 131
1465 2702 1580 2733 ιοάίοἰι
1601 2703 1754 2743 quondam
1777 2705 1848 2735 Cora

290 2748 431 2784 baiensis,
460 2749 549 2779 hodie
576 2751 838 2787 Monaeterieneis,
864 2753 981 2792 signati
1006 2752 1028 2782 1.
1052 2754 1120 2783 132.
1161 2755 1322 2795 Utramque
1348 2756 1506 2794 epistolam
1535 2756 1663 2786 antehac
1691 2756 1846 2788 edida-mn

289 2803 428 2833 naneae
448 2808 477 2832 a
496 2802 628 2833 Durand
650 2803 729 2835 Coll.
747 2805 771 2834 1.
789 2803 851 2834 994
871 2811 899 2834 et
920 2806 1040 2836 Erhard
1060 2809 1136 2848 Bag.
1158 2808 1296 2847 meh.
1313 2810 1347 2839 11
1369 2809 1444 2840 eod.
1459 2809 1534 2848 dipl.
1554 2819 1586 2848 p.
1605 2809 1675 2840 218.

384 2859 417 2895 1.
442 2858 615 2896 Adolfum
637 2860 657 2896 I
680 2861 848 2897 comitem
873 2861 919 2897 de
938 2862 1048 2899 Dasle
1072 2864 1109 2900 in
1136 2864 1269 2900 tabulis
1294 2875 1467 2901 annorum
1493 2867 1726 2903 1180—1224
1747 2877 1843 2904 oom-

287 2927 434 2964 parere,
480 2918 587 2956 docet
622 2920 770 2967 Mooyer
811 2921 849 2957 in
885 2921 1025 2958 Ethard
1063 2927 1100 2959 et
1139 2923 1374 2960 Rosenkranz
1411 2925 1617 2962 Zeitschrift
1650 2926 1748 2964 VIII.
1785 2928 1841 2964 92.

287 2978 320 3013 2.
347 2977 501 3015 Ludolfo
517 2979 545 3026 Ι,
572 2980 633 3026 qui
650 2979 754 3016 annis
771 2980 1003 3018 1180—1209
1021 2982 1058 3018 in
1073 2982 1206 3020 tabulis
1222 2986 1416 3031 comparet,
1435 2987 1581 3022 auctore
1595 2985 1766 3033 Mooyero
1781 2987 1805 3023 l.
1817 2987 1840 3023 Ι.
