1924 3288
304 209 387 253 178
811 220 1010 252 wmALm
1037 217 1258 252 nms'rons
1283 218 1354 251 108.

182 319 275 356 1148
418 314 510 360 Lex
539 328 659 359 sacra
686 314 880 372 precipit,
909 318 958 358 ut
986 314 1031 358 in
1061 313 1264 359 sacrificio
1295 313 1359 358 sal
1389 312 1587 359 offerahu·
1597 310 1621 358 ¹.
1665 311 1724 359 nt
1753 317 1854 372 apo?

301 392 432 437 stolus
464 394 584 437 dicit:
619 393 685 436 Sit
711 408 842 435 sermo
872 400 1001 435 vester
1019 393 1106 436 sale
1125 388 1345 436 conditus².
1393 390 1668 449 Quaecunque
1686 389 1856 436 «solidita

299 484 384 515 non
405 474 504 515 sunt
531 470 630 525 sale,
662 469 846 526 insipida
875 473 974 513 sunt
1003 472 1046 512 et
1065 469 1119 512 ad
1137 469 1345 512 humanae
1363 468 1604 515 refectionis
1621 467 1855 526 profectum

299 549 473 592 minime
495 547 773 591 accommoda.
802 546 946 590 Virtus
966 546 1083 590 nulla
1102 549 1179 602 est,
1197 559 1323 602 quam
1343 545 1539 590 discretio
1557 545 1733 601 deserit3
1752 545 1858 593 buc

301 630 365 670 est
395 626 457 669 sal
488 629 530 669 et
559 625 870 683 condimentum
899 638 1054 680 rerum,
1086 637 1192 681 quae
1222 623 1333 667 inter
1362 623 1492 668 bonas
1513 626 1856 669 annumerantur.

300 703 487 747 Virtutes
525 703 571 746 in
610 701 843 746 meditullio
881 702 1043 759 positae
1079 705 1178 746 sunt
1212 701 1323 745 inter
1352 701 1612 745 nimietatem
1641 704 1684 747 et
1710 700 1856 760 panci-

298 783 441 824 tatem.
490 780 604 824 Haec
634 783 699 824 est
727 780 797 824 via
825 780 955 836 regia,
985 780 1031 823 in
1061 792 1145 836 qua
1174 778 1344 836 superbi
1374 778 1634 823 abscondunt
1660 774 1855 835 laqueo&

298 858 440 913 nobis,
479 858 525 900 in
561 871 643 914 qua
671 858 733 901 ita
762 860 826 902 est
856 857 1173 912 ambulandum,
1212 859 1260 900 ut
1289 870 1424 913 neque
1455 855 1509 900 ad
1538 855 1756 901 dexteram
1783 855 1857 901 de-

298 935 500 979 clinemus
531 949 608 993 per
637 935 991 979 inconsideratum
1023 934 1107 990 zeli
1142 934 1351 992 pronioris
1390 933 1602 991 ardorem,
1637 947 1774 992 neque
1802 932 1857 979 ad

299 1013 515 1057 sinistram
545 1013 758 1058 deviemus
785 1027 862 1070 per
882 1012 1108 1057 dissolutae
1128 1012 1388 1056 remissionis
1407 1014 1633 1069 torporem.
1723 1009 1856 1064 Quor-

298 1105 392 1134 sum
422 1091 551 1135 haec?
594 1090 701 1143 Quia
730 1090 925 1135 videlicet
953 1091 998 1134 in
1029 1104 1092 1146 eo,
1125 1090 1235 1147 quod
1263 1103 1340 1134 nos
1369 1093 1459 1133 tam
1487 1089 1739 1146 frequenter,
1767 1091 1859 1134 tam

298 1168 506 1213 instanter
534 1169 754 1224 revocatis,
785 1169 969 1224 modum,
1002 1169 1075 1224 qui
1105 1171 1168 1212 est
1188 1167 1452 1211 discretionis
1473 1179 1626 1223 comeS,
1657 1165 1859 1211 excedere

298 1247 512 1291 videmini.
561 1246 667 1290 Cum
699 1246 810 1290 enim
841 1249 987 1290 sancta
1017 1249 1058 1289 et
1087 1245 1336 1290 venerabilis
1366 1248 1502 1289 mater
1530 1247 1677 1288 nostra
1704 1242 1857 1289 Stabu-

298 1324 426 1368 lensis
458 1324 661 1368 aecclesia
679 1324 824 1368 multis
845 1324 973 1368 fuerit
993 1323 1139 1368 attrita
1157 1323 1379 1380 pressuris,
1411 1322 1671 1367 occasionem
1689 1321 1858 1380 rapien-

298 1402 411 1446 tibus
442 1402 631 1459 inprobis
663 1416 715 1446 ex
741 1415 802 1458 eo,
835 1401 959 1458 quod,
989 1401 1177 1445 divinam
1196 1400 1459 1445 vocationem
1488 1403 1530 1444 et
1549 1403 1735 1444 vestram
1752 1412 1857 1445 nna—

298 1480 457 1524 nimem
498 1479 743 1523 electionem
774 1479 927 1534 secuti,
968 1479 1021 1522 ad
1050 1492 1124 1522 vos
1155 1478 1447 1534 transivimus,
1485 1476 1664 1535 impium
1693 1479 1787 1522 erat
1814 1479 1858 1531 et

300 1558 415 1601 omni
444 1557 580 1601 bestia
598 1557 761 1601 furente
782 1556 1003 1612 crudelius,
1035 1570 1128 1600 eam
1148 1556 1193 1599 in
1213 1555 1418 1611 angustiis
1439 1558 1482 1599 et
1498 1555 1585 1598 iam
1604 1554 1857 1613 inpendente

299 1635 423 1679 ruina
453 1635 656 1679 deserere.
716 1634 968 1678 Intravimus
997 1634 1043 1677 in
1074 1633 1250 1678 eandem
1279 1632 1524 1677 aecclesiam
1551 1645 1629 1690 per
1658 1628 1857 1687 ostiumst

301 1712 412 1769 quod
443 1712 494 1756 de
524 1713 614 1757 vita
644 1715 686 1756 et
715 1713 902 1756 moribus
932 1712 1089 1756 nostris
1120 1711 1257 1755 dicere
1279 1723 1542 1768 nequaquam
1560 1709 1856 1767 presumimus,
1887 1704 1889 1706 ’

300 1793 364 1834 set
403 1790 454 1834 de
490 1793 580 1834 tota
619 1790 882 1834 ordinatione
918 1793 960 1834 et
998 1789 1263 1847 provectibus
1299 1787 1456 1832 nostris
1492 1787 1617 1845 plane
1647 1785 1856 1833 affirmare

298 1881 384 1911 non
402 1867 688 1911 formidamus.
722 1867 977 1912 Videbamus
1002 1867 1143 1924 itaque
1164 1880 1247 1910 non
1266 1865 1414 1923 lupum
1432 1878 1563 1909 unum
1582 1861 1855 1920 venientem‘‚

299 1945 383 1988 nisi
412 1945 520 1989 forte
551 1932 685 1989 totam
714 1945 938 1989 demonum
966 1945 1219 2003 phalangem
1244 1957 1374 1988 unum
1393 1943 1540 2000 lupum
1558 1940 1855 1999 intelligamus,

300 2026 364 2067 set
394 2023 622 2066 multorum
652 2023 849 2080 luporum
878 2022 1204 2067 innumerabiles
1235 2021 1457 2076 exercitus,
1488 2020 1561 2077 qui
1580 2019 1635 2064 ad
1653 2019 1855 2066 devoran-

299 2100 398 2144 dam
436 2100 726 2144 Stabulensem
770 2100 1014 2144 aecclesiam
1050 2103 1093 2144 et
1128 2112 1324 2155 magnam
1359 2101 1524 2156 partem
1559 2095 1856 2154 Lotharingiae

302 2177 473 2222 efferata
502 2178 620 2222 rabie
649 2178 926 2222 inhiaverant.
975 2177 1048 2222 Set
1077 2177 1194 2221 misit
1211 2177 1326 2221 Deus
1348 2175 1553 2233 Spiritum
1582 2177 1775 2220 sanctum
1801 2174 1855 2220 de

301 2256 414 2300 coelo
443 2259 484 2299 et
504 2255 708 2300 conclusit
728 2269 802 2299 ora
820 2255 988 2300 leonum
996 2253 1025 2311 ⁶,
1058 2258 1182 2312 atque
1201 2255 1435 2312 imperante
1453 2252 1561 2308 Iesu,
1592 2253 1664 2309 qui
1682 2254 1856 2310 propter

298 2337 472 2390 peccata
501 2337 647 2377 nostra
677 2333 918 2388 dormierat,
949 2333 1084 2377 ventis
1108 2336 1150 2376 et
1173 2332 1294 2387 mari,
1324 2331 1436 2375 facta
1464 2333 1528 2375 est
1556 2328 1854 2386 tranquillitas,

299 2414 493 2468 suspecta
523 2411 690 2467 quidem
722 2414 764 2454 et
793 2410 918 2468 plena
948 2410 1054 2454 dolis
1083 2413 1126 2454 et
1143 2409 1307 2453 insidiis
1328 2412 1371 2454 et
1390 2407 1555 2465 qualem
1573 2409 1719 2451 nostra
1738 2409 1854 2452 aetas

300 2488 399 2532 dare
431 2488 659 2543 consuevit,
691 2491 981 2532 verumtamen
1011 2487 1162 2544 aliqua.
1202 2486 1351 2532 Vester
1376 2485 1505 2541 igitur
1532 2483 1703 2529 affectus
1722 2484 1769 2529 in
1786 2497 1854 2531 re»-

300 2566 485 2610 vocando
506 2565 727 2610 laudabilis
749 2569 814 2610 est
834 2569 876 2609 et
894 2565 1014 2609 nobis
1034 2564 1312 2621 gratissimus,
1333 2561 1608 2607 revocationis
1627 2575 1727 2607 vero
1746 2564 1854 2608 tem-

299 2656 378 2700 pus
410 2646 452 2687 et
481 2657 607 2686 causa
627 2643 761 2686 laudis
782 2642 951 2686 titulum
971 2656 1054 2685 11011
1074 2645 1271 2686 meretur.
1317 2641 1498 2697 Tempus
1519 2639 1723 2695 equidem,
1754 2638 1853 2696 quia

299 2720 571 2777 inportunum
602 2724 686 2775 est3
718 2734 845 2765 causa
873 2733 971 2763 vero
1002 2723 1089 2763 tam
1120 2718 1292 2776 puerilis
1323 2721 1399 2773 est,
1428 2730 1482 2759 ne
1503 2716 1689 2760 dicamus
1709 2715 1850 2772 stulta,

300 2801 347 2840 ut
367 2798 495 2853 digna
514 2812 597 2841 non
618 2798 745 2841 fuerit
765 2798 893 2841 tantis
915 2797 1144 2841 conatibus.
1182 2795 1297 2839 Haec
1316 2794 1427 2838 enim
1448 2797 1512 2837 est
1531 2794 1718 2838 maxima
1734 2793 1851 2838 festi-

300 2879 423 2919 natae
453 2876 729 2919 revocationis
761 2888 906 2930 causa,
945 2874 1076 2931 quod,
1114 2876 1161 2917 ut
1189 2871 1328 2916 verbis
1357 2874 1525 2914 utamur
1554 2871 1727 2926 vestris,
1764 2871 1851 2915 fere

395 2963 428 2997 1.
459 2962 575 2998 Levit.
602 2964 643 3007 2,
670 2963 726 2997 13.
822 2963 856 2997 2.
889 2961 1026 2998 Coloss.
1051 2959 1092 3005 4,
1117 2961 1152 2996 6.
1246 2959 1281 2995 3.
1313 2957 1370 2995 Cf.
1394 2958 1454 2994 Ps.
1479 2958 1566 3002 139,
1589 2958 1613 2995 6
1639 2962 1678 2995 et
1703 2957 1789 3004 141,
1812 2957 1850 2994 4.

299 3022 335 3057 4.
360 3021 407 3057 V.
432 3021 583 3058 Iohann.
603 3022 657 3066 10,
674 3022 709 3056 2.
726 3022 758 3055 9.
856 3020 891 3056 5.
916 3019 995 3056 Ioh.
1013 3019 1068 3064 10,
1086 3019 1143 3055 12.
1238 3018 1271 3054 6.
1298 3017 1389 3054 Dan.
1407 3019 1441 3061 6,
1459 3018 1517 3054 22.
