1924 3288
285 190 373 234 456
731 201 931 232 wmALm
959 201 1208 233 nmsronffl
1237 201 1308 232 326.
1332 201 1401 232 32⁷.

169 301 258 337 1151
284 300 475 354 tempore
503 296 702 352 brevitas,
738 299 786 340 ut
814 296 949 351 magis
979 296 1170 340 videatur
1200 310 1291 340 esse
1321 299 1512 353 optatum
1542 309 1668 353 quam
1695 309 1846 354 perpe-

285 377 444 418 tratum
484 377 526 418 et
563 374 655 431 ipse
684 374 820 430 magis
849 377 998 431 raptus
1029 387 1155 431 quam
1186 373 1353 417 electus.
1417 373 1651 431 Siquidem,
1688 373 1735 418 in
1763 387 1846 430 quo

284 455 386 496 tunc
415 452 604 496 accusari
622 465 747 510 posse
766 451 999 507 videbatur,
1029 451 1142 495 ultra
1160 451 1397 507 regularem
1415 451 1665 495 modestiam
1681 451 1846 496 renisus
1916 482 1920 489 f

286 533 351 574 est
380 533 423 574 et
451 530 539 573 fere
567 530 813 574 inobediens
842 529 1000 585 factus,
1031 529 1143 573 trahi
1171 529 1312 586 potius
1343 534 1468 585 atque
1497 529 1591 584 cogi
1619 542 1746 586 quam
1772 541 1847 574 vo.-

285 608 373 652 cari
394 607 634 664 compulsus
655 611 730 651 est.
811 606 993 651 Proinde
1013 607 1247 651 sanctitatis
1267 609 1433 650 vestrae
1454 606 1640 650 advoluti
1658 606 1848 663 genibus,

287 685 533 729 clementiae
552 687 719 729 vestrae
739 684 950 742 supplices
970 698 1115 742 preces
1137 683 1401 739 effundimus,
1426 686 1475 727 ut
1492 684 1538 728 in
1557 684 1636 728 hac
1654 697 1849 742 persona,

285 763 415 806 tantis
446 762 634 806 omnium
664 763 773 806 votis
804 762 1011 820 expetita,
1051 761 1304 819 multiplices
1336 761 1560 824 aecclesiae
1589 761 1849 806 Coloniensis

286 840 547 884 calamitates
577 840 765 885 relevare
794 840 1044 896 dignemini,
1077 843 1119 883 et
1147 853 1276 883 unam
1306 839 1358 883 de
1387 839 1681 905 pulcherrimis
1710 850 1850 884 sacro-

286 921 456 962 sanctae
486 918 636 962 matris
667 921 834 962 nostrae
858 917 1070 962 Romanae
1102 916 1326 960 aecclesiae
1355 915 1519 961 filiabus
1548 916 1593 960 in
1622 917 1850 974 pristinum

286 996 504 1052 dignitatis
527 1009 627 1040 suae
652 999 808 1040 statum
830 1010 906 1053 per
928 1008 1078 1038 manus
1101 994 1214 1038 beati
1228 994 1343 1038 Petri
1365 997 1407 1038 et
1425 997 1589 1038 vestras
1607 994 1848 1039 reformare.

286 1074 490 1118 Veremur
521 1074 677 1118 etenim
706 1077 748 1118 et
778 1073 1113 1118 subintellexisse
1143 1086 1219 1115 nos
1240 1074 1452 1129 pro'certo
1473 1072 1695 1128 credimus,
1719 1071 1850 1129 quod,

285 1151 370 1195 nisi
405 1151 451 1195 in
481 1165 611 1195 manu
640 1154 782 1195 vestra
811 1151 974 1209 potenti
1005 1150 1170 1194 adiutus
1203 1153 1245 1194 et
1274 1150 1531 1194 confortatus
1559 1149 1708 1205 fuerit,
1745 1163 1850 1194 onus

288 1229 456 1273 omnino
489 1232 738 1287 supportare
769 1229 971 1273 detrectet
1001 1231 1056 1284 et,
1086 1228 1241 1272 reiecta
1271 1228 1324 1272 ad
1351 1228 1478 1285 pedes
1499 1230 1663 1272 vestrae
1682 1226 1851 1272 celsitu-

288 1307 398 1351 dinis
430 1307 619 1365 syndone
650 1321 733 1364 qua
764 1307 940 1351 amictus
971 1305 1206 1362 videbatur,
1236 1306 1373 1349 nudus
1403 1305 1617 1363 profugiat
1646 1305 1672 1350 a
1694 1305 1814 1350 vobis
1827 1301 1849 1350 ¹.

291 1448 408 1495 327.
438 1451 653 1494 Conradus
682 1450 757 1494 III
785 1467 861 1494 rex
889 1449 1131 1494 Heinricum
1172 1450 1527 1507 archiepiscopum
1563 1449 1852 1506 Moytmtinwm

436 1527 636 1582 hortatur,
668 1535 714 1570 ut
733 1529 920 1571 Amoldo
942 1527 992 1571 II
1006 1528 1128 1570 electo
1151 1527 1457 1584 archiepiscopo
1482 1527 1724 1580 Coloniensi,
1746 1542 1853 1585 quae

437 1607 483 1648 in
506 1607 804 1663 praepositura
825 1605 1117 1662 Limburyensi
1148 1605 1369 1658 abstulerit,
1399 1606 1595 1647 restituat.
1643 1602 1715 1657 (M.
1732 1602 1852 1657 312.)

174 1701 266 1738 1151
410 1692 660 1748 C(onradus)
682 1694 763 1738 Dei
793 1694 932 1750 gratia
953 1693 1238 1737 Romanorum
1266 1707 1342 1736 rex
1362 1692 1594 1747 H(einrico)
1624 1691 1855 1737 venerabili

289 1771 536 1828 Moguntino
569 1771 882 1829 archiepiscopo
914 1771 1095 1827 gratiam
1126 1784 1246 1814 suam
1278 1774 1320 1814 et
1351 1784 1472 1814 omne
1501 1770 1670 1814 bonum.

409 1848 723 1904 Rogaveramus
745 1849 1050 1907 experientiam
1070 1852 1188 1892 tuam
1208 1862 1285 1906 per
1303 1848 1467 1892 litteras
1486 1851 1654 1892 nostras
1674 1850 1718 1892 et
1733 1861 1854 1892 man-

293 1927 392 1971 data
419 1926 517 1984 plus
549 1940 676 1983 quam
705 1927 858 1982 tercio,
895 1930 963 1982 ut,
1005 1927 1115 1983 quod
1151 1926 1256 1970 iuris
1295 1926 1358 1969 tui
1395 1939 1486 1969 esse
1517 1925 1780 1982 cognoscitur
1807 1926 1855 1972 in

293 2005 560 2062 prepositura
603 2004 654 2048 de
684 2003 942 2062 Lcmpurch,
984 2004 1038 2047 ad
1074 2007 1243 2047 nostrae
1279 2003 1508 2047 voluntatis
1549 2017 1598 2047 ac
1633 2003 1855 2061 peticionis

292 2086 442 2127 nutum
480 2082 527 2126 in
566 2095 641 2139 spe
677 2081 812 2125 fidelis
849 2081 1138 2126 retributionis
1177 2081 1414 2137 ordinares,
1455 2083 1659 2139 oportuno
1696 2081 1857 2126 scilicet

293 2163 503 2217 tempore,
543 2159 708 2216 quando
745 2159 824 2202 hoc
859 2158 951 2202 fieri
990 2172 1133 2203 sacrae
1170 2159 1284 2215 leges
1320 2172 1405 2202 non
1442 2159 1722 2216 prohiberent.
1791 2159 1856 2203 Tu

294 2250 393 2281 vero
423 2236 676 2294 peticionem
705 2239 893 2280 nostram
921 2227 1009 2280 non
1027 2236 1162 2280 solum
1192 2250 1278 2280 non
1298 2236 1520 2292 exaudisti,
1550 2250 1698 2280 verum
1727 2236 1856 2281 etiam

297 2314 522 2358 aecclesiae
552 2312 812 2357 coloniensis
844 2314 1035 2370 electum,
1071 2314 1248 2358 necdum
1280 2314 1416 2358 eidem
1443 2314 1653 2358 vocationi
1681 2327 1856 2359 consen·-

295 2393 485 2447 tientcm,
517 2393 664 2436 contra
694 2391 894 2434 canonica
923 2391 1119 2435 instituta
1147 2391 1411 2449 possessione
1441 2405 1518 2435 sua
1545 2391 1727 2435 nudasti.
1788 2390 1856 2436 Si-

298 2469 490 2527 quidem,
531 2481 627 2512 cum
665 2468 800 2512 adhuc
837 2469 1040 2513 detrectet
1074 2482 1178 2512 onus
1218 2469 1271 2512 ad
1308 2468 1527 2512 ferendum
1564 2469 1776 2526 suscipere
1813 2471 1857 2513 ct

298 2560 389 2591 rem
419 2559 587 2590 omnem
607 2544 817 2589 distulerit
837 2560 969 2602 usque
991 2547 1044 2590 ad
1063 2546 1320 2604 presentiam
1341 2549 1383 2590 et
1404 2547 1694 2590 auctoritatem
1714 2545 1856 2591 domni

299 2638 449 2682 papae,
482 2623 666 2667 amoveri
697 2622 722 2666 a
751 2623 885 2678 gradu
914 2625 1104 2668 inferiori
1132 2638 1218 2668 non
1249 2623 1404 2678 debuit,
1435 2623 1507 2679 qui
1537 2623 1728 2667 altiorem
1757 2635 1856 2667 con-

300 2701 498 2745 scendere
527 2700 782 2744 formidavit.
833 2700 891 2744 Et
928 2714 1023 2745 cum
1061 2701 1316 2746 examinatio
1352 2701 1551 2758 precedat
1580 2701 1856 2745 consecratio-

300 2793 412 2834 nem,
443 2778 651 2822 removeri
681 2778 850 2835 quidam
882 2778 907 2822 a
937 2780 1090 2822 summi
1127 2778 1350 2823 sacerdotii
1380 2777 1516 2821 officio
1546 2781 1742 2835 possunt,
1783 2778 1856 2835 qui

301 2859 444 2900 tamen
474 2855 578 2900 alias
609 2855 833 2900 aecclesiae
862 2855 1131 2914 ychonomias
1162 2860 1274 2901 recte
1312 2855 1621 2900 amministrare
1666 2858 1854 2913 possunt.

398 2944 433 2980 1.
456 2943 568 2980 Maro.
587 2944 642 2990 14,
663 2944 719 2979 52.
