1924 3288
285 204 370 249 236
787 220 986 252 wmAnm
1014 221 1233 254 merom
1265 223 1333 254 ιω.

159 325 252 363 1146
283 312 524 357 aecclesiam
545 313 808 358 Romanam
796 328 842 358 1n
861 314 985 372 Urbe,
1017 317 1134 361 cuius
1155 317 1376 362 clementia
1405 322 1447 364 et
1476 319 1715 367 defensiom
1741 322 1838 381 ph-

146 375 222 406 Nov.

239 376 436 436 ¹rimum
475 392 703 449 premuniti
740 392 916 448 fuimus,
961 396 1054 438 tum
1090 395 1135 439 in
1173 396 1311 439 curia
1327 397 1583 444 serenissimi
1620 402 1682 444 et
1699 399 1835 448 inoliti

280 468 598 526 triumphatoris
628 470 787 514 domini
816 472 951 515 nostri
985 472 1096 528 regis
1125 473 1408 518 Romanorum
1438 474 1627 521 Conradi
1649 475 1834 536 monadi,

280 547 396 590 cuius
426 547 693 604 potissimum
720 548 863 592 favore
894 553 936 593 et
963 549 1248 595 munificentia
1275 551 1371 596 illas
1399 553 1613 599 mirabiles
1633 553 1833 602 elationes

278 625 407 667 maris
436 638 513 682 per
542 625 778 670 mirabilem
806 627 850 670 in
872 626 968 672 altis
988 627 1216 672 Dominum
1235 630 1486 675 mirabiliter
1506 632 1832 692 enavigavimus,

278 702 386 746 inter
415 703 764 760 peregrinationis
789 707 832 748 et
852 705 971 761 quasi
991 706 1207 750 cuiusdam
1229 707 1345 751 exilii
1365 708 1592 773 molestias,
1622 711 1735 757 inter
1761 711 1832 757 ifi-

277 780 452 823 nerandi
482 783 524 824 et
554 781 703 836 agendi
732 782 1012 839 fatigationes,
1042 783 1154 828 inter
1184 785 1466 842 periculorum
1496 787 1674 844 aculeos,
1696 800 1831 846 vquae-

277 857 374 901 dam
403 857 660 903 infirmitatis
689 863 858 904 nostrae
880 861 1152 916 cogitationes
1175 863 1398 907 adversum
1416 877 1493 908 nos
1512 866 1832 913 murmurabant

276 939 318 979 et
347 935 600 981 vellicabant
629 938 810 982 amarius
842 951 985 982 aurem
1008 940 1144 984 cordis
1164 941 1298 984 nostri
1319 941 1525 986 dicentes:
1557 944 1830 991 Meo-imfimo

267 1017 452 1072 pacm-is,-
490 1018 690 1072 quoniam
718 1016 836 1059 Deua
873 1025 988 1070 tuus,
1027 1018 1239 1075 rqfuqium
1277 1028 1315 1062 et
1349 1022 1482 1064 virtus
1518 1030 1556 1065 et
1584 1023 1755 1067 adiutor
1781 1025 1829 1068 δη

274 1093 630 1146 tribulationibus,
665 1108 772 1150 quae
799 1096 1045 1138 invenerunt
1073 1104 1110 1138 te
1139 1098 1265 1140 nimis
1278 1093 1302 1150 ¹,
1335 1099 1382 1140 in
1411 1107 1535 1142 semet
1561 1101 1656 1157 ἰῘριο
1686 1109 1724 1145 et
1745 1116 1830 1159 per

273 1179 396 1214 semet
413 1173 553 1228 ipsum
571 1173 658 1214 iam
678 1172 927 1228 aliquotiens
947 1173 1025 1215 tibi
1042 1173 1252 1230 reffuqium
1274 1175 1431 1229 obtulit,
1450 1178 1527 1233 qui
1543 1177 1619 1221 hae
1637 1179 1828 1224 Μάκαι

273 1249 338 1292 vel
367 1264 548 1306 prorsus
586 1251 739 1292 evitare
773 1250 839 1292 vel
874 1252 1058 1293 aecum‘us
1089 1251 1265 1294 tolerare
1287 1255 1508 1310 potuisses.
1628 1253 1688 1299 Et
1713 1254 1827 1314 lieet,

272 1326 507 1370 venerande
526 1329 661 1383 pater,
691 1326 778 1370 iam
797 1326 850 1370 de
868 1328 1042 1383 prefatis
1068 1329 1387 1386 tempestatibus
1402 1330 1452 1374 *in
1473 1330 1656 1388 aliquem
1675 1333 1827 1391 quietis

272 1407 439 1462 portum
458 1404 761 1459 introissemus,
790 1407 932 1448 tamen
953 1405 1004 1448 de
1022 1405 1175 1450 futuris
1194 1407 1345 1450 incerti
1375 1411 1417 1451 et
1443 1408 1599 1453 similia
1615 1409 1683 1455 vel
1711 1422 1828 1457 aceri

271 1481 390 1526 biora
408 1484 655 1537 metuentes,
685 1482 730 1524 in
761 1482 969 1538 ambiguo,
1001 1486 1048 1527 ut
1068 1483 1225 1527 dictum
1245 1487 1322 1540 est,
1352 1485 1522 1542 fuimus,
1549 1490 1692 1532 utrum
1708 1488 1827 1535 obh-

270 1563 357 1603 tam
387 1560 567 1614 gratiam
596 1559 783 1616 recipere
802 1560 868 1604 vel
898 1573 1091 1604 recusare
1122 1561 1380 1618 deberemus,
1411 1575 1506 1607 cum
1527 1568 1651 1609 antea
1668 1565 1715 1610 in
1735 1567 1826 1612 ani-

270 1650 385 1680 mum
414 1636 744 1699 induxissemus,
781 1651 858 1681 nec
896 1638 1055 1682 duabus
1094 1639 1272 1683 abbatiis
1309 1640 1435 1684 simul
1467 1655 1636 1698 preesse
1663 1656 1742 1688 nec
1771 1644 1825 1689 ad

270 1714 396 1758 aliam
426 1715 515 1759 sive
543 1715 746 1759 maiorem
777 1715 865 1759 sive
896 1716 1095 1761 diciorem
1114 1716 1200 1760 ullo
1220 1717 1344 1761 modo
1363 1719 1583 1764 transferri
1603 1721 1822 1767 sustinere.

387 1792 435 1836 In
464 1793 544 1836 hac
572 1793 714 1850 itaque
745 1794 919 1851 ancipiti
947 1794 1224 1838 meditacione
1244 1819 1300 1825 —
1321 1795 1367 1839 in
1387 1809 1471 1853 qua
1495 1797 1581 1841 iam
1610 1802 1824 1846 exarserat

267 1870 378 1926 ignis
405 1870 615 1926 desiderii,
645 1871 823 1915 volentis
853 1885 959 1928 quae
979 1872 1144 1929 potiora
1162 1875 1262 1916 sunt
1291 1873 1444 1929 eligere
1465 1899 1520 1905 —
1542 1877 1822 1933 processimus

268 1948 322 1992 ad
351 1947 608 2004 aecclesiam,
641 1948 800 2006 aliquid
821 1949 1079 2007 psalmorum
1098 1950 1243 2005 lingua
1261 1951 1535 2008 proferentes,
1565 1957 1821 2000 cum'ta'men

268 2025 430 2069 animus
476 2026 528 2070 ab
567 2040 711 2070 eorum
754 2027 968 2071 intellectu
1013 2027 1188 2072 salutari
1226 2027 1390 2084 longius
1437 2033 1547 2074 esset
1585 2035 1818 2088 evagatus·-

266 2103 490 2148 Venientes
529 2107 626 2148 ante
663 2104 794 2149 altare
831 2105 956 2161 illud,
994 2105 1067 2150 ubi
1102 2105 1433 2150 benedictionem
1468 2108 1820 2166 episcopalem‘in

266 2195 417 2225 nomen
449 2185 491 2225 et
521 2181 703 2226 officium
742 2183 905 2227 abbatis
942 2183 1201 2240 suscepimus
1209 2179 1237 2238 ¹,
1276 2185 1500 2228 commovit
1535 2199 1612 2230 nos
1646 2191 1819 2245 repente

267 2259 436 2316 quidam
465 2259 685 2303 familiaris
717 2263 759 2303 et
787 2261 960 2305 intimus
992 2274 1121 2316 amor,
1154 2274 1277 2318 quem
1307 2261 1360 2304 ad
1379 2265 1603 2318 patronum
1633 2265 1817 2311 eiusdem

264 2336 358 2392 loci,
390 2337 701 2381 sanctissimum
730 2338 925 2382 videlicet
952 2338 1229 2382 confessorem
1259 2341 1383 2394 atque
1401 2339 1640 2396 pontificem
1661 2341 1818 2388 Christi

265 2414 527 2470 Remaclum,
559 2415 745 2458 eiusdem
776 2415 938 2460 cenobii
967 2416 1252 2472 fundatorem,
1282 2415 1504 2472 habemus,
1536 2421 1579 2461 et
1609 2420 1818 2465 concussit

266 2492 429 2536 animae
457 2495 626 2537 nostrae
655 2492 857 2536 interiora
886 2493 1065 2549 quodam
1097 2492 1319 2537 affectuoso
1346 2493 1509 2551 timore,
1541 2508 1593 2539 ex
1623 2509 1672 2540 eo
1700 2497 1815 2543 vide-

263 2570 374 2626 licet,
406 2570 518 2626 quod
547 2570 592 2614 in
621 2573 761 2614 mente
790 2573 934 2614 nostra
962 2570 1243 2626 volvebamus,
1274 2573 1415 2615 utrum
1443 2572 1577 2629 ipsius
1607 2579 1815 2620 monaste-

264 2648 375 2692 rium
405 2647 466 2691 sic
494 2647 730 2704 relinquere
764 2661 1045 2706 pergeremus.
1093 2647 1300 2692 Clamavit
1328 2648 1470 2705 itaque
1500 2651 1642 2694 anima
1669 2655 1815 2697 nostra

265 2725 318 2768 ad
345 2724 482 2769 Deum
512 2728 554 2769 et
584 2725 636 2769 ad
666 2726 806 2783 ipsum
836 2725 1016 2770 clamore
1042 2725 1277 2770 vehementi
1305 2726 1350 2769 in
1378 2726 1505 2770 verbo
1535 2728 1739 2786 interiori,
1767 2729 1812 2774 in

264 2802 389 2847 verbo
419 2816 504 2846 non
533 2801 759 2846 diffidentis
790 2803 895 2861 spei,
927 2802 1082 2859 absque
1103 2817 1204 2847 sono
1228 2803 1312 2847 oris
1332 2804 1540 2860 corporei:
1571 2806 1685 2861 Fiat,
1716 2807 1810 2852 Do-

262 2882 384 2933 mine,
414 2880 604 2923 voluntas
625 2889 709 2924 tua.
756 2881 850 2924 Iam
875 2882 926 2924 de
945 2889 1101 2924 caetero
1127 2896 1258 2938 neque
1276 2881 1610 2926 deliberationem
1627 2893 1812 2929 noctram

357 2965 383 2985 a.
412 2958 591 2994 evagagatus
613 2969 638 2987 c.

358 3008 390 3043 1.
414 3007 475 3043 Ps.
491 3008 549 3053 45,
566 3009 599 3043 2.
673 3009 706 3043 2.
734 3008 823 3044 1131
850 3007 940 3053 Apr.
957 3008 1015 3044 20.
1047 3007 1093 3045 V.
1110 3007 1192 3045 Not.
1211 3007 1312 3045 Stab.
1329 3018 1439 3055 supra
1462 3019 1496 3055 p.
1517 3010 1574 3047 ⁷5.
