1930 3224
638 187 925 222 πωπω-10
957 187 994 219 s,
1014 187 1109 219 vm
1600 171 1654 215 15

87 286 139 334 ha
157 297 339 344 corporo
365 285 546 342 quievit,
585 285 698 341 quod
728 298 754 328 a
782 287 1007 342 tempore',
1039 295 1120 339 quo
1150 281 1243 339 ipso
1272 281 1318 324 in
1347 279 1438 324 loco
1470 279 1657 336 positum

88 363 241 420 fuerat,
269 376 487 420 nunquam
514 362 576 407 ibi
604 365 876 419 tempestates
907 364 980 405 aut
1008 360 1175 416 fulgura
1203 358 1446 403 nocuissent
1455 357 1484 401 ¹³.

145 471 148 480 .›
206 441 299 489 Hoc
327 455 479 499 corpus
509 441 644 485 sancti
664 439 754 484 Viti
783 453 938 496 magna
966 452 1061 483 cum
1091 437 1358 483 veneratione
1389 439 1432 480 et
1457 434 1656 480 testifica-

87 520 205 577 tione
232 519 449 576 religionis
479 519 532 564 ab
555 518 795 563 Hilduwino
826 516 1057 562 venerabili
1088 516 1238 561 abbate
1257 514 1430 560 Warino
1459 513 1656 569 religioso

90 598 233 646 abbati
259 599 306 643 in
337 597 512 643 ecclesia
530 596 666 642 sancti
685 595 882 652 Dionysii
900 608 1041 639 coram
1061 593 1358 639 innumerabili
1387 592 1657 637 multitudine

88 676 362 737 populorum,
399 679 490 720 tam
524 673 827 719 monachorum
864 686 991 729 quam
1030 673 1345 728 canonicorum,
1384 671 1573 716 virorum
1609 683 1658 714 ac

89 753 327 810 mulierum,
355 756 454 812 post
480 756 654 811 peracta
683 752 751 796 die
779 751 987 795 dominico
1007 751 1233 795 missarum
1257 750 1477 794 sollemnia
1497 749 1658 794 decimo

91 835 240 890 quarto
275 831 559 878 Kalendarum
595 830 811 888 Aprilium
854 829 1192 874 commendatum
1238 842 1287 873 ac
1330 829 1535 872 traditum
1579 830 1656 872 est.

91 909 333 968 Suscipiens
363 912 506 955 autem
535 922 686 966 corpus
718 908 853 952 sancti
873 907 962 952 Viti
990 907 1211 962 religiosus
1231 907 1298 951 vir
1317 906 1515 951 Warinus
1536 906 1658 962 abba,

89 987 249 1034 habens
278 1001 422 1033 secum
450 987 619 1032 turbam
647 986 862 1044 copiosam
891 989 981 1030 tam
1011 998 1182 1028 suorum
1202 984 1503 1028 monachorum
1533 998 1660 1041 quam

91 1066 269 1115 aliorum
299 1066 500 1122 virorum,
533 1079 630 1110 cum
659 1078 824 1109 summa
852 1063 1131 1117 veneratione,
1152 1065 1194 1106 et
1224 1065 1375 1106 ornatu
1399 1066 1524 1119 atque
1546 1062 1660 1106 omni

91 1144 240 1190 decore
279 1143 456 1190 ecclesia
492 1143 615 1199 exiit,
653 1146 743 1188 tam
780 1143 872 1201 ipse
910 1145 953 1186 et
993 1142 1059 1186 sui
1099 1154 1225 1197 quam
1255 1140 1520 1185 Hilduwinus
1553 1141 1661 1185 abba

91 1233 189 1269 eum
218 1222 307 1267 suis
336 1221 552 1266 monachis
590 1224 633 1266 et
669 1221 806 1265 omnis
836 1219 1017 1278 populus
1050 1219 1122 1276 qui
1153 1219 1206 1263 ad
1236 1219 1348 1263 diem
1377 1219 1533 1263 festum
1562 1232 1660 1262 con-

91 1303 288 1356 venerat,
327 1314 353 1345 a
389 1300 646 1344 monasterio
685 1299 822 1344 sancti
850 1298 1048 1356 Dionysii
1083 1298 1165 1341 iter
1202 1297 1378 1341 tendens
1416 1297 1662 1341 monasterii

91 1378 367 1425 Rasbaoensis
406 1381 680 1434 cognomento
710 1376 988 1422 Hierusalem.
1051 1375 1134 1420 Ubi
1168 1375 1417 1433 perveniens
1448 1389 1545 1419 cum
1575 1375 1662 1419 suis

93 1457 308 1513 omnibus,
340 1459 383 1501 et
411 1456 547 1500 multa
575 1456 701 1500 turba
729 1455 877 1513 populi
907 1455 1146 1510 comitante,
1181 1453 1407 1499 honorifice
1438 1454 1665 1498 custodivit

92 1534 186 1592 ipso
215 1535 262 1579 in
290 1534 381 1578 loco
413 1547 563 1592 corpus
595 1534 730 1578 sancti
759 1533 848 1578 Viti
877 1532 1076 1590 martyris
1115 1546 1248 1589 usque
1284 1533 1331 1576 in
1366 1533 1479 1577 diem
1509 1532 1664 1576 duode-

94 1613 249 1658 cimum
275 1612 485 1657 Kalendas
513 1612 624 1656 Iunii
633 1620 658 1656 ⁰.
706 1612 894 1656 Virtutes
926 1611 1104 1667 denique
1134 1614 1176 1654 et
1206 1611 1421 1667 sanitates,
1454 1624 1557 1668 quas
1577 1611 1664 1654 Do-

94 1691 232 1735 minus
269 1691 433 1735 meritis
471 1693 514 1735 et
546 1690 741 1747 precibus
772 1690 972 1747 martyris
1004 1689 1111 1745 Viti,
1153 1692 1377 1745 antequam
1415 1689 1469 1732 ad
1505 1703 1664 1732 memo-

93 1773 235 1813 ratum
263 1769 565 1813 monasterium
594 1768 898 1825 pervenissent,
931 1771 1127 1826 operatus
1152 1771 1229 1824 est,
1262 1767 1369 1812 scire
1399 1767 1664 1825 cupientibus

95 1847 308 1892 insinuare
338 1847 575 1891 curavimus
583 1845 611 1889 ἅ.

214 1924 348 1980 Igitur
383 1924 543 1968 factum
578 1926 662 1979 est,
703 1936 800 1967 cum
829 1923 1127 1979 egrederentur
1157 1937 1211 1968 ex
1240 1923 1496 1968 monasterio
1529 1923 1664 1967 sancti

96 2003 292 2062 Dionysii
320 2002 511 2061 praefato
542 2002 610 2046 die
641 2001 864 2057 dominico,
897 2005 939 2045 et
968 2001 1053 2046 illis
1083 2002 1164 2045 iter
1195 2002 1414 2057 agentibus
1434 2001 1663 2058 multisque

97 2095 151 2130 ox
179 2082 330 2126 vicinis
358 2081 462 2126 locis
492 2080 628 2124 turbis
654 2078 972 2135 confluentibus,
1004 2093 1162 2135 omnes,
1195 2080 1267 2136 qui
1288 2080 1433 2124 audire
1452 2083 1663 2138 poterant,

98 2160 265 2205 obviam
296 2162 439 2204 sancto
470 2158 649 2216 martyri
679 2171 775 2202 cum
805 2171 970 2208 summa
998 2157 1266 2202 festinatione
1298 2171 1467 2203 currere
1494 2161 1664 2202 conten-

99 2238 277 2284 debant,
313 2237 502 2294 Cumque
532 2250 585 2280 ex
615 2236 792 2280 diversis
823 2235 926 2280 locis
947 2235 1121 2293 plurimi
1141 2236 1413 2280 convenirent
1433 2240 1475 2280 et
1498 2236 1665 2280 obviam

99 2319 244 2361 sancto
273 2315 454 2373 martyri
482 2317 772 2372 properarent,
805 2314 969 2370 accidit,
1000 2317 1049 2358 ut
1080 2315 1285 2370 quaedam
1314 2314 1467 2358 mulier
1495 2314 1665 2358 nomine

99 2394 408 2450 hmingardis⁰‚
449 2406 556 2450 quae
600 2392 687 2436 iam
732 2391 784 2436 ab
826 2392 947 2435 annis
986 2392 1205 2436 duodecim
1243 2392 1458 2436 oculorum
1496 2391 1667 2436 carebat

99 2471 210 2528 usu‘‚
242 2471 432 2516 obviamss
460 2470 718 2528 procederet.
780 2468 888 2513 Prae
925 2470 1195 2515 multitudine
1234 2473 1375 2514 autem
1403 2470 1551 2514 turbae
1580 2483 1666 2512 non

103 2550 245 2595 valens
275 2549 330 2594 ad
359 2549 575 2604 feretrum,
606 2549 652 2592 in
683 2561 764 2604 quo
796 2550 965 2592 sanctae
995 2548 1196 2605 reliquiae
1225 2548 1516 2605 portabantur,
1549 2560 1665 2591 acce-

102 2627 214 2684 dere,
248 2628 405 2672 virtute
436 2641 519 2684 qua
549 2626 717 2683 quibath
747 2628 845 2683 post
874 2626 1014 2683 ipsum
1043 2626 1301 2683 pedetentim
1331 2626 1469 2683 coepit
1499 2638 1666 2669 currere

102 2708 146 2750 et
174 2705 257 2749 Dei
284 2704 637 2760 misericordiam,
677 2707 725 2747 ut
753 2703 872 2747 novit
902 2717 1087 2760 semper,
1117 2707 1258 2748 mente
1289 2707 1332 2747 et
1361 2717 1432 2747 ore
1462 2717 1547 2747 non
1577 2716 1666 2748 ces-

103 2782 224 2827 sabat
250 2782 461 2839 invocam,
491 2785 540 2826 ut
569 2782 650 2826 sibi
682 2781 825 2825 divina
856 2781 1077 2826 clementia
1105 2795 1182 2840 per
1208 2781 1407 2839 martyris
1429 2781 1495 2825 sui
1514 2782 1667 2826 merita

196 2911 224 2933 a.
244 2901 327 2941 quod
347 2911 367 2932 a
385 2903 522 2941 tempore
542 2913 598 2932 om.
614 2902 643 2933 1.
721 2901 751 2932 b.
773 2902 914 2932 nocuisse
936 2903 966 2932 1.
1042 2910 1068 2932 c.
1090 2901 1158 2931 Iulii
1181 2903 1208 2931 1.
1224 2902 1253 2931 3.
1331 2901 1360 2932 d.
1382 2901 1520 2932 intimare
1541 2901 1665 2940 dignum

106 2954 244 2987 duximus
266 2957 294 2986 2.
311 2956 340 2986 3.
413 2964 439 2986 e.
461 2955 623 2994 Irmgardis
646 2956 674 2987 1.
746 2955 768 2986 f.
790 2964 896 2987 carens
917 2956 985 2986 visu
1007 2956 1035 2986 2.
1109 2963 1138 2993 g.
1160 2954 1249 2986 obvia
1270 2956 1299 2986 2.
1372 2954 1403 2986 h.
1422 2957 1543 2995 poterat
1563 2957 1592 2986 2.

1714 279 1785 317 836

1679 442 1766 473 Mart.
1780 443 1818 472 19

1686 1538 1756 1568 Mai.
1770 1538 1808 1567 21

1687 1933 1774 1963 Mart.
1790 1933 1828 1963 19
