<?xml version="1.0" encoding="UTF-8"?>
<!DOCTYPE html PUBLIC "-//W3C//DTD XHTML 1.0 Transitional//EN"
    "http://www.w3.org/TR/xhtml1/DTD/xhtml1-transitional.dtd">
<html xmlns="http://www.w3.org/1999/xhtml" xml:lang="en" lang="en">
 <head>
  <title>
</title>
<meta http-equiv="Content-Type" content="text/html;charset=utf-8" />
  <meta name='ocr-system' content='tesseract 3.04.00' />
  <meta name='ocr-capabilities' content='ocr_page ocr_carea ocr_par ocr_line ocrx_word'/>
</head>
<body>
  <div class='ocr_page' id='page_1' title='image "bibliothecarerum01wattuoft_0250.png"; bbox 0 0 1924 3288; ppageno 0'>
   <div class='ocr_carea' id='block_1_1' title="bbox 187 309 278 346">
    <p class='ocr_par' dir='ltr' id='par_1_1' title="bbox 187 309 278 346">
     <span class='ocr_line' id='line_1_1' title="bbox 187 309 278 346; baseline 0 0"><span class='ocrx_word' id='word_1_1' title='bbox 187 309 278 346; x_wconf 81' lang='lat'>1149</span> 
     </span>
    </p>
   </div>
   <div class='ocr_carea' id='block_1_2' title="bbox 148 855 279 942">
    <p class='ocr_par' dir='ltr' id='par_1_2' title="bbox 148 855 279 942">
     <span class='ocr_line' id='line_1_2' title="bbox 168 855 258 891; baseline 0.011 -1"><span class='ocrx_word' id='word_1_2' title='bbox 168 857 183 890; x_wconf 95' lang='lat'>1</span> <span class='ocrx_word' id='word_1_3' title='bbox 191 855 258 891; x_wconf 85' lang='lat'>145</span> 
     </span>
     <span class='ocr_line' id='line_1_3' title="bbox 148 905 279 942; baseline 0.008 -8"><span class='ocrx_word' id='word_1_4' title='bbox 148 905 223 942; x_wconf 87' lang='lat' dir='ltr'>Aug.</span> <span class='ocrx_word' id='word_1_5' title='bbox 239 905 279 935; x_wconf 81' lang='lat'>24</span> 
     </span>
    </p>
   </div>
   <div class='ocr_carea' id='block_1_3' title="bbox 173 1324 263 1360">
    <p class='ocr_par' dir='ltr' id='par_1_3' title="bbox 173 1324 263 1360">
     <span class='ocr_line' id='line_1_4' title="bbox 173 1324 263 1360; baseline 0.011 -1"><span class='ocrx_word' id='word_1_6' title='bbox 173 1325 190 1359; x_wconf 92' lang='lat'>1</span> <span class='ocrx_word' id='word_1_7' title='bbox 197 1324 263 1360; x_wconf 84' lang='lat'>146</span> 
     </span>
    </p>
   </div>
   <div class='ocr_carea' id='block_1_4' title="bbox 138 1711 274 1742">
    <p class='ocr_par' dir='ltr' id='par_1_4' title="bbox 138 1711 274 1742">
     <span class='ocr_line' id='line_1_5' title="bbox 138 1711 274 1742; baseline 0.007 -1"><span class='ocrx_word' id='word_1_8' title='bbox 138 1711 225 1742; x_wconf 78' lang='lat' dir='ltr'>Mart.</span> <span class='ocrx_word' id='word_1_9' title='bbox 238 1713 274 1742; x_wconf 85' lang='lat'>21</span> 
     </span>
    </p>
   </div>
   <div class='ocr_carea' id='block_1_5' title="bbox 136 2103 278 2211">
    <p class='ocr_par' dir='ltr' id='par_1_5' title="bbox 136 2103 278 2211">
     <span class='ocr_line' id='line_1_6' title="bbox 139 2103 278 2134; baseline 0.007 -1"><span class='ocrx_word' id='word_1_10' title='bbox 139 2103 226 2134; x_wconf 81' lang='lat' dir='ltr'>Mart.</span> <span class='ocrx_word' id='word_1_11' title='bbox 237 2104 278 2134; x_wconf 81' lang='lat'>24</span> 
     </span>
     <span class='ocr_line' id='line_1_7' title="bbox 136 2180 273 2211; baseline 0 -1"><span class='ocrx_word' id='word_1_12' title='bbox 136 2180 221 2211; x_wconf 83' lang='lat' dir='ltr'>Mart.</span> <span class='ocrx_word' id='word_1_13' title='bbox 237 2182 273 2211; x_wconf 78' lang='lat'>21</span> 
     </span>
    </p>
   </div>
   <div class='ocr_carea' id='block_1_6' title="bbox 142 2650 273 2680">
    <p class='ocr_par' dir='ltr' id='par_1_6' title="bbox 142 2650 273 2680">
     <span class='ocr_line' id='line_1_8' title="bbox 142 2650 273 2680; baseline 0 0"><span class='ocrx_word' id='word_1_14' title='bbox 142 2650 228 2680; x_wconf 79' lang='lat' dir='ltr'>Mart.</span> <span class='ocrx_word' id='word_1_15' title='bbox 241 2651 273 2680; x_wconf 83' lang='lat'>31</span> 
     </span>
    </p>
   </div>
   <div class='ocr_carea' id='block_1_7' title="bbox 303 199 1356 245">
    <p class='ocr_par' dir='ltr' id='par_1_7' title="bbox 303 199 1356 245">
     <span class='ocr_line' id='line_1_9' title="bbox 303 199 1356 245; baseline 0.001 -2"><span class='ocrx_word' id='word_1_16' title='bbox 303 199 389 244; x_wconf 85' lang='grc'>232</span> <span class='ocrx_word' id='word_1_17' title='bbox 807 211 1008 243; x_wconf 69' lang='lat' dir='ltr'>wmmr</span> <span class='ocrx_word' id='word_1_18' title='bbox 1035 211 1255 245; x_wconf 65' lang='lat' dir='ltr'>uns-rom</span> <span class='ocrx_word' id='word_1_19' title='bbox 1285 213 1356 244; x_wconf 75' lang='grc' dir='ltr'>ιω.</span> 
     </span>
    </p>
   </div>
   <div class='ocr_carea' id='block_1_8' title="bbox 299 306 1915 2853">
    <p class='ocr_par' dir='ltr' id='par_1_8' title="bbox 303 306 1862 522">
     <span class='ocr_line' id='line_1_10' title="bbox 305 306 1860 368; baseline 0.005 -19"><span class='ocrx_word' id='word_1_20' title='bbox 305 306 358 350; x_wconf 85' lang='lat' dir='ltr'>ad</span> <span class='ocrx_word' id='word_1_21' title='bbox 378 308 561 350; x_wconf 87' lang='lat' dir='ltr'>vestram</span> <span class='ocrx_word' id='word_1_22' title='bbox 591 306 856 363; x_wconf 80' lang='lat' dir='ltr'>peticionem,</span> <span class='ocrx_word' id='word_1_23' title='bbox 889 319 996 363; x_wconf 89' lang='lat' dir='ltr'>quae</span> <span class='ocrx_word' id='word_1_24' title='bbox 1027 307 1139 365; x_wconf 90' lang='lat' dir='ltr'>apud</span> <span class='ocrx_word' id='word_1_25' title='bbox 1167 322 1244 352; x_wconf 91' lang='lat' dir='ltr'>nos</span> <span class='ocrx_word' id='word_1_26' title='bbox 1274 308 1471 353; x_wconf 86' lang='lat' dir='ltr'>iussionis</span> <span class='ocrx_word' id='word_1_27' title='bbox 1499 309 1664 367; x_wconf 76' lang='lat' dir='ltr'>pondus</span> <span class='ocrx_word' id='word_1_28' title='bbox 1688 309 1860 368; x_wconf 60' lang='lat' dir='ltr'>obba,</span> 
     </span>
     <span class='ocr_line' id='line_1_11' title="bbox 303 383 1862 446; baseline 0.001 -18"><span class='ocrx_word' id='word_1_29' title='bbox 303 384 556 442; x_wconf 85' lang='lat' dir='ltr'>respondere</span> <span class='ocrx_word' id='word_1_30' title='bbox 585 383 808 440; x_wconf 84' lang='lat' dir='ltr'>vellemus,</span> <span class='ocrx_word' id='word_1_31' title='bbox 846 383 930 428; x_wconf 87' lang='lat' dir='ltr'>nisi</span> <span class='ocrx_word' id='word_1_32' title='bbox 969 385 1080 441; x_wconf 90' lang='lat' dir='ltr'>quod</span> <span class='ocrx_word' id='word_1_33' title='bbox 1112 389 1232 430; x_wconf 89' lang='lat' dir='ltr'>tanta</span> <span class='ocrx_word' id='word_1_34' title='bbox 1262 389 1326 430; x_wconf 90' lang='lat' dir='ltr'>est</span> <span class='ocrx_word' id='word_1_35' title='bbox 1353 400 1495 430; x_wconf 89' lang='lat' dir='ltr'>rerum</span> <span class='ocrx_word' id='word_1_36' title='bbox 1524 387 1675 444; x_wconf 75' lang='lat' dir='ltr'>series,</span> <span class='ocrx_word' id='word_1_37' title='bbox 1708 391 1766 432; x_wconf 42' lang='lat' dir='ltr'>ut.</span> <span class='ocrx_word' id='word_1_38' title='bbox 1783 401 1862 446; x_wconf 74' lang='lat' dir='ltr'>per</span> 
     </span>
     <span class='ocr_line' id='line_1_12' title="bbox 303 461 1832 522; baseline 0.003 -16"><span class='ocrx_word' id='word_1_39' title='bbox 303 461 551 506; x_wconf 89' lang='lat' dir='ltr'>brevitatem</span> <span class='ocrx_word' id='word_1_40' title='bbox 580 461 834 505; x_wconf 80' lang='lat' dir='ltr'><strong>narrationis</strong></span> <span class='ocrx_word' id='word_1_41' title='bbox 865 461 1046 518; x_wconf 79' lang='lat' dir='ltr'>cognitio</span> <span class='ocrx_word' id='word_1_42' title='bbox 1076 464 1266 508; x_wconf 84' lang='lat' dir='ltr'>veritatis</span> <span class='ocrx_word' id='word_1_43' title='bbox 1295 477 1471 522; x_wconf 87' lang='lat' dir='ltr'>persepe</span> <span class='ocrx_word' id='word_1_44' title='bbox 1501 464 1761 510; x_wconf 66' lang='lat' dir='ltr'>excludatur.</span> <span class='ocrx_word' id='word_1_45' title='bbox 1811 485 1832 493; x_wconf 39' lang='lat'>⁷·</span> 
     </span>
    </p>

    <p class='ocr_par' dir='ltr' id='par_1_9' title="bbox 299 538 1862 1298">
     <span class='ocr_line' id='line_1_13' title="bbox 421 538 1862 600; baseline 0.006 -19"><span class='ocrx_word' id='word_1_46' title='bbox 421 539 486 582; x_wconf 94' lang='lat' dir='ltr'>Ac</span> <span class='ocrx_word' id='word_1_47' title='bbox 506 538 642 596; x_wconf 89' lang='lat' dir='ltr'>primo</span> <span class='ocrx_word' id='word_1_48' title='bbox 664 539 956 583; x_wconf 80' lang='lat' dir='ltr'>discretionem</span> <span class='ocrx_word' id='word_1_49' title='bbox 977 543 1161 584; x_wconf 87' lang='lat' dir='ltr'>vestram</span> <span class='ocrx_word' id='word_1_50' title='bbox 1182 542 1288 586; x_wconf 83' lang='lat' dir='ltr'>scire</span> <span class='ocrx_word' id='word_1_51' title='bbox 1308 541 1514 598; x_wconf 87' lang='lat' dir='ltr'>volumus,</span> <span class='ocrx_word' id='word_1_52' title='bbox 1542 542 1718 600; x_wconf 72' lang='lat' dir='ltr'>quod-iri</span> <span class='ocrx_word' id='word_1_53' title='bbox 1735 556 1862 589; x_wconf 68' lang='lat' dir='ltr'>msa</span> 
     </span>
     <span class='ocr_line' id='line_1_14' title="bbox 301 615 1862 674; baseline 0.005 -15"><span class='ocrx_word' id='word_1_54' title='bbox 301 617 445 660; x_wconf 89' lang='lat' dir='ltr'>fratris</span> <span class='ocrx_word' id='word_1_55' title='bbox 484 615 598 659; x_wconf 90' lang='lat' dir='ltr'>illius</span> <span class='ocrx_word' id='word_1_56' title='bbox 636 616 844 673; x_wconf 91' lang='lat' dir='ltr'>Heinrici,</span> <span class='ocrx_word' id='word_1_57' title='bbox 892 631 1015 674; x_wconf 88' lang='lat' dir='ltr'>quem</span> <span class='ocrx_word' id='word_1_58' title='bbox 1052 618 1322 662; x_wconf 90' lang='lat' dir='ltr'>reconciliare</span> <span class='ocrx_word' id='word_1_59' title='bbox 1359 618 1600 664; x_wconf 85' lang='lat' dir='ltr'>Corbeiensi</span> <span class='ocrx_word' id='word_1_60' title='bbox 1637 620 1862 667; x_wconf 66' lang='lat' dir='ltr'>acacianae</span> 
     </span>
     <span class='ocr_line' id='line_1_15' title="bbox 302 683 1861 755; baseline 0.004 -18"><span class='ocrx_word' id='word_1_61' title='bbox 302 697 443 738; x_wconf 89' lang='lat' dir='ltr'>vestra</span> <span class='ocrx_word' id='word_1_62' title='bbox 469 693 671 738; x_wconf 89' lang='lat' dir='ltr'>celsitudo</span> <span class='ocrx_word' id='word_1_63' title='bbox 693 698 881 751; x_wconf 85' lang='lat' dir='ltr'>conatur,</span> <span class='ocrx_word' id='word_1_64' title='bbox 910 708 988 739; x_wconf 89' lang='lat' dir='ltr'>nos</span> <span class='ocrx_word' id='word_1_65' title='bbox 1008 695 1314 754; x_wconf 84' lang='lat' dir='ltr'>depositoribus</span> <span class='ocrx_word' id='word_1_66' title='bbox 1333 697 1468 754; x_wconf 88' lang='lat' dir='ltr'>ipsius</span> <span class='ocrx_word' id='word_1_67' title='bbox 1486 711 1622 755; x_wconf 87' lang='lat' dir='ltr'>neque</span> <span class='ocrx_word' id='word_1_68' title='bbox 1641 683 1861 753; x_wconf 66' lang='lat' dir='ltr'>emili-1</span> 
     </span>
     <span class='ocr_line' id='line_1_16' title="bbox 301 771 1860 834; baseline 0.004 -19"><span class='ocrx_word' id='word_1_69' title='bbox 301 786 435 829; x_wconf 91' lang='lat' dir='ltr'>neque</span> <span class='ocrx_word' id='word_1_70' title='bbox 473 771 676 815; x_wconf 80' lang='lat' dir='ltr'>auxilium</span> <span class='ocrx_word' id='word_1_71' title='bbox 710 772 1004 830; x_wconf 89' lang='lat' dir='ltr'>impendimus.</span> <span class='ocrx_word' id='word_1_72' title='bbox 1066 773 1175 826; x_wconf 84' lang='lat' dir='ltr'>Quin</span> <span class='ocrx_word' id='word_1_73' title='bbox 1204 775 1344 832; x_wconf 89' lang='lat' dir='ltr'>potius</span> <span class='ocrx_word' id='word_1_74' title='bbox 1374 775 1419 818; x_wconf 93' lang='lat' dir='ltr'>in</span> <span class='ocrx_word' id='word_1_75' title='bbox 1450 776 1586 832; x_wconf 87' lang='lat' dir='ltr'>curia,</span> <span class='ocrx_word' id='word_1_76' title='bbox 1625 789 1731 834; x_wconf 84' lang='lat' dir='ltr'>quae</span> <span class='ocrx_word' id='word_1_77' title='bbox 1757 775 1860 821; x_wconf 80' lang='lat' dir='ltr'>Cor·</span> 
     </span>
     <span class='ocr_line' id='line_1_17' title="bbox 301 850 1862 907; baseline 0.004 -14"><span class='ocrx_word' id='word_1_78' title='bbox 301 850 419 894; x_wconf 88' lang='lat' dir='ltr'>beiae</span> <span class='ocrx_word' id='word_1_79' title='bbox 459 863 567 893; x_wconf 92' lang='lat' dir='ltr'>anno</span> <span class='ocrx_word' id='word_1_80' title='bbox 606 850 653 893; x_wconf 91' lang='lat' dir='ltr'>in</span> <span class='ocrx_word' id='word_1_81' title='bbox 688 853 802 894; x_wconf 88' lang='lat' dir='ltr'>retro</span> <span class='ocrx_word' id='word_1_82' title='bbox 832 864 977 894; x_wconf 88' lang='lat' dir='ltr'>versus</span> <span class='ocrx_word' id='word_1_83' title='bbox 1017 855 1164 907; x_wconf 82' lang='lat' dir='ltr'>quarto</span> <span class='ocrx_word' id='word_1_84' title='bbox 1201 852 1247 895; x_wconf 88' lang='lat' dir='ltr'>in</span> <span class='ocrx_word' id='word_1_85' title='bbox 1277 853 1383 896; x_wconf 86' lang='lat' dir='ltr'>festo</span> <span class='ocrx_word' id='word_1_86' title='bbox 1414 853 1862 899; x_wconf 74' lang='lat' dir='ltr'>sancti‘Barthalomci</span> 
     </span>
     <span class='ocr_line' id='line_1_18' title="bbox 301 927 1862 988; baseline 0.004 -18"><span class='ocrx_word' id='word_1_87' title='bbox 301 927 481 985; x_wconf 87' lang='lat' dir='ltr'>apostoli</span> <span class='ocrx_word' id='word_1_88' title='bbox 512 941 538 971; x_wconf 91' lang='lat' dir='ltr'>a</span> <span class='ocrx_word' id='word_1_89' title='bbox 558 927 710 971; x_wconf 92' lang='lat' dir='ltr'>domno</span> <span class='ocrx_word' id='word_1_90' title='bbox 730 941 828 983; x_wconf 90' lang='lat' dir='ltr'>rege</span> <span class='ocrx_word' id='word_1_91' title='bbox 849 927 1068 972; x_wconf 88' lang='lat' dir='ltr'>Cuonrado</span> <span class='ocrx_word' id='word_1_92' title='bbox 1089 929 1299 974; x_wconf 90' lang='lat' dir='ltr'>celebrata</span> <span class='ocrx_word' id='word_1_93' title='bbox 1319 934 1395 986; x_wconf 91' lang='lat' dir='ltr'>est,</span> <span class='ocrx_word' id='word_1_94' title='bbox 1426 944 1504 988; x_wconf 83' lang='lat' dir='ltr'>pro</span> <span class='ocrx_word' id='word_1_95' title='bbox 1523 931 1712 988; x_wconf 80' lang='lat' dir='ltr'>predicto</span> <span class='ocrx_word' id='word_1_96' title='bbox 1729 931 1862 977; x_wconf 74' lang='lat' dir='ltr'>fratrc</span> 
     </span>
     <span class='ocr_line' id='line_1_19' title="bbox 299 1005 1861 1061; baseline 0.003 -12"><span class='ocrx_word' id='word_1_97' title='bbox 299 1005 487 1061; x_wconf 88' lang='lat' dir='ltr'>regimen</span> <span class='ocrx_word' id='word_1_98' title='bbox 523 1009 623 1049; x_wconf 85' lang='lat' dir='ltr'>tunc</span> <span class='ocrx_word' id='word_1_99' title='bbox 662 1005 848 1049; x_wconf 88' lang='lat' dir='ltr'>eiusdem</span> <span class='ocrx_word' id='word_1_100' title='bbox 884 1006 1130 1050; x_wconf 81' lang='lat' dir='ltr'>monasterii</span> <span class='ocrx_word' id='word_1_101' title='bbox 1166 1010 1336 1052; x_wconf 85' lang='lat' dir='ltr'>tenente</span> <span class='ocrx_word' id='word_1_102' title='bbox 1374 1008 1567 1052; x_wconf 87' lang='lat' dir='ltr'>stetimus</span> <span class='ocrx_word' id='word_1_103' title='bbox 1603 1015 1688 1053; x_wconf 71' lang='lat' dir='ltr'>non</span> <span class='ocrx_word' id='word_1_104' title='bbox 1720 1009 1861 1054; x_wconf 69' lang='lat' dir='ltr'>solum</span> 
     </span>
     <span class='ocr_line' id='line_1_20' title="bbox 300 1082 1860 1144; baseline 0.003 -17"><span class='ocrx_word' id='word_1_105' title='bbox 300 1086 542 1127; x_wconf 84' lang='lat' dir='ltr'>constanter</span> <span class='ocrx_word' id='word_1_106' title='bbox 571 1086 636 1127; x_wconf 86' lang='lat' dir='ltr'>set</span> <span class='ocrx_word' id='word_1_107' title='bbox 661 1083 789 1127; x_wconf 88' lang='lat' dir='ltr'>etiam</span> <span class='ocrx_word' id='word_1_108' title='bbox 809 1082 1052 1138; x_wconf 82' lang='lat' dir='ltr'>efficaciter3</span> <span class='ocrx_word' id='word_1_109' title='bbox 1085 1084 1282 1140; x_wconf 89' lang='lat' dir='ltr'>quoniam</span> <span class='ocrx_word' id='word_1_110' title='bbox 1302 1085 1328 1128; x_wconf 75' lang='lat' dir='ltr'>a</span> <span class='ocrx_word' id='word_1_111' title='bbox 1347 1085 1570 1130; x_wconf 89' lang='lat' dir='ltr'>clementia</span> <span class='ocrx_word' id='word_1_112' title='bbox 1587 1086 1731 1131; x_wconf 75' lang='lat' dir='ltr'>domni</span> <span class='ocrx_word' id='word_1_113' title='bbox 1747 1087 1860 1144; x_wconf 72' lang='lat' dir='ltr'>regis</span> 
     </span>
     <span class='ocr_line' id='line_1_21' title="bbox 300 1161 1862 1218; baseline 0.004 -14"><span class='ocrx_word' id='word_1_114' title='bbox 300 1161 434 1205; x_wconf 88' lang='lat' dir='ltr'>multa</span> <span class='ocrx_word' id='word_1_115' title='bbox 470 1174 643 1218; x_wconf 84' lang='lat' dir='ltr'>precum</span> <span class='ocrx_word' id='word_1_116' title='bbox 671 1161 876 1204; x_wconf 87' lang='lat' dir='ltr'>instantia</span> <span class='ocrx_word' id='word_1_117' title='bbox 906 1161 1182 1218; x_wconf 86' lang='lat' dir='ltr'>obtinuimus,</span> <span class='ocrx_word' id='word_1_118' title='bbox 1221 1176 1275 1206; x_wconf 93' lang='lat' dir='ltr'>ne</span> <span class='ocrx_word' id='word_1_119' title='bbox 1305 1162 1504 1207; x_wconf 87' lang='lat' dir='ltr'>adversus</span> <span class='ocrx_word' id='word_1_120' title='bbox 1536 1177 1632 1208; x_wconf 85' lang='lat' dir='ltr'>eum</span> <span class='ocrx_word' id='word_1_121' title='bbox 1659 1163 1735 1209; x_wconf 64' lang='lat' dir='ltr'>lite</span> <span class='ocrx_word' id='word_1_122' title='bbox 1763 1170 1862 1209; x_wconf 66' lang='lat' dir='ltr'>aaa·</span> 
     </span>
     <span class='ocr_line' id='line_1_22' title="bbox 301 1239 1581 1298; baseline 0.002 -16"><span class='ocrx_word' id='word_1_123' title='bbox 301 1242 457 1283; x_wconf 86' lang='lat' dir='ltr'>testata</span> <span class='ocrx_word' id='word_1_124' title='bbox 487 1242 775 1282; x_wconf 84' lang='lat' dir='ltr'>accusatorum</span> <span class='ocrx_word' id='word_1_125' title='bbox 806 1239 915 1282; x_wconf 89' lang='lat' dir='ltr'>actio</span> <span class='ocrx_word' id='word_1_126' title='bbox 946 1243 988 1283; x_wconf 90' lang='lat' dir='ltr'>et</span> <span class='ocrx_word' id='word_1_127' title='bbox 1018 1239 1119 1283; x_wconf 88' lang='lat' dir='ltr'>ordo</span> <span class='ocrx_word' id='word_1_128' title='bbox 1149 1239 1295 1283; x_wconf 90' lang='lat' dir='ltr'>iudicii</span> <span class='ocrx_word' id='word_1_129' title='bbox 1323 1241 1581 1298; x_wconf 83' lang='lat' dir='ltr'>procederet.</span> 
     </span>
    </p>

    <p class='ocr_par' dir='ltr' id='par_1_10' title="bbox 299 1316 1862 2152">
     <span class='ocr_line' id='line_1_23' title="bbox 419 1316 1862 1374; baseline 0.005 -15"><span class='ocrx_word' id='word_1_130' title='bbox 419 1316 592 1369; x_wconf 81' lang='lat' dir='ltr'>Quando</span> <span class='ocrx_word' id='word_1_131' title='bbox 623 1330 723 1360; x_wconf 91' lang='lat' dir='ltr'>vero</span> <span class='ocrx_word' id='word_1_132' title='bbox 752 1317 797 1360; x_wconf 92' lang='lat' dir='ltr'>in</span> <span class='ocrx_word' id='word_1_133' title='bbox 827 1317 1042 1374; x_wconf 87' lang='lat' dir='ltr'>presentia</span> <span class='ocrx_word' id='word_1_134' title='bbox 1073 1321 1115 1361; x_wconf 89' lang='lat' dir='ltr'>et</span> <span class='ocrx_word' id='word_1_135' title='bbox 1142 1317 1452 1362; x_wconf 86' lang='lat' dir='ltr'>iurisdictione·</span> <span class='ocrx_word' id='word_1_136' title='bbox 1472 1318 1607 1363; x_wconf 83' lang='lat' dir='ltr'>felicis</span> <span class='ocrx_word' id='word_1_137' title='bbox 1634 1320 1862 1366; x_wconf 72' lang='lat' dir='ltr'>memoriae</span> 
     </span>
     <span class='ocr_line' id='line_1_24' title="bbox 300 1393 1860 1455; baseline 0.003 -18"><span class='ocrx_word' id='word_1_138' title='bbox 300 1394 443 1438; x_wconf 89' lang='lat' dir='ltr'>domni</span> <span class='ocrx_word' id='word_1_139' title='bbox 483 1394 667 1438; x_wconf 87' lang='lat' dir='ltr'>Thomae</span> <span class='ocrx_word' id='word_1_140' title='bbox 707 1394 932 1438; x_wconf 87' lang='lat' dir='ltr'>cardinalis</span> <span class='ocrx_word' id='word_1_141' title='bbox 971 1395 1194 1452; x_wconf 88' lang='lat' dir='ltr'>presbiteri</span> <span class='ocrx_word' id='word_1_142' title='bbox 1206 1393 1229 1451; x_wconf 86' lang='lat'>¹,</span> <span class='ocrx_word' id='word_1_143' title='bbox 1275 1396 1527 1453; x_wconf 88' lang='lat' dir='ltr'>apostolicae</span> <span class='ocrx_word' id='word_1_144' title='bbox 1572 1397 1683 1442; x_wconf 85' lang='lat' dir='ltr'>sedis</span> <span class='ocrx_word' id='word_1_145' title='bbox 1718 1397 1860 1455; x_wconf 43' lang='lat' dir='ltr'>legun</span> 
     </span>
     <span class='ocr_line' id='line_1_25' title="bbox 300 1471 1860 1532; baseline 0.004 -17"><span class='ocrx_word' id='word_1_146' title='bbox 300 1471 352 1516; x_wconf 88' lang='lat' dir='ltr'>de</span> <span class='ocrx_word' id='word_1_147' title='bbox 373 1472 576 1529; x_wconf 85' lang='lat' dir='ltr'>symonia,</span> <span class='ocrx_word' id='word_1_148' title='bbox 607 1472 653 1515; x_wconf 91' lang='lat' dir='ltr'>in</span> <span class='ocrx_word' id='word_1_149' title='bbox 674 1472 912 1516; x_wconf 89' lang='lat' dir='ltr'>venditione</span> <span class='ocrx_word' id='word_1_150' title='bbox 934 1472 1158 1516; x_wconf 85' lang='lat' dir='ltr'>aecclesiae</span> <span class='ocrx_word' id='word_1_151' title='bbox 1179 1473 1231 1516; x_wconf 91' lang='lat' dir='ltr'>de</span> <span class='ocrx_word' id='word_1_152' title='bbox 1249 1471 1458 1518; x_wconf 82' lang='lat' dir='ltr'>Linwert&#39;</span> <span class='ocrx_word' id='word_1_153' title='bbox 1477 1477 1732 1532; x_wconf 75' lang='lat' dir='ltr'>perpetrata,</span> <span class='ocrx_word' id='word_1_154' title='bbox 1761 1489 1860 1520; x_wconf 81' lang='lat' dir='ltr'>con·</span> 
     </span>
     <span class='ocr_line' id='line_1_26' title="bbox 300 1549 1860 1608; baseline 0.004 -16"><span class='ocrx_word' id='word_1_155' title='bbox 300 1549 434 1592; x_wconf 89' lang='lat' dir='ltr'>victus</span> <span class='ocrx_word' id='word_1_156' title='bbox 466 1549 667 1593; x_wconf 87' lang='lat' dir='ltr'>Corbeiae</span> <span class='ocrx_word' id='word_1_157' title='bbox 697 1549 741 1592; x_wconf 95' lang='lat' dir='ltr'>in</span> <span class='ocrx_word' id='word_1_158' title='bbox 773 1549 968 1607; x_wconf 90' lang='lat' dir='ltr'>capitolio</span> <span class='ocrx_word' id='word_1_159' title='bbox 1000 1553 1043 1593; x_wconf 90' lang='lat' dir='ltr'>et</span> <span class='ocrx_word' id='word_1_160' title='bbox 1072 1550 1284 1594; x_wconf 78' lang='lat' dir='ltr'>confessus</span> <span class='ocrx_word' id='word_1_161' title='bbox 1314 1551 1408 1608; x_wconf 81' lang='lat' dir='ltr'>fuit,</span> <span class='ocrx_word' id='word_1_162' title='bbox 1438 1565 1514 1596; x_wconf 93' lang='lat' dir='ltr'>nos</span> <span class='ocrx_word' id='word_1_163' title='bbox 1546 1565 1691 1596; x_wconf 86' lang='lat' dir='ltr'>earum</span> <span class='ocrx_word' id='word_1_164' title='bbox 1719 1566 1860 1598; x_wconf 79' lang='lat' dir='ltr'>rerum</span> 
     </span>
     <span class='ocr_line' id='line_1_27' title="bbox 301 1627 1862 1686; baseline 0.004 -16"><span class='ocrx_word' id='word_1_165' title='bbox 301 1640 472 1684; x_wconf 85' lang='lat' dir='ltr'>prorsus</span> <span class='ocrx_word' id='word_1_166' title='bbox 493 1627 630 1682; x_wconf 86' lang='lat' dir='ltr'>ignari</span> <span class='ocrx_word' id='word_1_167' title='bbox 652 1641 817 1671; x_wconf 88' lang='lat' dir='ltr'>eramus</span> <span class='ocrx_word' id='word_1_168' title='bbox 837 1627 882 1670; x_wconf 89' lang='lat' dir='ltr'>in</span> <span class='ocrx_word' id='word_1_169' title='bbox 901 1627 1140 1672; x_wconf 88' lang='lat' dir='ltr'>Stabulensi</span> <span class='ocrx_word' id='word_1_170' title='bbox 1159 1629 1427 1685; x_wconf 84' lang='lat' dir='ltr'>monasterio,</span> <span class='ocrx_word' id='word_1_171' title='bbox 1449 1630 1561 1686; x_wconf 90' lang='lat' dir='ltr'>quod</span> <span class='ocrx_word' id='word_1_172' title='bbox 1580 1643 1607 1674; x_wconf 87' lang='lat' dir='ltr'>a</span> <span class='ocrx_word' id='word_1_173' title='bbox 1620 1629 1862 1676; x_wconf 68' lang='lat' dir='ltr'>Corbeiemi</span> 
     </span>
     <span class='ocr_line' id='line_1_28' title="bbox 301 1705 1859 1766; baseline 0.004 -19"><span class='ocrx_word' id='word_1_174' title='bbox 301 1705 430 1748; x_wconf 88' lang='lat' dir='ltr'>distat</span> <span class='ocrx_word' id='word_1_175' title='bbox 459 1705 609 1748; x_wconf 86' lang='lat' dir='ltr'>itinere</span> <span class='ocrx_word' id='word_1_176' title='bbox 640 1719 715 1748; x_wconf 85' lang='lat' dir='ltr'>sex</span> <span class='ocrx_word' id='word_1_177' title='bbox 746 1705 920 1748; x_wconf 86' lang='lat' dir='ltr'>dierum.</span> <span class='ocrx_word' id='word_1_178' title='bbox 1021 1705 1192 1757; x_wconf 86' lang='lat' dir='ltr'>Quando</span> <span class='ocrx_word' id='word_1_179' title='bbox 1225 1707 1353 1750; x_wconf 91' lang='lat' dir='ltr'>etiam</span> <span class='ocrx_word' id='word_1_180' title='bbox 1386 1708 1440 1750; x_wconf 83' lang='lat'>12</span> <span class='ocrx_word' id='word_1_181' title='bbox 1460 1706 1670 1752; x_wconf 77' lang='lat' dir='ltr'>Kalendas</span> <span class='ocrx_word' id='word_1_182' title='bbox 1698 1707 1859 1766; x_wconf 77' lang='lat' dir='ltr'>Aprilis</span> 
     </span>
     <span class='ocr_line' id='line_1_29' title="bbox 301 1783 1860 1847; baseline 0.004 -21"><span class='ocrx_word' id='word_1_183' title='bbox 301 1797 326 1826; x_wconf 91' lang='lat' dir='ltr'>a</span> <span class='ocrx_word' id='word_1_184' title='bbox 354 1783 646 1840; x_wconf 88' lang='lat' dir='ltr'>prenominato</span> <span class='ocrx_word' id='word_1_185' title='bbox 676 1783 812 1826; x_wconf 89' lang='lat' dir='ltr'>iudice</span> <span class='ocrx_word' id='word_1_186' title='bbox 834 1797 908 1827; x_wconf 92' lang='lat' dir='ltr'>suo</span> <span class='ocrx_word' id='word_1_187' title='bbox 931 1783 1043 1847; x_wconf 87' lang='lat' dir='ltr'>apud</span> <span class='ocrx_word' id='word_1_188' title='bbox 1062 1784 1272 1828; x_wconf 88' lang='lat' dir='ltr'>civitatem</span> <span class='ocrx_word' id='word_1_189' title='bbox 1293 1783 1595 1842; x_wconf 81' lang='lat' dir='ltr'>Patherburna,</span> <span class='ocrx_word' id='word_1_190' title='bbox 1626 1786 1699 1831; x_wconf 90' lang='lat' dir='ltr'>ubi</span> <span class='ocrx_word' id='word_1_191' title='bbox 1716 1787 1860 1832; x_wconf 86' lang='lat' dir='ltr'>venire</span> 
     </span>
     <span class='ocr_line' id='line_1_30' title="bbox 299 1860 1859 1919; baseline 0.003 -15"><span class='ocrx_word' id='word_1_192' title='bbox 299 1861 438 1904; x_wconf 86' lang='lat' dir='ltr'>iussus</span> <span class='ocrx_word' id='word_1_193' title='bbox 469 1874 514 1904; x_wconf 92' lang='lat' dir='ltr'>se</span> <span class='ocrx_word' id='word_1_194' title='bbox 546 1860 850 1917; x_wconf 86' lang='lat' dir='ltr'>absentaverat,</span> <span class='ocrx_word' id='word_1_195' title='bbox 880 1861 926 1904; x_wconf 91' lang='lat' dir='ltr'>in</span> <span class='ocrx_word' id='word_1_196' title='bbox 956 1860 1177 1919; x_wconf 89' lang='lat' dir='ltr'>sollempni</span> <span class='ocrx_word' id='word_1_197' title='bbox 1205 1861 1522 1918; x_wconf 65' lang='lat' dir='ltr'>religiosorum*</span> <span class='ocrx_word' id='word_1_198' title='bbox 1553 1866 1760 1908; x_wconf 84' lang='lat' dir='ltr'>conventu</span> <span class='ocrx_word' id='word_1_199' title='bbox 1787 1864 1859 1909; x_wconf 84' lang='lat' dir='ltr'>de-</span> 
     </span>
     <span class='ocr_line' id='line_1_31' title="bbox 299 1931 1860 1997; baseline 0.004 -16"><span class='ocrx_word' id='word_1_200' title='bbox 299 1939 463 1996; x_wconf 89' lang='lat' dir='ltr'>positus</span> <span class='ocrx_word' id='word_1_201' title='bbox 494 1938 588 1994; x_wconf 86' lang='lat' dir='ltr'>suit,</span> <span class='ocrx_word' id='word_1_202' title='bbox 619 1952 695 1982; x_wconf 91' lang='lat' dir='ltr'>nos</span> <span class='ocrx_word' id='word_1_203' title='bbox 727 1952 892 1982; x_wconf 89' lang='lat' dir='ltr'>eramus</span> <span class='ocrx_word' id='word_1_204' title='bbox 921 1938 1157 1996; x_wconf 85' lang='lat' dir='ltr'>Stabulaus,</span> <span class='ocrx_word' id='word_1_205' title='bbox 1187 1940 1404 1997; x_wconf 90' lang='lat' dir='ltr'>preparati</span> <span class='ocrx_word' id='word_1_206' title='bbox 1434 1943 1476 1984; x_wconf 86' lang='lat' dir='ltr'>et</span> <span class='ocrx_word' id='word_1_207' title='bbox 1505 1931 1705 1986; x_wconf 82' lang='lat' dir='ltr'>succincti</span> <span class='ocrx_word' id='word_1_208' title='bbox 1733 1955 1860 1988; x_wconf 80' lang='lat' dir='ltr'>causa</span> 
     </span>
     <span class='ocr_line' id='line_1_32' title="bbox 299 2015 1858 2075; baseline 0.003 -15"><span class='ocrx_word' id='word_1_209' title='bbox 299 2017 440 2072; x_wconf 86' lang='lat' dir='ltr'>regiae</span> <span class='ocrx_word' id='word_1_210' title='bbox 469 2016 691 2072; x_wconf 87' lang='lat' dir='ltr'>legationis</span> <span class='ocrx_word' id='word_1_211' title='bbox 722 2016 899 2060; x_wconf 90' lang='lat' dir='ltr'>Romam</span> <span class='ocrx_word' id='word_1_212' title='bbox 928 2015 1155 2074; x_wconf 85' lang='lat' dir='ltr'>proficisci3</span> <span class='ocrx_word' id='word_1_213' title='bbox 1196 2018 1307 2074; x_wconf 91' lang='lat' dir='ltr'>quod</span> <span class='ocrx_word' id='word_1_214' title='bbox 1337 2020 1379 2062; x_wconf 92' lang='lat' dir='ltr'>et</span> <span class='ocrx_word' id='word_1_215' title='bbox 1407 2018 1596 2075; x_wconf 71' lang='lat' dir='ltr'>fecimuS,</span> <span class='ocrx_word' id='word_1_216' title='bbox 1632 2032 1730 2064; x_wconf 86' lang='lat' dir='ltr'>mox</span> <span class='ocrx_word' id='word_1_217' title='bbox 1759 2019 1858 2066; x_wconf 81' lang='lat' dir='ltr'>inde</span> 
     </span>
     <span class='ocr_line' id='line_1_33' title="bbox 299 2094 897 2152; baseline 0 -14"><span class='ocrx_word' id='word_1_218' title='bbox 299 2097 513 2138; x_wconf 87' lang='lat' dir='ltr'>moventes</span> <span class='ocrx_word' id='word_1_219' title='bbox 544 2096 572 2138; x_wconf 85' lang='lat'>9</span> <span class='ocrx_word' id='word_1_220' title='bbox 597 2094 691 2138; x_wconf 87' lang='lat' dir='ltr'>Kal.</span> <span class='ocrx_word' id='word_1_221' title='bbox 722 2094 897 2152; x_wconf 88' lang='lat' dir='ltr'>Aprilis.</span> 
     </span>
    </p>

    <p class='ocr_par' dir='ltr' id='par_1_11' title="bbox 301 2170 1915 2853">
     <span class='ocr_line' id='line_1_34' title="bbox 417 2170 1858 2231; baseline 0.003 -15"><span class='ocrx_word' id='word_1_222' title='bbox 417 2172 644 2230; x_wconf 86' lang='lat' dir='ltr'>Depositus</span> <span class='ocrx_word' id='word_1_223' title='bbox 675 2172 816 2229; x_wconf 90' lang='lat' dir='ltr'>itaque</span> <span class='ocrx_word' id='word_1_224' title='bbox 846 2172 1003 2217; x_wconf 90' lang='lat' dir='ltr'>ibidem</span> <span class='ocrx_word' id='word_1_225' title='bbox 1031 2175 1120 2216; x_wconf 89' lang='lat' dir='ltr'>tam</span> <span class='ocrx_word' id='word_1_226' title='bbox 1151 2171 1204 2216; x_wconf 91' lang='lat' dir='ltr'>ab</span> <span class='ocrx_word' id='word_1_227' title='bbox 1234 2170 1370 2215; x_wconf 86' lang='lat' dir='ltr'>officio</span> <span class='ocrx_word' id='word_1_228' title='bbox 1400 2172 1647 2217; x_wconf 86' lang='lat' dir='ltr'>sacerdotali</span> <span class='ocrx_word' id='word_1_229' title='bbox 1677 2186 1804 2231; x_wconf 82' lang='lat' dir='ltr'>quam</span> <span class='ocrx_word' id='word_1_230' title='bbox 1830 2188 1858 2220; x_wconf 83' lang='lat' dir='ltr'>a</span> 
     </span>
     <span class='ocr_line' id='line_1_35' title="bbox 301 2250 1856 2309; baseline 0.003 -16"><span class='ocrx_word' id='word_1_231' title='bbox 301 2250 504 2305; x_wconf 86' lang='lat' dir='ltr'>dignitate</span> <span class='ocrx_word' id='word_1_232' title='bbox 544 2250 756 2306; x_wconf 88' lang='lat' dir='ltr'>abbatiae,</span> <span class='ocrx_word' id='word_1_233' title='bbox 796 2252 920 2306; x_wconf 86' lang='lat' dir='ltr'>atque</span> <span class='ocrx_word' id='word_1_234' title='bbox 949 2250 1122 2308; x_wconf 88' lang='lat' dir='ltr'>insuper</span> <span class='ocrx_word' id='word_1_235' title='bbox 1152 2250 1552 2306; x_wconf 85' lang='lat' dir='ltr'>excommunicatus,</span> <span class='ocrx_word' id='word_1_236' title='bbox 1591 2251 1627 2294; x_wconf 94' lang='lat' dir='ltr'>si</span> <span class='ocrx_word' id='word_1_237' title='bbox 1656 2264 1856 2309; x_wconf 76' lang='lat' dir='ltr'>personas</span> 
     </span>
     <span class='ocr_line' id='line_1_36' title="bbox 301 2327 1856 2384; baseline 0.003 -13"><span class='ocrx_word' id='word_1_238' title='bbox 301 2327 367 2372; x_wconf 91' lang='lat' dir='ltr'>vel</span> <span class='ocrx_word' id='word_1_239' title='bbox 405 2341 473 2372; x_wconf 93' lang='lat' dir='ltr'>res</span> <span class='ocrx_word' id='word_1_240' title='bbox 511 2327 755 2371; x_wconf 87' lang='lat' dir='ltr'>monasterii</span> <span class='ocrx_word' id='word_1_241' title='bbox 792 2327 877 2371; x_wconf 93' lang='lat' dir='ltr'>ullo</span> <span class='ocrx_word' id='word_1_242' title='bbox 912 2327 1036 2371; x_wconf 89' lang='lat' dir='ltr'>modo</span> <span class='ocrx_word' id='word_1_243' title='bbox 1066 2331 1238 2371; x_wconf 86' lang='lat' dir='ltr'>vexaret</span> <span class='ocrx_word' id='word_1_244' title='bbox 1267 2327 1333 2371; x_wconf 88' lang='lat' dir='ltr'>vel</span> <span class='ocrx_word' id='word_1_245' title='bbox 1363 2327 1637 2384; x_wconf 83' lang='lat' dir='ltr'>disturbaret,</span> <span class='ocrx_word' id='word_1_246' title='bbox 1675 2342 1762 2374; x_wconf 91' lang='lat' dir='ltr'>non</span> <span class='ocrx_word' id='word_1_247' title='bbox 1790 2343 1856 2375; x_wconf 76' lang='lat' dir='ltr'>ro-</span> 
     </span>
     <span class='ocr_line' id='line_1_37' title="bbox 302 2404 1856 2463; baseline 0.002 -14"><span class='ocrx_word' id='word_1_248' title='bbox 302 2405 496 2461; x_wconf 88' lang='lat' dir='ltr'>cognovit</span> <span class='ocrx_word' id='word_1_249' title='bbox 525 2418 697 2449; x_wconf 91' lang='lat' dir='ltr'>manum</span> <span class='ocrx_word' id='word_1_250' title='bbox 716 2404 887 2448; x_wconf 83' lang='lat' dir='ltr'>Domini</span> <span class='ocrx_word' id='word_1_251' title='bbox 919 2419 1045 2463; x_wconf 88' lang='lat' dir='ltr'>super</span> <span class='ocrx_word' id='word_1_252' title='bbox 1075 2419 1121 2449; x_wconf 87' lang='lat' dir='ltr'>se</span> <span class='ocrx_word' id='word_1_253' title='bbox 1149 2418 1227 2450; x_wconf 90' lang='lat' dir='ltr'>nec</span> <span class='ocrx_word' id='word_1_254' title='bbox 1257 2405 1469 2462; x_wconf 84' lang='lat' dir='ltr'>adquievit</span> <span class='ocrx_word' id='word_1_255' title='bbox 1498 2406 1729 2451; x_wconf 79' lang='lat' dir='ltr'>sententiae</span> <span class='ocrx_word' id='word_1_256' title='bbox 1748 2407 1856 2452; x_wconf 84' lang='lat' dir='ltr'>iudi-</span> 
     </span>
     <span class='ocr_line' id='line_1_38' title="bbox 303 2482 1856 2541; baseline 0.003 -15"><span class='ocrx_word' id='word_1_257' title='bbox 303 2483 457 2537; x_wconf 89' lang='lat' dir='ltr'>cantis;</span> <span class='ocrx_word' id='word_1_258' title='bbox 494 2486 558 2526; x_wconf 87' lang='lat' dir='ltr'>set</span> <span class='ocrx_word' id='word_1_259' title='bbox 586 2483 632 2526; x_wconf 93' lang='lat' dir='ltr'>in</span> <span class='ocrx_word' id='word_1_260' title='bbox 662 2482 931 2526; x_wconf 87' lang='lat' dir='ltr'>rebellionem</span> <span class='ocrx_word' id='word_1_261' title='bbox 961 2485 1004 2527; x_wconf 90' lang='lat' dir='ltr'>et</span> <span class='ocrx_word' id='word_1_262' title='bbox 1033 2487 1223 2541; x_wconf 87' lang='lat' dir='ltr'>apertam</span> <span class='ocrx_word' id='word_1_263' title='bbox 1250 2482 1491 2526; x_wconf 86' lang='lat' dir='ltr'>violentiam</span> <span class='ocrx_word' id='word_1_264' title='bbox 1520 2496 1757 2541; x_wconf 83' lang='lat' dir='ltr'>conversus,</span> <span class='ocrx_word' id='word_1_265' title='bbox 1786 2499 1856 2530; x_wconf 79' lang='lat' dir='ltr'>res</span> 
     </span>
     <span class='ocr_line' id='line_1_39' title="bbox 304 2560 1854 2621; baseline 0.002 -17"><span class='ocrx_word' id='word_1_266' title='bbox 304 2560 515 2616; x_wconf 88' lang='lat' dir='ltr'>abbatiae,</span> <span class='ocrx_word' id='word_1_267' title='bbox 547 2560 781 2617; x_wconf 87' lang='lat' dir='ltr'>ubicunque</span> <span class='ocrx_word' id='word_1_268' title='bbox 814 2560 1001 2604; x_wconf 90' lang='lat' dir='ltr'>locorum</span> <span class='ocrx_word' id='word_1_269' title='bbox 1029 2561 1181 2618; x_wconf 90' lang='lat' dir='ltr'>potuit,</span> <span class='ocrx_word' id='word_1_270' title='bbox 1210 2560 1336 2604; x_wconf 86' lang='lat' dir='ltr'>nimis</span> <span class='ocrx_word' id='word_1_271' title='bbox 1364 2560 1637 2606; x_wconf 87' lang='lat' dir='ltr'>immoderate</span> <span class='ocrx_word' id='word_1_272' title='bbox 1667 2562 1854 2621; x_wconf 80' lang='lat' dir='ltr'>diripuit,</span> 
     </span>
     <span class='ocr_line' id='line_1_40' title="bbox 304 2637 1915 2695; baseline 0.002 -14"><span class='ocrx_word' id='word_1_273' title='bbox 304 2641 346 2682; x_wconf 88' lang='lat' dir='ltr'>et</span> <span class='ocrx_word' id='word_1_274' title='bbox 379 2638 423 2681; x_wconf 89' lang='lat' dir='ltr'>in</span> <span class='ocrx_word' id='word_1_275' title='bbox 460 2638 652 2695; x_wconf 83' lang='lat' dir='ltr'>proximo</span> <span class='ocrx_word' id='word_1_276' title='bbox 690 2638 848 2695; x_wconf 89' lang='lat' dir='ltr'>pascha</span> <span class='ocrx_word' id='word_1_277' title='bbox 885 2639 931 2682; x_wconf 89' lang='lat' dir='ltr'>in</span> <span class='ocrx_word' id='word_1_278' title='bbox 966 2639 1219 2683; x_wconf 88' lang='lat' dir='ltr'>monasterio</span> <span class='ocrx_word' id='word_1_279' title='bbox 1249 2637 1445 2694; x_wconf 83' lang='lat' dir='ltr'>Hasunge</span> <span class='ocrx_word' id='word_1_280' title='bbox 1480 2638 1624 2682; x_wconf 86' lang='lat' dir='ltr'>infulis</span> <span class='ocrx_word' id='word_1_281' title='bbox 1664 2639 1855 2685; x_wconf 79' lang='lat' dir='ltr'>abbatiae</span> <span class='ocrx_word' id='word_1_282' title='bbox 1911 2651 1915 2655; x_wconf 84' lang='lat'>&#39;</span> 
     </span>
     <span class='ocr_line' id='line_1_41' title="bbox 304 2714 1854 2773; baseline 0.001 -14"><span class='ocrx_word' id='word_1_283' title='bbox 304 2719 474 2759; x_wconf 86' lang='lat' dir='ltr'>ornatus</span> <span class='ocrx_word' id='word_1_284' title='bbox 504 2715 676 2760; x_wconf 90' lang='lat' dir='ltr'>incessit</span> <span class='ocrx_word' id='word_1_285' title='bbox 705 2718 747 2759; x_wconf 89' lang='lat' dir='ltr'>et</span> <span class='ocrx_word' id='word_1_286' title='bbox 774 2716 939 2773; x_wconf 90' lang='lat' dir='ltr'>publice</span> <span class='ocrx_word' id='word_1_287' title='bbox 959 2716 1145 2760; x_wconf 87' lang='lat' dir='ltr'>divinum</span> <span class='ocrx_word' id='word_1_288' title='bbox 1166 2714 1347 2760; x_wconf 88' lang='lat' dir='ltr'>officium</span> <span class='ocrx_word' id='word_1_289' title='bbox 1366 2715 1602 2760; x_wconf 84' lang='lat' dir='ltr'>celebravit.</span> <span class='ocrx_word' id='word_1_290' title='bbox 1644 2716 1854 2769; x_wconf 80' lang='lat' dir='ltr'>Quasdam</span> 
     </span>
     <span class='ocr_line' id='line_1_42' title="bbox 304 2793 1852 2853; baseline 0.001 -17"><span class='ocrx_word' id='word_1_291' title='bbox 304 2793 488 2849; x_wconf 85' lang='lat' dir='ltr'>integras</span> <span class='ocrx_word' id='word_1_292' title='bbox 508 2796 645 2837; x_wconf 85' lang='lat' dir='ltr'>curtes</span> <span class='ocrx_word' id='word_1_293' title='bbox 666 2793 858 2838; x_wconf 87' lang='lat' dir='ltr'>abbatiae</span> <span class='ocrx_word' id='word_1_294' title='bbox 877 2793 1105 2838; x_wconf 86' lang='lat' dir='ltr'>infeodavit</span> <span class='ocrx_word' id='word_1_295' title='bbox 1125 2797 1166 2838; x_wconf 90' lang='lat' dir='ltr'>et</span> <span class='ocrx_word' id='word_1_296' title='bbox 1185 2793 1337 2838; x_wconf 83' lang='lat' dir='ltr'>multos</span> <span class='ocrx_word' id='word_1_297' title='bbox 1356 2806 1524 2837; x_wconf 81' lang='lat' dir='ltr'>mansos</span> <span class='ocrx_word' id='word_1_298' title='bbox 1544 2797 1633 2838; x_wconf 90' lang='lat' dir='ltr'>tam</span> <span class='ocrx_word' id='word_1_299' title='bbox 1653 2795 1852 2853; x_wconf 84' lang='lat' dir='ltr'>oppigne-</span> 
     </span>
    </p>
   </div>
   <div class='ocr_carea' id='block_1_9' title="bbox 402 2894 1051 2925">
    <p class='ocr_par' dir='ltr' id='par_1_12' title="bbox 402 2894 1051 2925">
     <span class='ocr_line' id='line_1_43' title="bbox 402 2894 1051 2925; baseline 0.003 -2"><span class='ocrx_word' id='word_1_300' title='bbox 402 2903 427 2923; x_wconf 68' lang='grc' dir='ltr'>ι.</span> <span class='ocrx_word' id='word_1_301' title='bbox 453 2894 642 2925; x_wconf 78' lang='lat' dir='ltr'>iurisditione</span> <span class='ocrx_word' id='word_1_302' title='bbox 664 2906 690 2925; x_wconf 83' lang='lat' dir='ltr'>c.</span> <span class='ocrx_word' id='word_1_303' title='bbox 772 2894 801 2925; x_wconf 92' lang='lat' dir='ltr'>b.</span> <span class='ocrx_word' id='word_1_304' title='bbox 828 2894 1004 2925; x_wconf 81' lang='lat' dir='ltr'>reliosonun</span> <span class='ocrx_word' id='word_1_305' title='bbox 1025 2906 1051 2925; x_wconf 88' lang='lat' dir='ltr'>c.</span> 
     </span>
    </p>
   </div>
   <div class='ocr_carea' id='block_1_10' title="bbox 401 2956 1183 2994">
    <p class='ocr_par' dir='ltr' id='par_1_13' title="bbox 401 2956 1183 2994">
     <span class='ocr_line' id='line_1_44' title="bbox 401 2956 1183 2994; baseline 0.003 -2"><span class='ocrx_word' id='word_1_306' title='bbox 401 2957 432 2993; x_wconf 86' lang='lat'>1.</span> <span class='ocrx_word' id='word_1_307' title='bbox 457 2957 513 2993; x_wconf 89' lang='lat' dir='ltr'>tit.</span> <span class='ocrx_word' id='word_1_308' title='bbox 530 2956 566 2993; x_wconf 89' lang='lat' dir='ltr'>S.</span> <span class='ocrx_word' id='word_1_309' title='bbox 585 2957 771 2994; x_wconf 75' lang='lat' dir='ltr'>vestinae.</span> <span class='ocrx_word' id='word_1_310' title='bbox 866 2958 901 2994; x_wconf 89' lang='grc'>2.</span> <span class='ocrx_word' id='word_1_311' title='bbox 925 2957 1183 2994; x_wconf 81' lang='lat' dir='ltr'>Leeuwarden.</span> 
     </span>
    </p>
   </div>
  </div>
 </body>
</html>
