1924 3288
517 205 716 237 wmALm
745 204 995 237 EP1s'r0LAn
1024 203 1096 235 453.
1119 203 1191 235 454.
1549 193 1637 238 585

73 301 293 358 diligentia
316 285 592 359 deposcimus,
626 301 822 358 quatinus
844 301 896 345 ob
915 300 1023 345 hanc
1043 300 1338 344 necessitatem
1357 300 1641 358 prenominati
1666 305 1757 344 1157

73 381 217 425 domni
245 379 467 438 P(hilippi)
506 379 693 438 episcopi
723 379 958 424 absentiam
987 379 1144 422 intuitu
1173 381 1316 423 nostre
1345 378 1567 436 peticionis
1600 382 1642 423 et
1680 355 1744 387 Ian.

73 459 235 503 servitii
265 458 480 516 pacienter
510 457 739 512 sufferatis3
773 461 898 515 atque
927 470 1129 515 personas
1159 457 1438 514 honorabiles,
1469 471 1640 515 presen-

73 537 180 582 tium
211 538 536 595 presentatores,
568 535 821 592 legationem
852 536 941 580 eius
973 535 1027 579 ad
1055 538 1241 579 vestram
1271 535 1539 593 prudentiam
1570 536 1641 581 de-

74 615 269 672 ferentes,
300 614 626 659 misericorditer
657 617 700 659 et
728 615 774 659 in
804 614 1026 658 dilectione
1055 614 1296 658 remittatis.
1344 614 1442 672 Ipse
1471 614 1640 671 etenim,

75 694 219 738 divina
247 693 384 750 gratia
414 693 466 737 ab
496 692 735 737 imminenti
765 692 951 750 periculo
984 695 1166 750 ereptus,
1197 692 1271 737 ubi
1302 694 1344 737 et
1374 692 1539 750 quando
1562 693 1642 737 sibi

74 775 217 816 vestra
246 771 482 816 sublimitas
509 770 820 827 significaverit,
850 784 928 828 pro
949 773 1171 828 prenotato
1191 771 1359 827 negotio
1382 771 1538 828 absque
1557 774 1642 815 ter-

74 850 356 906 giversatione
394 864 439 894 se
476 853 617 894 vestro
656 849 897 907 conspectui
933 849 1206 907 presentabit.
1269 847 1417 894 Gratia
1451 849 1534 894 Dei
1568 863 1642 894 vo-

74 928 250 973 hiscum.

77 1070 196 1118 454.
226 1073 439 1116 Adrianus
453 1072 483 1116 I
484 1073 525 1115 V
531 1087 653 1130 papa
671 1071 859 1115 Wibaldo
887 1073 1038 1126 scribit,
1069 1088 1112 1115 se
1125 1073 1260 1133 fidem
1280 1087 1363 1115 non
1383 1073 1560 1116 tribuere
1579 1075 1642 1128 iis,

225 1152 298 1210 qui
337 1167 429 1194 eum
466 1151 607 1193 dicant
639 1151 685 1193 in
717 1149 897 1194 Graecia
937 1151 1133 1193 adversus
1169 1150 1378 1193 eeclesiam
1408 1151 1645 1194 Romanam

224 1230 387 1272 stetisse.
435 1228 590 1283 Monet,
622 1235 669 1271 ut
697 1227 906 1271 Friderici
920 1226 951 1271 I
970 1229 1232 1285 imperatoris
1262 1230 1499 1272 suasoribus
1530 1230 1645 1272 obni-

225 1314 347 1351 tatur.
1429 1305 1502 1360 (M.
1525 1306 1646 1362 439.)

195 1387 409 1441 Adrianus
426 1396 645 1454 episcopus
662 1409 808 1440 servus
825 1408 1043 1440 servorum
1056 1394 1139 1439 Dei
1155 1394 1306 1439 dilecto
1321 1394 1408 1439 filio
1419 1395 1647 1453 W(ibaldo)
1686 1408 1776 1445 1157

79 1475 320 1521 Stabulensi
350 1474 492 1519 abbati
523 1474 702 1519 salutem
733 1477 776 1518 et
806 1473 1080 1532 apostolicam
1108 1473 1455 1518 benedictionem.
1671 1458 1733 1489 ¹³¹¹·
1749 1458 1787 1489 ¹⁹

196 1554 476 1599 Devotionem
503 1553 642 1609 illam,
680 1566 820 1609 quam,
852 1552 952 1595 dum
982 1566 1156 1610 presens
1189 1565 1316 1608 esses,
1349 1553 1545 1598 discretio
1575 1557 1650 1599 tua

78 1633 199 1678 nobis
231 1632 442 1688 exhibuit,
481 1631 774 1686 adtendentes,
805 1630 937 1674 nichil
967 1629 1082 1673 aliud
1111 1630 1163 1674 de
1193 1644 1376 1688 persona
1404 1634 1491 1688 tua,
1524 1647 1649 1689 quam

81 1712 192 1770 quod
221 1710 354 1769 probo
383 1710 475 1753 viro
508 1711 550 1753 et
579 1709 728 1753 devoto
758 1707 845 1752 filio
877 1708 1110 1764 conveniat,
1143 1709 1410 1753 arbitramur.
1460 1710 1562 1755 Inde
1593 1712 1649 1755 si-

82 1790 251 1847 quidem
282 1791 364 1844 est,
397 1787 521 1845 quod,
551 1787 652 1831 licet
679 1786 853 1844 plurimi
884 1789 1072 1830 astruere
1101 1786 1344 1844 moliantur,
1376 1789 1488 1845 quod
1516 1789 1650 1833 multa

80 1869 125 1913 in
147 1866 298 1912 Grecia
326 1869 469 1924 preter
501 1879 594 1909 eam
625 1878 751 1922 quam
782 1865 834 1908 de
856 1868 899 1908 te
923 1864 1124 1909 habemus
1146 1865 1387 1922 opinionem
1407 1870 1553 1911 contra
1571 1882 1649 1912 nos

82 1949 124 1991 et
160 1948 339 1989 matrem
371 1947 488 1988 tuam
520 1946 830 1987 sacrosanctam
859 1942 1094 1986 Romanam
1124 1943 1369 1987 aecclesiam
1399 1945 1529 1989 fueris
1560 1959 1650 1990 ma-

81 2025 296 2080 chinatus,
342 2036 419 2066 nos
459 2025 602 2067 tamen
639 2022 738 2065 huic
774 2021 996 2065 assertioni
1033 2020 1160 2065 fidem
1197 2021 1391 2066 nolumus
1430 2023 1647 2080 adhibere3

83 2103 278 2160 quoniam
313 2115 362 2146 ea
392 2101 572 2157 devotio,
605 2114 731 2158 quam
761 2112 903 2143 coram
932 2099 1096 2157 positus
1126 2099 1247 2144 nobis
1277 2100 1517 2158 exhibuisti,
1547 2102 1651 2147 talia

82 2195 159 2225 nos
181 2180 350 2224 credere
370 2192 455 2222 non
474 2179 696 2236 permittit.
739 2177 962 2222 Caeterum
984 2177 1095 2234 quia,
1118 2180 1166 2221 ut
1186 2178 1246 2221 ait
1266 2179 1450 2236 quidam,
1472 2194 1650 2237 sequens

83 2260 172 2304 vita
201 2258 360 2302 iudicat
389 2257 441 2300 de
470 2257 626 2314 priori,
662 2270 715 2301 ex
744 2255 898 2299 futuris
930 2255 1205 2312 attendimus,
1238 2256 1338 2313 quid
1369 2257 1420 2301 de
1450 2259 1650 2315 predictis

84 2337 254 2382 credere
293 2335 531 2380 debeamus.
654 2335 859 2387 Quoniam
896 2334 1026 2389 igitur
1063 2335 1175 2378 circa
1211 2335 1482 2379 karissimum
1515 2335 1649 2381 filium

84 2419 276 2460 nostrum
305 2413 600 2468 F(ridericum)
622 2413 905 2457 Romanorum
933 2413 1235 2470 imperatorem
1265 2413 1435 2470 quidam
1467 2428 1557 2459 esse
1587 2416 1650 2459 di-

86 2496 256 2549 cuntur,
290 2492 361 2549 qui
393 2492 445 2535 ad
474 2491 554 2535 hoc
583 2491 719 2535 modis
751 2491 944 2535 omnibus
977 2490 1206 2547 elaborant,
1237 2494 1285 2534 ut
1313 2491 1530 2536 inanimo
1562 2494 1650 2538 eius

87 2574 375 2616 sacrosanctae
389 2569 603 2614 Romanae
625 2569 850 2613 aecclesiae
871 2569 1135 2613 devotionem
1156 2569 1417 2626 extinguant,
1439 2570 1652 2615 dilectioni

86 2652 184 2694 tuae
206 2663 283 2707 per
307 2647 537 2706 apostolica
557 2648 715 2705 scripta
733 2647 996 2703 mandamuS,
1028 2648 1224 2704 quatinus
1245 2647 1365 2692 iuxta
1382 2649 1651 2706 prudentiam

87 2731 206 2771 tuam
235 2727 378 2785 pravis
411 2726 745 2782 suggestionibus
775 2725 945 2769 illorum
975 2725 1167 2781 obsistas,
1201 2728 1243 2769 et
1263 2726 1499 2783 predictum
1518 2727 1651 2785 impe-

88 2808 272 2850 ratorem
308 2806 354 2848 in
382 2805 652 2849 veneratione
691 2803 944 2861 apostolicae
980 2803 1114 2860 sedis,
1153 2804 1263 2848 sicut
1297 2804 1440 2861 debet,
1480 2819 1651 2851 moneas

89 2897 350 2941 permanere,
381 2883 443 2927 ita
472 2886 520 2926 ut
550 2883 575 2926 a
604 2883 712 2926 bono
746 2885 787 2926 et
816 2884 931 2926 recto
962 2895 1088 2926 sensu
1117 2881 1272 2926 nullius
1302 2883 1470 2940 penitus
1502 2897 1651 2940 sugge-

91 2961 297 3006 stionibus
316 2964 546 3006 moveatur.
588 2960 656 3005 Ex
675 2960 755 3005 hoc
775 2960 888 3005 enim
907 2973 1031 3004 nosse
1050 2960 1296 3018 poterimus,
1328 2960 1430 3019 quid
1449 2961 1501 3007 de
1521 2963 1651 3007 animi
