1924 3288
527 181 727 223 wmAnm
755 181 1004 213 EPISTOLAE
1033 182 1103 212 172.
1128 181 1198 212 173.
1561 170 1648 214 293

81 289 158 334 per
187 275 361 320 verbum
398 290 541 321 sacrae
572 277 807 322 obedientie
836 278 1114 336 precipimus,
1153 281 1200 321 ut
1232 291 1327 322 eum
1356 291 1492 334 neque
1523 278 1650 322 collo-

82 354 178 411 quio
216 367 352 411 neque
382 355 555 399 consilio
586 370 722 413 neque
754 356 908 400 auxilio
940 357 1055 400 intus
1087 356 1175 400 sive
1204 356 1307 399 foris
1337 356 1536 411 foveatis,
1576 357 1650 400 sed

79 432 220 490 ipsum
248 436 464 490 tamquam
485 433 749 478 Christianae
781 435 1094 478 communionis
1107 438 1317 479 extorrem
1339 438 1381 478 et
1400 435 1531 478 totius
1553 435 1650 478 obe-

80 510 236 556 dientie
275 525 322 555 ac
358 511 573 568 religionis
613 526 849 557 eversorem
885 513 1072 557 devitare
1105 527 1153 557 ac
1183 513 1380 570 persequi
1410 526 1504 557 cum
1535 513 1650 557 omni

79 589 256 635 veritate
286 593 328 634 et
356 591 559 635 instantia
589 591 805 634 studeatis.

83 762 198 810 173.
224 764 435 808 Wibaldus
460 765 658 807 Waltario
678 765 891 819 monacho,
916 765 1041 808 cellae
1057 765 1378 823 Eresburyensis
1391 767 1646 824 presbytero,

226 844 367 897 saeris,
386 844 531 901 quibus
539 858 735 900 perverse
750 859 847 885 usus
861 845 924 897 sit,
944 844 1002 886 ad
1016 851 1174 901 tempus
1189 845 1404 886 interdicit.
1436 841 1508 896 (Μ.
1532 842 1646 897 157.)

195 930 447 987 W(ibaldus)
487 931 568 976 Dei
604 932 742 987 gratia
780 931 1045 976 Corbeiensis
1095 933 1223 976 abbas
1270 933 1392 976 fratri
1431 931 1647 988 Waltario,

78 1011 296 1068 concipere
318 1010 515 1073 spiritum
534 1011 699 1054 timoris
721 1010 907 1066 Domini,
939 1012 1151 1068 parturire
1169 1010 1466 1066 humilitatem,
1497 1025 1648 1068 parere

77 1089 369 1133 obedientiam.
1373 1132 1375 1134 ,

194 1167 329 1211 Multa
367 1181 466 1225 sepe
504 1170 546 1210 et
582 1167 729 1223 gravia
767 1167 818 1210 de
855 1170 930 1210 tua
968 1167 1283 1211 conversatione
1331 1167 1384 1210 ad
1424 1181 1500 1210 nos
1539 1167 1647 1211 refe-

75 1248 226 1290 runtur
256 1249 345 1289 tam
377 1246 403 1289 a
430 1245 652 1301 fratribus,
685 1259 780 1289 cum
812 1246 962 1302 quibus
994 1245 1174 1300 habitas,
1208 1259 1335 1302 quam
1367 1246 1392 1288 a
1422 1245 1541 1289 laicis
1572 1246 1647 1289 ho-

75 1325 230 1379 nestis3
263 1324 336 1381 qui
367 1324 521 1380 dolent,
553 1337 707 1368 nomen
728 1324 809 1367 Dei
833 1327 1007 1381 propter
1028 1327 1069 1367 te
1090 1323 1377 1381 blasphemari
1397 1324 1509 1367 inter
1531 1338 1648 1367 secu-

75 1402 184 1446 lares
215 1406 486 1459 nostramque
515 1415 741 1460 personam
771 1402 857 1446 ledi
893 1405 934 1446 et
965 1401 1217 1446 Corbeiense
1248 1403 1552 1446 monasterium
1583 1403 1647 1446 in-

75 1481 227 1525 famari
258 1484 301 1525 et
329 1484 466 1524 totum
495 1480 796 1524 monachorum
827 1481 1018 1524 ordinem
1042 1495 1119 1538 per
1143 1485 1185 1524 te
1206 1480 1334 1524 vilem
1355 1480 1461 1524 fieri.
1511 1481 1648 1539 Super

77 1573 158 1617 quo
178 1559 419 1616 frequenter
447 1559 471 1603 a
491 1559 611 1603 nobis
635 1558 853 1603 affectione
874 1562 1052 1616 paterna
1072 1560 1364 1615 commonitus,
1395 1560 1647 1617 resipiscere

75 1651 340 1695 nequaquam
371 1637 556 1693 voluisti,
589 1641 665 1694 set,
697 1638 932 1682 retribuens
964 1637 1077 1681 mala
1107 1652 1184 1695 pro
1211 1638 1345 1694 bonis,
1379 1638 1647 1682 sterilitatem

77 1717 241 1759 animae
278 1719 448 1760 nostrae
460 1713 484 1772 ¹,
531 1715 757 1760 maledicta
802 1719 844 1760 et
882 1717 1170 1760 execrationes
1209 1717 1293 1760 tuis
1340 1717 1645 1760 correctoribus

75 1794 283 1851 rependis.
345 1777 597 1837 Audivimus
629 1794 741 1838 enim
773 1795 824 1838 de
861 1798 904 1838 te
934 1808 1025 1837 rem
1056 1795 1245 1838 insaniae
1275 1796 1483 1851 iunctam,
1515 1795 1644 1839 immo

75 1885 174 1916 vero
206 1871 425 1928 sacrilegio
458 1875 500 1916 et
529 1872 806 1916 detestatione
836 1872 1019 1929 plenam,
1053 1873 1164 1929 quod
1191 1873 1400 1929 videlicet,
1433 1874 1644 1917 cotidiano

76 1950 379 2008 desperationis
418 1950 558 1994 furore
598 1964 816 2006 accensus,
855 1951 1029 1994 missam
1067 1951 1119 1994 de
1156 1955 1301 1995 sancta
1330 1952 1522 1995 trinitate
1554 1953 1645 1996 sine

75 2029 386 2073 intermissione
417 2028 599 2072 celebres
631 2029 707 2073 sub
738 2029 816 2072 1100
846 2032 1012 2073 cecatae
1040 2030 1194 2073 mentis
1215 2031 1446 2087 proposito,
1477 2034 1525 2074 ut
1555 2034 1644 2074 tam

75 2110 221 2151 nostra
249 2121 432 2164 persona
463 2120 588 2163 quam
619 2110 715 2150 tuus
747 2108 984 2164 prepositus
1016 2121 1092 2164 per
1123 2108 1202 2151 hoc
1221 2111 1310 2151 tam
1331 2108 1376 2151 in
1396 2109 1643 2166 temporali‘*

75 2186 355 2243 prosperitate
396 2199 522 2242 quam
559 2185 604 2227 in
643 2199 865 2243 corporum
903 2189 1143 2229 nostrorum
1181 2186 1412 2230 valitudine
1453 2187 1643 2230 acerbius

74 2263 276 2308 ledamur.
325 2263 359 2307 Ο
391 2263 604 2306 1101111116111
635 2264 749 2306 0111111
768 2264 1038 2307 lacrimarum
1058 2264 1193 2308 imbre
1215 2263 1464 2320 deflendum,
1498 2265 1570 2321 qui
1592 2265 1643 2308 de

75 2341 157 2386 fide
187 2341 408 2400 perfidiam
438 2342 552 2397 facit,
587 2341 637 2385 de
667 2342 825 2399 pietate
857 2342 1142 2398 sacrilegium,
1183 2343 1234 2386 de
1265 2342 1467 2398 religione
1498 2342 1642 2400 ydola-

75 2421 214 2464 triam.
273 2420 446 2486 Summa
475 2420 549 2483 illa
580 2422 621 2463 et
651 2419 833 2475 gloriosa
865 2424 990 2476 atque
1019 2419 1243 2482 ineffabilis
1273 2421 1456 2485 trinitas,
1494 2422 1518 2464 a
1550 2421 1642 2477 qui-

74 2498 152 2542 bus
184 2499 309 2554 digne
340 2503 382 2543 et
411 2498 678 2542 laudabiliter
708 2498 940 2554 invocatur,
973 2499 1026 2542 ad
1056 2513 1101 2542 se
1127 2499 1266 2556 ipsam
1297 2499 1569 2542 obtinendam
1601 2503 1643 2543 et

75 2577 310 2620 habendam
340 2578 580 2632 invocatur,
620 2579 666 2619 ut
698 2576 787 2619 eius
818 2577 980 2620 visione
1010 2577 1300 2634 perfruantur,
1342 2578 1414 2633 qui
1444 2578 1642 2620 invocant

75 2669 229 2698 nomen
259 2656 369 2711 eius,
410 2659 452 2699 et
491 2656 542 2699 ab
581 2655 655 2698 illa
684 2655 795 2698 inter
826 2655 971 2697 mundi
1001 2655 1125 2698 huius
1158 2655 1335 2698 adversa
1366 2658 1408 2698 et
1437 2668 1642 2712 prospera

75 2733 372 2790 gubernentur,
405 2734 430 2778 a
460 2748 542 2790 qua
572 2748 616 2777 se
647 2736 950 2788 recognoscunt
980 2733 1169 2777 conditos
1201 2737 1242 2777 et
1273 2733 1298 2776 a
1329 2736 1464 2777 morte
1486 2734 1640 2791 sempi-

170 2838 196 2859 a.
224 2830 285 2860 tem
307 2829 363 2860 r-ali
385 2843 410 2860 c.

171 2888 204 2923 1.
230 2839 305 2924 Ps.p
308 2888 364 2933 34,
383 2888 446 2924 12:
470 2886 764 2935 „Retribuebant
788 2886 878 2923 mihi
895 2886 990 2923 mala
1005 2896 1071 2935 pro
1088 2886 1211 2924 bonis:
1241 2887 1474 2926 sterilitatem
1497 2888 1641 2926 animae

74 2946 213 2986 meae“.

1676 284 1768 320 1149

1675 940 1767 976 1149
