1930 3242
493 189 896 222 CHRONOGRAPHUS
927 186 1221 220 conssnmnsoe
1582 174 1640 217 55

75 285 199 331 valde
226 285 353 330 nimis
383 285 545 341 timide,
577 286 689 342 cepit
716 288 858 328 tamen
880 284 930 327 de
952 284 1017 327 his
1038 296 1132 326 cum
1152 295 1264 338 rege,
1296 286 1344 325 ut
1364 281 1640 338 oportunitati

74 367 251 409 noverat
279 367 520 421 conpetere,
551 362 758 406 insistere.
806 362 895 406 Rex
928 365 1088 417 autem,
1121 373 1373 418 quamquam
1403 373 1487 402 non
1516 359 1640 403 facile

75 440 369 499 acquiesceret,
399 442 571 485 tandem
602 440 816 484 convictus
849 440 984 483 amica
1015 440 1103 483 eius
1134 439 1355 482 dilectione
1377 441 1419 481 et
1438 437 1641 480 nonnulla

73 519 266 564 laborum
304 533 475 563 suorum
513 519 624 562 circa
661 518 800 575 ipsum
832 517 1180 572 commonicione,
1220 515 1453 572 blandaque
1484 529 1567 571 qua
1598 519 1640 559 et

75 597 314 642 abundabat
350 597 646 651 conventione,
684 596 729 638 in
768 596 998 639 fructuario
1035 596 1135 639 boni
1170 594 1326 638 fenoris
1359 594 1638 637 emolumento

73 675 274 733 peticioni
304 675 466 720 abbatis
498 674 665 729 annuit,
704 677 746 716 et
776 673 947 717 ecclesie
977 677 1120 717 nostre
1151 671 1388 717 abbaciolas
1419 672 1521 715 duas
1552 671 1639 729 Ky-

74 750 303 798 1110111111011ι
333 756 375 797 et
404 752 442 796 ei
472 752 654 795 vicinam
675 748 872 795 Visbike²
904 752 1122 806 concessit,
1156 764 1204 794 ac
1233 765 1310 808 per
1331 750 1502 793 anulum
1523 763 1638 806 gem-

73 831 207 875 mario
235 830 376 888 lapide
406 830 778 873 condecorosum·³
809 829 863 872 ad
891 843 968 873 nos
998 830 1247 873 transmisit.
1295 828 1428 881 Quem
1448 830 1490 872 et
1510 828 1638 872 abbas

74 908 269 953 scriniolo
309 908 443 952 sancti
484 907 687 965 Stephani
723 908 854 951 inseri
895 908 1102 965 precepit,
1143 908 1338 964 quatinus
1378 910 1421 951 et
1457 907 1638 964 posteris

72 987 229 1031 nostris
260 985 461 1031 beneficia
489 987 601 1041 regis
634 989 676 1029 et
706 985 870 1029 abbatis
899 986 1109 1029 industria
1140 986 1250 1028 eirca
1278 985 1417 1028 locum
1446 988 1638 1028 nostrum

72 1078 157 1109 non
193 1064 314 1108 facile
345 1064 579 1108 oblitterari
608 1064 755 1121 possit.
810 1063 919 1107 Nam
949 1078 1003 1108 ne
1032 1065 1172 1107 minus
1205 1067 1247 1106 et
1275 1077 1351 1106 rex
1381 1063 1480 1106 hinc
1509 1076 1637 1118 regno

72 1142 368 1200 prospiceretb,
401 1142 774 1198 quocienscumque
806 1141 954 1185 serviri
986 1141 1066 1185 sibi
1094 1142 1144 1185 de
1165 1141 1255 1185 1000
1275 1145 1420 1184 nostro
1439 1141 1545 1196 legis
1567 1141 1637 1184 de-

72 1220 160 1265 bito
197 1223 240 1264 et
277 1221 467 1278 priorum
504 1219 628 1274 longe
659 1219 820 1263 dierum
852 1220 1046 1263 instituto
1077 1220 1356 1275 contingeret:
1397 1220 1434 1262 si
1466 1222 1638 1274 argento

73 1298 363 1356 anticipanda⁰
393 1298 521 1353 foret,
555 1297 686 1341 denae
718 1298 1078 1355 appenderentur‘¹
1108 1298 1261 1353 librae,
1295 1298 1361 1341 sin
1393 1300 1533 1341 autem
1562 1311 1638 1354 pa-

73 1377 227 1433 stibus,
267 1378 633 1420 aucmentarentur
669 1376 779 1419 tanti
818 1376 950 1432 precii
988 1390 1066 1433 pro
1106 1376 1310 1433 temporis
1350 1375 1552 1432 qualitate
1590 1388 1638 1419 ae

73 1455 399 1513 comparationis
431 1455 739 1498 commoditate.
787 1454 868 1498 Pro
899 1454 965 1498 his
997 1468 1095 1510 ergo
1127 1454 1389 1498 stabiliendis
1421 1456 1463 1497 et
1488 1452 1638 1497 confir-

71 1533 250 1590 mandis,
286 1533 386 1577 licet
413 1547 498 1576 non
528 1532 634 1576 nulli
664 1533 904 1590 principum
934 1533 1000 1576 his
1031 1532 1227 1576 affuerint
1258 1536 1299 1576 et
1330 1532 1638 1576 consentientes

71 1611 229 1656 fuerint
267 1612 420 1667 eciam,
459 1610 814 1656 Frankenevurde
850 1624 895 1654 se
926 1611 1007 1655 sibi
1038 1624 1254 1654 occurrere
1286 1613 1445 1654 statuta
1475 1610 1543 1653 die
1572 1610 1637 1653 in-

71 1689 193 1745 dixit,
223 1689 297 1733 ubi
327 1692 369 1732 et
397 1689 600 1746 primates
630 1689 749 1744 regni
779 1702 856 1746 pro
888 1688 1057 1745 publica
1086 1702 1146 1744 re,
1178 1688 1365 1744 generali
1396 1688 1638 1732 evocatione

71 1767 269 1812 advenire
297 1767 494 1810 instituit.

1678 284 1770 320 1147

1663 334 1724 364 Ian.
1740 334 1779 364 29

190 1844 301 1888 Hinc
330 1844 506 1888 domnus
539 1845 666 1888 abbas
699 1844 751 1887 ad
781 1858 857 1887 nos
890 1844 1046 1900 absque
1077 1843 1196 1888 devio
1228 1858 1442 1900 reversus,
1473 1844 1638 1887 modico
1659 1857 1746 1889 Febr.

72 1923 235 1968 dierum
272 1922 494 1966 intervallo
531 1922 674 1966 habito
712 1922 951 1977 nobiscum,
992 1922 1257 1965 ambiciosius
1296 1926 1344 1966 ut
1382 1923 1468 1966 suis
1498 1923 1637 1966 visum

72 2004 138 2046 est
165 2000 426 2044 Kimenaden
462 2000 669 2057 perrexit,
707 2000 953 2055 regiumque
984 1999 1208 2043 satellitem
1217 2007 1244 2055 ⁰,
1284 2000 1440 2058 scripto
1472 2001 1635 2057 signato

71 2079 203 2136 ipsius
235 2078 347 2134 regis
378 2078 602 2134 munitum,
633 2078 678 2121 in
709 2081 880 2134 promtu
908 2074 1089 2121 habuit⁴.
1137 2077 1256 2129 Quod
1281 2082 1329 2121 ut
1347 2067 1570 2122 recitatum
1590 2080 1636 2122 in

73 2157 243 2201 auribus
274 2156 461 2200 omnium
480 2156 572 2211 fuit,
606 2169 858 2212 quamquam
878 2169 963 2199 non
984 2155 1073 2214 sine
1095 2156 1319 2199 admodum
1339 2157 1636 2201 retractatione

71 2235 269 2279 intricata
289 2237 615 2289 assentarentur,
647 2237 790 2278 tamen
813 2236 1028 2290 presentes
1060 2247 1216 2290 omnes,
1249 2237 1390 2291 preter
1420 2234 1637 2292 puellulis‘

74 2312 303 2357 scolaribus
334 2312 554 2369 prelatam,
588 2311 665 2355 sub
697 2311 887 2354 dicione¹3
918 2311 1080 2355 abbatis
1112 2325 1156 2355 se
1187 2313 1483 2356 submiserunt.

189 2390 420 2434 Procedere
460 2392 601 2433 autem
639 2392 681 2432 et
709 2388 881 2433 Visbike
916 2388 1081 2445 volens,
1119 2391 1313 2447 premisit
1351 2390 1553 2447 quosdam
1584 2390 1635 2433 de

169 2496 201 2522 a:
218 2491 421 2522 condecoroso
445 2503 470 2521 c.
533 2491 562 2520 b.
584 2478 751 2529 prBsiceret
773 2502 797 2519 c.
832 2490 909 2520 Nam
929 2499 985 2520 nec
1006 2491 1105 2521 minus
1127 2493 1158 2521 et
1179 2501 1230 2521 rex
1256 2491 1328 2521 huic
1355 2500 1447 2529 regno
1474 2490 1635 2530 proficeret

75 2557 125 2584 ap.
138 2547 295 2576 perezium.
379 2554 405 2575 0.
426 2545 591 2584 praestatio
612 2544 762 2574 excidisse
782 2544 907 2574 videtur.
997 2544 1027 2574 d.
1048 2544 1270 2584 appederentur
1291 2556 1316 2574 c.
1401 2554 1426 2574 e.
1449 2544 1584 2574 satellem
1608 2556 1633 2573 c.

73 2598 94 2630 f.
114 2599 277 2639 puellulam
300 2609 349 2636 ap.
367 2600 526 2629 szium.
610 2606 637 2635 g.
660 2596 772 2627 dicioni
794 2609 819 2626 c.

169 2657 202 2692 l.
219 2655 410 2692 Kemnade
423 2655 470 2691 ad
481 2654 662 2691 wiseram
676 2653 723 2699 fl.‚
741 2665 763 2689 a
775 2653 1044 2690 Bodenwerder
1056 2654 1103 2690 ad
1116 2655 1406 2699 septemtriones.
1456 2656 1491 2690 2.
1508 2655 1632 2691 Fisch-

74 2715 180 2761 beck‚
205 2715 252 2752 ab
268 2715 423 2751 Hameln
443 2715 540 2750 inter
563 2713 793 2750 occidentem
819 2716 856 2749 et
879 2714 1170 2759 septemtriones.
1254 2715 1289 2750 3.
1314 2713 1370 2751 Cf.
1395 2714 1553 2751 Conradi
1579 2715 1631 2751 ΙΙΙ

74 2775 172 2821 regis
202 2774 364 2820 diploma
396 2775 466 2819 (ap.
486 2772 627 2809 Erhard
652 2774 744 2818 Reg.
761 2773 813 2817 11,
846 2773 928 2809 cod.
951 2773 1041 2819 dipl.
1066 2784 1103 2819 p.
1119 2774 1197 2817 46):
1231 2784 1323 2819 „per
1347 2784 1496 2810 aureum
1521 2774 1632 2810 dona-

73 2834 185 2870 tionis
209 2836 355 2870 nostrae
379 2833 527 2869 anulum
537 2833 565 2869 “.
661 2834 696 2868 4.
726 2831 782 2869 Cf.
802 2832 962 2868 Wibaldi
987 2832 1033 2868 ad
1058 2832 1266 2869 Conradum
1291 2843 1414 2879 regem
1439 2834 1631 2878 epistolam

74 2904 109 2929 n.
128 2894 196 2930 201
221 2892 327 2938 infra,
353 2893 390 2928 in
415 2903 488 2938 qua
512 2892 565 2928 sic
590 2896 663 2929 est:
689 2903 780 2938 „per
803 2892 1032 2928 auctoritatis
1056 2896 1199 2928 vestrae
1224 2892 1375 2938 litteras,
1398 2893 1630 2930 Kaminatam

75 2962 140 2998 per
164 2952 351 2999 proprium
373 2953 535 3001 legatum
560 2952 802 2998 transmissas,
827 2951 1127 2991 Kaminatensem
1148 2952 1339 2990 eeclesiam
1365 2953 1630 2993 introivimus“.
