1924 3288
539 184 738 216 wmALm
765 183 1016 216 Ems'roLAr:
1043 183 1227 215 loe—108.
1584 173 1668 216 183

97 279 338 338 principum
367 278 555 336 consilio,
592 280 637 324 in
667 281 888 325 nativitate
919 283 1088 325 sanctae
1117 277 1299 324 Mariae¹
1327 279 1669 324 Franckenevort
1695 284 1787 321 1148

97 358 258 403 curiam
287 357 499 404 celebrare
524 360 762 416 statuimus,
793 373 990 416 rogamus
1012 358 1277 403 dilectionem
1298 362 1429 415 tuam,
1461 361 1510 402 ut
1530 358 1667 403 eidem
1700 334 1777 372 ΑΨ

96 437 238 481 curiae
258 436 463 482 interesse
485 451 570 482 non
606 450 772 494 renuas,
805 440 847 482 et
876 438 929 481 ad
949 437 1264 482 reformandum
1294 438 1415 493 regni
1446 440 1605 481 statum
1625 440 1668 481 et

94 527 244 573 pacem
271 514 524 560 firmandam
554 516 729 560 consilio
761 520 803 560 et
828 515 986 560 auxilio
1008 515 1130 559 nobis
1152 516 1338 560 assistas.
1385 515 1443 560 Et
1466 516 1666 574 quoniam

96 593 239 638 omnia
267 595 437 650 negotia
465 598 612 639 nostra
640 598 729 638 tam
759 594 928 652 privata
959 608 1084 651 quam
1115 594 1285 652 publica
1310 608 1388 651 per
1406 598 1450 638 te
1471 594 1666 639 ordinare

95 672 396 729 desideramus,
429 676 471 717 et
499 676 548 716 ut
571 673 616 716 in
637 673 784 716 eadem
814 673 931 716 curia
957 686 1035 716 nos
1058 676 1100 716 et
1118 673 1289 728 negotia
1308 675 1455 717 nostra
1474 676 1666 717 manute-

94 763 209 807 neas,
232 751 479 808 expetimus.
513 750 713 795 Kalendis
736 750 996 808 Septembris
1017 754 1065 794 ut
1084 750 1358 795 Nurenberch
1379 751 1500 795 nobis
1522 765 1666 795 occur-

93 842 177 885 ras,
208 829 413 873 volumus.
462 828 639 874 Caetera
658 830 849 873 nuncius.
897 829 963 873 De
994 832 1107 873 statu
1137 843 1236 873 vero
1269 830 1429 873 domini
1461 833 1503 873 et
1530 831 1665 887 patris

93 907 243 965 nostri,
264 908 373 952 sicut
387 908 433 952 in
452 907 605 953 litteris
623 908 709 952 suis
725 907 846 952 nobis
862 907 1094 964 mandavit,
1117 908 1195 952 tibi
1212 908 1395 953 scribere
1411 908 1663 965 curavimus.

98 1049 214 1097 107.
246 1053 444 1096 Canonici
482 1052 526 1096 S.
557 1053 725 1096 Mariae
757 1061 795 1096 et
827 1053 871 1096 S.
901 1053 1119 1096 Lamberti
1141 1052 1393 1097 Leodienses
1430 1053 1666 1097 Wibaldum

242 1130 450 1174 Leodium
478 1139 635 1174 vocant.
1478 1130 1550 1184 (M.
1575 1131 1664 1186 90.)

213 1219 379 1264 Domno
409 1219 602 1265 Wibaldo
640 1220 721 1265 Dei
757 1221 895 1277 gratia
932 1220 1205 1264 dilectissimo
1245 1234 1294 1264 ac
1323 1221 1663 1265 reverentissimo
1690 1228 1782 1264 1148

94 1298 334 1343 Stabulensi
354 1298 496 1342 abbati
512 1299 704 1343 humilis⁸
723 1299 901 1343 Sanctae
912 1298 1072 1343 Mariae
1090 1298 1316 1356 Sanctique
1331 1298 1550 1344 Lamberti
1567 1313 1664 1343 con-

91 1380 241 1422 ventus
262 1377 442 1421 salutem
463 1381 505 1421 et
525 1377 792 1422 dulcissimae
812 1378 961 1421 matris
986 1391 1087 1422 suae
1108 1378 1293 1422 debitam
1314 1378 1662 1435 compassionem.

210 1455 361 1499 Paucis
391 1456 641 1513 prudentiae
673 1460 715 1500 et
746 1457 989 1501 discretioni
1018 1460 1184 1501 vestrae
1214 1457 1403 1514 presenti
1424 1457 1581 1514 scripto
1602 1456 1663 1500 lo-

92 1548 288 1591 quemur3
318 1535 465 1592 paucis
497 1535 667 1591 quidem
697 1549 848 1579 vocum
879 1536 1127 1593 quantitate,
1161 1538 1225 1579 set
1255 1535 1399 1579 multis
1433 1539 1475 1579 et
1497 1535 1663 1591 magnis

91 1611 408 1669 significatione.
455 1613 622 1657 Novum
659 1613 789 1657 immo
825 1614 1044 1672 vipereum
1076 1613 1297 1671 quiddam,
1339 1614 1411 1657 diu
1443 1614 1556 1671 apud
1585 1628 1662 1657 nos

92 1705 145 1736 ex
183 1691 306 1749 adipe
344 1691 580 1748 iniquitatis
621 1695 663 1735 et
697 1692 840 1736 radice
878 1692 1071 1737 elationis
1108 1696 1377 1750 conceptum,
1419 1706 1531 1735 nunc
1562 1692 1665 1736 oriri

90 1769 261 1825 nititur,
299 1772 466 1827 tempus
507 1770 588 1814 sibi
624 1773 779 1827 putans
819 1771 1050 1815 occurrisse
1082 1774 1348 1828 oportunum.
1398 1771 1662 1828 Oportunum

91 1847 261 1904 quidem
300 1848 399 1903 erit,
439 1848 476 1891 si
512 1861 597 1891 non
637 1848 693 1891 sit
731 1849 803 1905 qui
832 1849 1023 1904 resistat,
1065 1850 1136 1905 qui
1168 1849 1357 1905 adiuvet,
1397 1849 1508 1906 quod
1539 1849 1660 1893 absit.

93 1925 229 1983 Super
259 1939 341 1982 quo
371 1925 444 1983 pia
474 1929 516 1969 et
546 1939 712 1983 semper
742 1927 787 1970 in
817 1927 975 1970 bonum
1006 1927 1198 1971 omnibus
1231 1928 1373 1971 omnia
1393 1928 1506 1971 facta
1526 1930 1663 1972 mater

89 2002 362 2048 Leodiensisb
394 2003 570 2048 ecclesia
606 2004 787 2061 speciale
819 2004 1041 2048 consilium
1070 2009 1258 2050 vestrum
1288 2020 1375 2049 11011
1404 2005 1541 2049 solum
1570 2007 1662 2050 iure

90 2083 303 2127 communi
340 2082 539 2139 requirit,
580 2086 645 2126 set
684 2083 816 2138 exigit
853 2083 1035 2139 quodam
1071 2084 1191 2140 quasi
1223 2084 1396 2141 speciali
1427 2084 1565 2128 debito
1599 2084 1661 2127 di-

90 2161 301 2217 lectionis,
339 2160 517 2205 fiduciae
557 2164 599 2204 et
635 2160 949 2205 familiaritatis.
998 2161 1265 2206 Unanimiter
1301 2162 1432 2218 igitur
1461 2176 1658 2218 rogamus

90 2253 179 2295 vos,
211 2239 407 2296 quatinus
438 2238 571 2283 tercia
592 2238 699 2282 feria
718 2239 911 2296 proxime
930 2239 1190 2283 imminentis
1212 2240 1468 2285 ebdomadae
1488 2240 1659 2285 Leodii⁰

90 2317 273 2376 capitulo
304 2321 447 2362 nostro
478 2318 683 2361 interesse
715 2316 957 2372 dignemini.
1007 2317 1164 2362 Valete.

96 2462 211 2509 108.
242 2462 454 2506 Wibaldus
485 2462 692 2505 canonicis
715 2461 1013 2504 Leodiensibus
1036 2463 1266 2519 respondet,
1300 2478 1430 2520 quare
1451 2462 1658 2506 Leodium

243 2556 327 2583 non
356 2541 522 2595 venerit,
557 2555 704 2598 eosque
735 2539 980 2581 consolatur.
1471 2539 1542 2593 (M.
1567 2540 1656 2594 91.)

210 2623 598 2668 Reverentissimisd
619 2623 665 2666 in
686 2621 852 2666 Christo
883 2622 1074 2678 patribus
1107 2626 1148 2666 et
1178 2623 1358 2666 dominis
1379 2623 1656 2678 A(lexandro)
1684 2633 1776 2669 1148

91 2701 321 2747 venerabili
355 2701 527 2745 maioris
559 2702 759 2746 ecclesiae
790 2700 1004 2758 preposito
1035 2714 1113 2744 nec
1142 2714 1227 2744 non
1258 2702 1561 2746 archidiaconis
1593 2706 1656 2747 at-

188 2795 214 2816 a.
246 2785 370 2816 humilis
403 2801 436 2806 -
468 2786 708 2825 compassionem
736 2791 805 2816 sunt
831 2796 930 2815 erasa.
1026 2784 1055 2814 b.
1088 2784 1266 2815 Leodiensis
1298 2797 1416 2816 erasum
1448 2793 1494 2817 est
1526 2789 1555 2817 in
1587 2787 1655 2818 cod.

92 2849 117 2870 c.
144 2838 250 2870 Leodii
276 2855 308 2859 -
332 2839 439 2869 Valete
460 2851 550 2870 erasa
571 2846 640 2871 sunt
661 2842 689 2870 in
713 2839 781 2870 cod.
865 2838 895 2869 d.
924 2838 1189 2869 Reverentissimis
1217 2855 1247 2859 —
1272 2840 1404 2870 vestrum
1432 2849 1492 2870 non
1519 2830 1655 2872 venimus

91 2904 181 2924 emm
201 2898 269 2924 sunt
290 2894 320 2923 in
342 2893 411 2924 cod.

184 2951 217 2988 1.
243 2949 343 2998 Sept.
362 2950 398 2989 8.
