1924 3288
154 447 247 484 1154

111 2316 204 2352 1154

54 2375 79 2397 c.
94 2366 179 2396 Mart.
191 2366 263 2406 Apr.

271 166 358 210 568
717 177 916 208 wmALm
946 176 1194 209 nnsronffl
1220 177 1293 208 432.
1316 177 1388 207 433.

272 271 391 319 432.
416 273 626 318 Wibaldas
655 273 844 317 Manueli
875 272 1130 317 Graecorum
1166 274 1408 331 imperatori
1444 274 1495 316 de
1529 273 1674 317 liam-ie
1699 274 1833 320 mite&

415 353 574 409 qratias
601 351 696 408 ayit.
727 350 936 394 Friderioi
954 351 984 395 I
1001 352 1111 408 reyis
1130 351 1283 408 legatos
1305 351 1570 394 commendat.
1620 348 1694 404 (Π.
1709 349 1831 406 408.)

388 439 536 484 Inclito
567 439 866 497 triumphatori
896 442 939 484 et
967 439 1146 495 glorioso
1178 439 1346 483 domino
1377 452 1451 483 suo
1481 437 1685 496 Manueli,
1717 437 1833 484 fideli

270 518 316 561 in
346 517 512 562 Christo
543 518 654 574 regi,
687 517 1056 574 Porphirogenito,
1089 517 1278 573 sublimi,
1310 517 1429 573 forti,
1461 516 1624 561 excelso
1651 519 1831 581 ‚augusto

271 599 313 640 et
341 595 574 653 inperatori
603 594 802 651 Romeon,
834 608 859 638 o
889 594 1152 651 Comninos·,
1184 594 1401 640 Wiboldus
1426 594 1508 638 Dei
1538 594 1676 650 gratia
1703 594 1833 639 abbas

270 673 571 717 venerabilium
590 672 955 729 monasteriorum,
977 673 1137 717 scilicet
1152 672 1353 717 Corbeiae
1373 676 1417 717 et
1433 671 1670 730 Stabulum,
1689 671 1832 718 fideles

271 751 480 795 orationes
510 753 554 795 et
583 750 781 795 devotum
812 750 1041 795 servitium.
1727 754 1730 755 ’

391 828 656 873 Sanctissimi
681 828 836 886 inperii
864 828 996 873 vestri
1026 827 1175 872 affatus
1187 825 1211 884 ¹,
1244 841 1348 885 quos
1377 841 1454 886 per
1483 827 1833 885 prudentissimos

271 907 565 964 apocrisiarios
595 909 757 950 vestros
787 909 929 951 vestra
964 906 1084 950 nobis
1116 906 1316 950 celsitudo
1346 906 1633 950 transmittere
1662 906 1834 962 dignata

272 988 349 1041 est,
381 985 501 1041 quasi
532 984 741 1041 quoddam
770 997 922 1028 munus
953 984 1105 1028 celeste
1136 984 1408 1042 suscepimus.
1457 983 1515 1028 Et
1542 986 1633 1028 tam
1659 997 1738 1042 pro
1766 984 1837 1029 ine?

271 1062 512 1106 columitate
542 1062 750 1119 gloriosae
772 1076 976 1120 personae
995 1065 1161 1106 vestrae
1183 1076 1310 1118 quam
1328 1075 1406 1119 pro
1426 1061 1560 1106 tocius
1580 1062 1835 1107 sanctissimi

273 1140 428 1198 inperii
447 1140 578 1185 vestri
607 1154 810 1198 prospero
841 1143 954 1184 statu
984 1143 1026 1184 et
1053 1140 1299 1184 fortitudine
1318 1139 1496 1184 humiles
1515 1152 1661 1198 preces
1680 1139 1735 1184 ad
1753 1139 1846 1186 Dei..

273 1214 538 1263 clementiam
569 1231 665 1262 cum
695 1218 930 1274 aggregatis
960 1219 1006 1261 in
1031 1217 1197 1261 Christo
1226 1218 1445 1262 nobiscum
1472 1218 1674 1262 fratribus
1703 1206 1833 1263 effun-

272 1296 370 1341 dere
400 1311 485 1341 non
516 1310 740 1341 cessamus.
830 1295 960 1340 Porro
994 1296 1044 1340 de
1077 1296 1267 1340 amicicia
1297 1298 1339 1340 et
1367 1294 1449 1340 fide
1478 1296 1589 1340 inter
1617 1295 1834 1344 dominum

271 1387 413 1418 meum
462 1374 847 1432 prenobilissimum
895 1373 1175 1418 Frithericum
1217 1373 1503 1418 Romanorum
1550 1374 1834 1432 inperatorem

273 1454 495 1508 augustum
533 1455 576 1496 et
613 1455 805 1496 sanctum
839 1452 1050 1510 inperium
1078 1455 1266 1496 vestrum
1294 1450 1502 1497 firmanda
1529 1465 1606 1510 pro
1636 1451 1834 1496 facultate

272 1532 418 1573 nostra
447 1529 691 1585 diligentem
722 1543 893 1587 operam
922 1530 1226 1587 impendimus3
1258 1533 1313 1586 et,
1342 1533 1391 1573 ut
1411 1530 1638 1574 secundum
1667 1528 1833 1574 datam*

274 1620 300 1650 a
325 1607 415 1651 Deo
446 1608 697 1665 sapientiam
727 1607 934 1652 voluntati
964 1607 1226 1652 dilectissimi
1254 1608 1398 1652 fratris
1427 1607 1571 1663 vestri,
1601 1621 1726 1665 quam
1756 1620 1834 1664 per

271 1684 432 1740 legatos
463 1699 559 1730 suos
590 1686 802 1730 maiestati
822 1689 986 1730 vestrae
1015 1685 1216 1742 insinuat,
1247 1699 1463 1730 assensum
1484 1685 1710 1744 prebeatis,
1739 1683 1834 1742 plu-

272 1763 428 1807 rimum
467 1764 765 1808 desideramus.
826 1763 917 1807 Rex
952 1778 1099 1819 regum
1133 1767 1176 1808 et
1214 1764 1406 1808 dominus
1446 1763 1751 1807 dominantium
1779 1761 1835 1806 ad

272 1840 474 1885 honorem
505 1845 547 1886 et
577 1842 755 1898 gloriam
785 1855 905 1886 suam
923 1842 1057 1886 vitam
1076 1844 1262 1886 vestram
1292 1845 1334 1886 et
1364 1842 1548 1899 quietem
1573 1841 1625 1886 ab
1643 1839 1833 1885 hostibus

274 1931 522 1964 conservare
551 1920 596 1963 in
626 1919 752 1976 longa
783 1923 975 1978 tempora
1005 1920 1211 1975 dignetur.

275 2060 393 2108 433.
419 2062 630 2106 Wibaldus
665 2065 885 2107 Anastasio
915 2063 987 2107 IV
1009 2079 1175 2121 papae,
1214 2063 1476 2122 petitionibus
1512 2064 1596 2106 suis
1635 2063 1832 2117 obsecuta,

417 2142 577 2199 gratias
597 2142 693 2198 ayit.
746 2140 1019 2196 Heribertum,
1053 2141 1257 2184 Friderici
1271 2141 1302 2184 I
1310 2142 1418 2198 regis
1443 2141 1713 2199 capellanum,
1745 2140 1833 2184 Ro-

421 2233 532 2260 mam
563 2225 721 2262 euntem
751 2219 1017 2262 commendat.
1370 2226 1372 2229 ’
1617 2215 1690 2271 (Μ.
1712 2215 1832 2271 409.)

394 2305 636 2351 Reverendo
674 2307 719 2350 in
750 2306 916 2351 Christo
954 2307 1067 2365 patri
1097 2320 1171 2351 suo
1203 2309 1245 2351 et
1273 2307 1441 2351 domino
1470 2305 1730 2361 A(nastasio)
1759 2305 1835 2351 uni

277 2388 319 2429 et
347 2384 575 2429 universali
605 2398 740 2442 papae
769 2385 899 2428 frater
918 2383 1169 2439 W(ibaldus)
1191 2384 1272 2430 Dei
1301 2384 1439 2441 gratia
1466 2384 1525 2440 id,
1556 2383 1667 2441 quod
1697 2386 1762 2428 est
1788 2383 1834 2427 in

277 2462 479 2507 aecclesia
514 2462 736 2518 catholica,
781 2462 978 2506 devotum
1015 2462 1235 2506 servitium
1273 2466 1315 2507 et
1353 2462 1537 2507 debitam
1572 2461 1618 2506 in
1652 2460 1833 2506 Domino

277 2540 567 2586 obedientiam.

396 2618 614 2676 Supplices
652 2619 777 2673 atque
815 2617 985 2661 devotas
1020 2617 1253 2673 gratiarum
1283 2617 1466 2661 actiones
1497 2616 1734 2661 celsitudini
1763 2629 1833 2661 ve-

278 2699 390 2740 strae
418 2695 652 2750 referimus,
684 2694 794 2751 quod
815 2708 978 2752 semper
997 2694 1262 2752 provectibus
1283 2697 1325 2738 et
1343 2694 1659 2739 necessitatibus
1677 2694 1832 2749 nostris

278 2774 503 2819 clementer
530 2772 783 2827 intendistis,
815 2786 867 2815 ex
889 2786 969 2828 quo
989 2773 1173 2830 primum
1193 2772 1426 2827 dignationi
1447 2774 1606 2817 vestrae
1627 2771 1832 2817 notificari

373 2878 400 2899 a.
427 2870 473 2900 sio
494 2869 560 2899 cod.
581 2879 638 2908 pro
659 2869 691 2899 to
713 2867 867 2898 Gomnino.
950 2867 979 2898 b.
1001 2868 1087 2898 vobis
1110 2868 1259 2899 excidisse
1279 2867 1403 2898 videtur.

373 2927 406 2963 1.
432 2936 490 2972 ep.
507 2925 578 2962 424
602 2935 713 2972 supra
735 2924 867 2971 p.561.
