1930 3224
634 181 921 218 rwsnarno
953 181 990 214 s.
1011 181 1105 213 vm
1595 168 1648 212 17

83 273 210 336 pum¹
237 289 334 322 cum
370 276 480 321 clero
509 276 725 334 multoque
755 277 924 335 populo.
979 276 1124 321 Abbas
1156 275 1285 320 etiam
1316 287 1412 319 cum
1442 274 1530 319 suis
1561 288 1650 318 mo-

84 354 229 400 nachis
259 355 452 400 omnibus
483 354 535 400 de
556 354 733 400 Sanctae
755 355 901 400 Crucis
932 354 1186 400 monasterio
1219 352 1422 398 afferunt·
1451 352 1651 410 reliquias

85 446 182 480 cum
217 433 410 478 crucibus
446 436 488 478 et
517 434 649 478 cereis
680 434 877 490 omnique
909 436 1060 478 ornatu
1090 432 1301 478 ecclesiae.
1366 431 1650 490 Suscipientes

85 514 228 558 autem
255 511 455 569 reliquias
487 512 623 556 sancti
651 513 867 570 martyriS,
898 512 1127 570 psallentes
1149 514 1273 568 atque
1293 509 1439 555 laudes
1460 510 1550 555 Deo
1571 510 1651 554 im-

84 603 252 635 mensas
272 593 456 647 agentes,
477 590 523 634 in
541 590 778 648 praefatum
798 594 1074 648 portaverunt
1093 589 1406 635 monasterium.
1447 589 1535 633 Ibib
1556 602 1652 634 cum

84 667 132 712 in
159 667 354 713 laudibus
384 671 714 726 pernoctassent,
745 683 870 713 mane
900 669 1010 713 facto
1034 672 1132 727 post
1151 668 1378 713 missarum
1398 667 1536 712 officia
1555 681 1652 726 per-

86 749 194 804 acta,
223 746 440 805 praedicta
467 747 620 792 mulier
648 748 804 792 iterum
834 748 1014 791 sanitate
1046 747 1211 805 adepta,
1243 747 1415 791 veniens
1445 749 1542 790 ante
1564 746 1652 804 epi-

86 838 280 884 scopum,
311 838 453 870 coram
484 826 598 869 omni
628 825 785 884 populo
816 826 967 870 cecidit
998 825 1052 869 ad
1081 825 1210 883 pedes
1243 826 1346 881 eius,
1376 825 1463 869 iam
1494 824 1653 881 gratias

87 917 228 961 agens,
258 904 426 949 veniam
454 904 697 962 postulabat
727 904 778 949 de
809 904 1032 949 commisso
1063 903 1260 948 facinore.
1323 903 1426 948 Post
1455 903 1558 949 haec
1587 917 1653 949 re-

84 995 209 1028 versa
239 985 304 1027 est
334 996 438 1026 sana
469 982 522 1026 ad
550 983 736 1041 propria.

203 1060 306 1106 Inde
325 1064 439 1106 recto
460 1061 631 1105 tramite
650 1064 885 1119 pergentes,
908 1074 1004 1105 cum
1025 1060 1413 1118 appropinquarent
1431 1057 1655 1105 Rasbacis²

85 1139 353 1196 monasteriO,
385 1139 553 1184 obviam
581 1139 704 1184 facti⁰
734 1139 905 1184 fuerunt
934 1138 1130 1183 monachi
1159 1152 1255 1183 cum
1284 1138 1474 1196 reliquiis
1500 1142 1542 1183 et
1561 1153 1654 1183 cru-

85 1218 224 1275 cibus,
263 1217 489 1263 thuribulis
521 1219 726 1275 accensis,
765 1218 1040 1275 flagrantibus
1070 1217 1349 1262 luminaribus
1381 1218 1578 1275 omnique
1607 1221 1656 1261 ut

87 1296 261 1353 dignum
280 1299 372 1342 erat
392 1296 552 1341 decore.
583 1296 687 1349 Quid
708 1301 875 1341 ornate⁹
897 1299 1094 1341 canentes
1116 1299 1241 1353 atque
1261 1296 1482 1341 laudantes
1503 1296 1653 1354 Deum,

85 1374 193 1419 illud
229 1378 421 1420 sanctum
459 1389 610 1434 corpus
649 1377 885 1434 suscipiunt
922 1379 964 1420 et
1002 1375 1056 1419 ad
1084 1375 1324 1433 praefatum
1353 1375 1656 1420 monasterium

87 1465 183 1498 cum
211 1453 405 1498 laudibus
435 1454 641 1510 inferunt3
674 1458 716 1499 et
746 1455 819 1511 ibi,
850 1457 899 1498 ut
929 1454 1090 1498 dictum
1121 1457 1198 1511 est,
1231 1467 1327 1498 cum
1347 1468 1513 1498 summa
1531 1468 1657 1499 vene-

86 1531 249 1576 ratione
279 1532 560 1577 custodientes
590 1532 790 1590 reliquias
823 1533 959 1577 sancti
978 1532 1193 1590 martyris,
1226 1533 1506 1578 substiterunt
1525 1546 1657 1590 usque

87 1609 134 1655 in
164 1610 276 1655 diem
307 1611 597 1655 duodecimum
629 1611 915 1656 Kalendarum
945 1611 1068 1655 Iunii.

206 1688 340 1745 Igitur
378 1690 536 1746 egressi
574 1690 819 1734 duodecimo
850 1690 1135 1734 Kalendarum
1166 1689 1276 1733 Iunii
1314 1690 1365 1734 de
1403 1691 1657 1734 monasterio

88 1765 374 1824 Rasbacensi‘,
404 1767 601 1813 Warinus
641 1768 769 1813 abbas
801 1782 896 1814 cum
926 1771 1013 1814 suis
1044 1770 1237 1814 omnibus
1267 1771 1382 1813 recto
1412 1769 1583 1814 tramite
1613 1769 1659 1813 in

91 1845 342 1890 Saxoniamss
370 1849 613 1904 pergentes,
652 1847 842 1891 fecerunt
878 1849 1142 1893 mansionem
1177 1848 1224 1892 in
1253 1847 1375 1903 villa,
1414 1847 1504 1891 cuih
1535 1861 1658 1892 voca-

89 1924 235 1969 bulum
281 1928 345 1969 est
383 1924 499 1969 Cella
537 1923 789 1969 Gislefridi³.
851 1926 996 1984 Ibique
1034 1927 1221 1985 corporis
1259 1925 1554 1971 lassitudinem
1590 1941 1657 1971 re-

88 2001 290 2060 ficientes,
320 2003 366 2047 in
397 2004 627 2048 crastinum
657 2007 755 2062 post
784 2004 1010 2049 missarum
1030 2005 1356 2050 celebrationem
1376 2004 1511 2048 adfuit
1531 2019 1658 2062 quae-

90 2081 188 2126 dam
230 2081 382 2126 mulier
425 2082 596 2126 nomine
633 2081 881 2127 Harmildis¹
919 2096 1044 2128 caeca
1082 2084 1169 2127 iam
1208 2083 1259 2128 ab
1301 2083 1421 2127 annis
1460 2083 1657 2140 quinque,

91 2172 197 2216 quae
226 2159 272 2204 in
303 2160 486 2204 adventu
516 2161 652 2204 sancti
680 2162 880 2219 martyris
912 2175 1016 2205 sana
1035 2161 1171 2205 facta'K
1192 2165 1268 2218 est,
1301 2165 1426 2219 atque
1448 2162 1658 2219 quoddam

90 2237 253 2282 itineris
285 2238 470 2296 spatium
500 2242 655 2295 secuta,
688 2253 791 2282 sana
820 2240 1024 2283 remansit
1054 2240 1265 2298 deinceps.

209 2316 311 2361 Inde
341 2320 488 2374 coepto
508 2317 659 2361 itinere
680 2321 916 2374 pergentes,
949 2318 1003 2362 ad
1023 2318 1172 2362 cellam
1193 2318 1418 2375 quamdam
1438 2317 1657 2362 venerunt¹

90 2394 259 2439 nomine
289 2394 506 2451 Augiam⁴3
545 2395 686 2451 ibique
723 2395 849 2439 biduo
887 2396 1183 2453 subsistentes,
1224 2410 1309 2440 non
1345 2396 1542 2439 minimas
1581 2409 1659 2452 per

91 2471 260 2516 beatum
297 2476 527 2531 martyrem
557 2473 696 2517 Deus¹¹
728 2473 923 2528 dignatus
955 2478 1019 2518 est
1050 2475 1267 2519 ostendere
1296 2475 1486 2519 virtutes.
1549 2473 1659 2517 Nam

91 2549 151 2594 ibi
196 2549 302 2595 duae
347 2551 543 2596 mulieres
583 2554 849 2596 accesserunt
888 2556 1077 2597 carentes
1116 2553 1296 2609 lumine,
1343 2566 1497 2596 nomen
1534 2551 1657 2595 unius

185 2661 212 2682 a.
234 2651 393 2683 afferentes
409 2654 437 2683 2.
500 2653 530 2683 b.
551 2653 610 2683 Ubi
625 2654 654 2683 2.
718 2661 743 2683 c.
765 2652 838 2683 facti
852 2664 908 2683 om.
925 2655 954 2684 2.
1015 2654 1045 2684 d.
1067 2654 1126 2692 Qui
1142 2666 1197 2685 om.
1214 2655 1244 2684 2.
1300 2662 1327 2684 e.
1349 2654 1447 2684 ornati
1462 2655 1490 2683 2.
1546 2653 1567 2683 f.
1582 2653 1657 2684 Ras-

90 2702 175 2735 bacis
204 2706 233 2736 2.
303 2715 331 2744 g.
357 2706 495 2746 partibus
525 2707 673 2738 Saxoniae
702 2708 721 2737 2
746 2718 803 2746 pro
831 2706 863 2736 in
892 2707 1061 2738 Saxoniam.
1132 2707 1161 2738 h.
1191 2708 1276 2738 cuius
1299 2709 1327 2738 2.
1398 2707 1418 2738 i.
1446 2706 1606 2737 Harwildis
1629 2708 1658 2738 2.

91 2757 123 2789 k.
145 2758 251 2790 effecta
272 2761 301 2790 2.
364 2760 384 2790 l.
405 2762 608 2800 pervenerunt
629 2762 658 2791 2.
720 2770 760 2790 111.
785 2760 890 2798 Stugia
911 2762 940 2790 1.
1002 2771 1032 2791 n.
1054 2761 1203 2792 Dominus
1227 2762 1255 2791 2.

188 2830 221 2865 1.
246 2829 474 2866 Hucbertum
492 2830 509 2867 I
525 2841 582 2876 ep.
600 2830 836 2867 Meldensem.
909 2831 943 2867 2.
968 2841 1004 2867 v.
1022 2842 1134 2877 supra
1149 2842 1186 2876 p.
1206 2831 1263 2867 14.
1281 2842 1316 2866 n.
1335 2831 1370 2867 2.
1433 2831 1468 2867 3.
1493 2830 1529 2867 la
1546 2831 1657 2876 Celle,

94 2898 116 2925 a
139 2888 305 2926 Resbaco
329 2890 377 2926 ad
401 2890 591 2927 orientem.
686 2891 721 2926 4.
753 2890 867 2937 Oyes,
899 2900 922 2926 a
945 2890 1111 2927 Resbaco
1144 2894 1182 2927 et
1213 2901 1236 2927 a
1260 2890 1361 2928 Cella
1385 2890 1432 2927 ad
1459 2890 1658 2937 orientem3

93 2948 258 2993 proxime
282 2948 442 2996 Augiam
468 2950 539 2986 sita
562 2952 619 2986 est
642 2949 735 2986 cella
759 2948 796 2986 S.
814 2949 978 2987 Godonis
1004 2949 1073 2996 (St.
1091 2950 1227 2996 Gond).

152 3013 255 3048 σωὲ,
278 3016 467 3045 Bibliotheca
488 3017 509 3046 1.
1326 3017 1349 3053 2

1711 278 1782 314 836

1674 327 1763 359 Mart.
1775 328 1814 358 20

1677 681 1764 712 Mart.
1776 682 1814 711 21

1681 1547 1751 1578 Mai.
1764 1546 1801 1578 21

1681 2018 1751 2049 Mai.
1764 2019 1803 2049 22

1682 2407 1751 2437 Mai.
1764 2409 1812 2438 22.
1825 2408 1864 2438 23
