1924 3288
175 299 264 335 1147

144 357 169 379 c.
183 349 243 379 lan.
258 349 296 379 29

201 1635 220 1670 1
227 1633 292 1670 147

323 189 406 233 108
788 198 985 230 wn3ALm
1012 195 1260 228 amsa-onan
1286 195 1337 226 30.
1358 195 1409 226 81.

319 309 422 353 pum
452 295 533 339 sibi
563 298 605 339 et
625 293 867 338 Corbeiensi
898 291 1096 336 ecelesiae
1124 291 1216 335 iure
1246 290 1537 348 proprietario
1552 290 1617 335 in
1625 292 1875 349 perpetuam

319 373 625 430 possessionem
674 367 961 425 contulimusss
1008 369 1123 412 salvo
1167 369 1260 412 iure
1302 372 1400 412 tuae
1439 367 1723 413 advocationis
1762 367 1874 425 quod

320 450 447 494 habes
494 451 539 494 in
582 449 739 492 eisdem
777 448 892 491 locis.
946 446 1147 490 Volumus
1187 448 1329 489 autem
1365 449 1490 502 atque
1524 445 1772 497 mandamus
1810 444 1875 489 di-

321 527 490 572 lectioni
521 531 630 581 tuae,
662 529 722 581 ut,
754 525 790 568 si
819 525 930 568 inter
959 527 1003 568 te
1034 527 1076 568 et
1104 537 1200 568 eum
1220 523 1474 579 convenerit,
1504 523 1570 567 ius
1591 522 1877 577 advocationis

321 606 374 650 ad
413 605 558 649 eadem
594 603 686 647 loca
724 603 763 646 ei
801 603 890 646 vice
919 605 1086 657 nostra,
1127 601 1476 658 quemadmodum
1505 600 1626 646 nobis
1657 600 1874 658 debueras,

319 683 527 737 resignes,
566 682 750 736 itemque
788 680 840 724 ab
879 693 927 723 eo
966 682 1008 723 et
1045 679 1070 723 a
1099 678 1340 724 Corbeiensi
1379 677 1580 722 aecclesia
1614 677 1877 730 advocatiam

320 756 534 817 recipias'.
583 758 740 810 Quodsi
770 757 821 801 de
851 757 930 802 hoc
959 757 1069 801 inter
1100 770 1172 801 vos
1203 770 1287 800 non
1307 756 1561 812 convenerit,
1593 755 1873 812 donationem,

321 851 446 894 quam
485 836 682 880 ecclesiae
719 835 915 891 fecimus,
954 838 1002 878 ut
1037 838 1183 878 contra
1213 848 1356 879 omnes
1386 834 1673 878 infestationes
1701 833 1875 890 11168118,

321 918 362 958 et
392 914 666 969 advocatiam,
699 927 826 970 quam
855 913 906 957 de
936 913 1056 957 nobis
1087 926 1213 970 super
1243 912 1389 956 eadem
1417 911 1509 955 loca
1535 914 1666 968 tenes,
1696 909 1875 957 fideliter.-

321 1005 370 1036 ac
407 995 576 1035 strenue
608 994 650 1035 et
680 990 733 1034 ad
761 989 1073 1036 firmamentum
1100 993 1270 1034 nostrae
1300 989 1536 1033 donationis
1566 989 1876 1038 amministrata

320 1070 511 1125 studeas,
549 1069 594 1112 in
634 1068 821 1126 presenti
857 1068 1014 1126 pagina
1047 1081 1126 1125 per
1162 1068 1378 1112 obtentum
1411 1067 1572 1123 gratiae
1599 1070 1768 1112 noaino
1794 1065 1876 1117 fibi

318 1147 554 1191 mandando
584 1146 853 1204 precipimus.
1843 1129 1850 1141 Γ

323 1373 403 1420 31.
434 1373 700 1417 Reinlzardus
731 1374 857 1417 abba-s·
877 1342 1201 1415 Reinekusensis
1223 1372 1274 1415 de
1301 1371 1482 1415 Wibaldi
1502 1371 1792 1429 prosperitate,
1807 1386 1875 1426 ,με

439 1452 524 1494 eius
553 1452 782 1494 litterarum
814 1450 1009 1508 exemplis
1039 1451 1213 1508 coynita,
1249 1450 1416 1507 qaudam,
1446 1455 1665 1507 speratque
1683 1448 1814 1508 fore,¹
1828 1452 1877 1493 ui

436 1535 624 1586 suscepta
645 1530 696 1572 ab
720 1544 765 1571 eo
788 1529 954 1572 abbatia
979 1528 1228 1570 Corbeiensis
1246 1528 1291 1570 in
1310 1542 1398 1569 rem
1416 1542 1535 1569 suam
1554 1527 1617 1570 sit.
1686 1523 1759 1580 (M.
1782 1524 1874 1581 34»)

437 1623 602 1667 Dilecto
633 1622 823 1678 dilectus,
855 1621 1052 1678 quicquid
1082 1621 1242 1678 expetit
1272 1621 1504 1665 devotionis
1534 1619 1720 1664 affectus.

437 1701 576 1745 Lectis
607 1703 650 1744 et
675 1699 856 1755 relectis,
887 1699 947 1742 mi
966 1698 1170 1754 Wibalde,
1201 1699 1388 1742 virorum
1408 1697 1690 1754 dilectissime,
1719 1697 1873 1743 litteris

319 1795 345 1825 a
367 1783 409 1824 te
434 1783 476 1824 et
497 1779 550 1822 ad
570 1781 612 1822 te
643 1781 686 1822 et
714 1791 791 1835 pro
821 1780 864 1821 te
893 1777 1015 1821 factis
1047 1780 1090 1820 et
1119 1777 1288 1820 directis
1297 1772 1325 1832 ⁸,
1355 1775 1645 1833 multipliciter
1672 1788 1780 1832 sum,
1809 1775 1876 1824 fan

317 1862 429 1914 teor,
468 1856 640 1901 affectus
671 1858 713 1900 et
741 1854 987 1899 lacrimosus
1017 1868 1094 1912 per
1123 1854 1238 1911 ipsas
1269 1852 1506 1898 affectiones
1534 1852 1733 1905 effectus,
1763 1851 1873 1898 Con-

319 1936 507 1980 siderans
538 1933 663 1988 enim,
696 1933 863 1989 quantis
893 1932 1075 1976 miseriis
1103 1931 1410 1976 calamitatibus
1430 1931 1640 1989 pressuris
1658 1930 1872 1977 laboribus

319 2018 361 2058 61
406 2011 630 2068 angoribus
675 2024 728 2054 ex
772 2010 895 2066 longo
932 2009 1061 2054 michi
1107 2010 1402 2054 dilectissimus
1438 2009 1562 2053 homo
1605 2008 1872 2065 subiacuerit,

318 2094 475 2148 quanta
512 2102 661 2146 passus
697 2087 824 2131 fuerit
854 2087 905 2131 ab
936 2087 1022 2143 his,
1061 2100 1164 2144 quos
1194 2087 1368 2131 minime
1397 2086 1601 2142 decuerit,
1639 2099 1726 2130 non
1752 2085 1874 2145 potui

319 2168 508 2226 quamvis
540 2167 614 2210 de·
644 2166 857 2223 preteritis
889 2166 975 2209 acsi
1005 2165 1056 2209 de
1085 2164 1349 2223 presentibus
1379 2163 1502 2208 malis
1533 2166 1576 2209 et
1595 2163 1780 2223 erumnis
1800 2163 1871 2208 de-

317 2247 406 2291 bita
443 2244 732 2302 compassione
769 2256 854 2287 11011
889 2243 1070 2299 moveri,
1111 2256 1196 2287 non
1231 2242 1351 2300 potui
1380 2241 1469 2289 zelo
1507 2241 1698 2286 iusticias
1725 2243 1873 2288 eontra

317 2327 455 2368 tantas
496 2322 741 2379 iniquitates
772 2323 814 2364 et
843 2320 1178 2378 presumptiones
1207 2333 1293 2363 non
1321 2319 1516 2364 morderi.
1561 2318 1720 2363 Rursus
1750 2319 1775 2363 6
1802 2331 1877 2366 ro—

317 2403 439 2458 gione
469 2398 770 2457 contemplans,
802 2411 927 2455 quam
956 2397 1135 2454 benigne
1164 2411 1290 2455 quam
1309 2399 1512 2455 oportune
1533 2409 1659 2453 quam
1677 2398 1872 2454 potenter

413 2529 440 2551 a.
468 2519 506 2550 de
528 2518 649 2549 addidi.

413 2584 446 2620 1.
478 2581 616 2618 Fuldae
646 2580 733 2617 circ.
765 2580 812 2616 29
840 2579 918 2616 Ian.
944 2579 1052 2625 11473
1090 2590 1127 2615 v.
1156 2578 1320 2616 Annales
1350 2576 1588 2615 Corbeienses
1618 2587 1730 2623 supra
1757 2577 1871 2624 1166.

316 2645 351 2680 2.
376 2642 414 2679 id
439 2642 511 2678 iam
537 2650 660 2677 mense
675 2639 806 2676 Martio
830 2650 863 2675 a.
884 2639 974 2676 1147
999 2637 1137 2676 factum
1161 2649 1252 2684 esse,
1277 2638 1386 2675 docet
1409 2635 1565 2674 Conradi
1589 2636 1687 2683 regis
1709 2636 1871 2683 diploma

317 2713 376 2747 ap.
393 2700 535 2738 Erhard
559 2690 716 2746 Reg.⁸11‚
741 2698 821 2735 cod.
839 2698 930 2744 dipl.
955 2709 992 2745 p.
1009 2699 1068 2735 47.
1153 2699 1187 2734 3.
1211 2698 1308 2734 Hinc
1331 2698 1443 2743 patet,
1467 2694 1679 2732 wibaldum
1703 2696 1872 2743 exempla

316 2761 521 2797 litterarum
548 2769 707 2804 suarum,
732 2761 770 2795 et
793 2757 984 2795 missarum
1010 2761 1049 2794 et
1070 2760 1314 2803 acceptarum,
1338 2755 1410 2792 iam
1427 2757 1513 2791 aute
1529 2758 1737 2800 susceptam
1761 2754 1870 2793 abba·

316 2819 404 2855 tiam
423 2819 680 2856 Corbeiensem
705 2818 908 2865 collegisse,
933 2827 1049 2864 eaque
1072 2816 1119 2853 ad
1135 2815 1379 2853 Reinhardum
1395 2813 1565 2851 abbatem
1581 2813 1868 2852 Reinhusensem

317 2878 472 2915 misisse.
508 2876 565 2915 Cf.
591 2888 671 2915 eam
696 2886 790 2923 quae
814 2876 978 2922 sequitur
1002 2875 1211 2922 epistolam,
1243 2874 1281 2911 in
1310 2883 1383 2920 qua
1406 2872 1617 2920 „actionum
1641 2883 1787 2911 suarum
1810 2872 1869 2911 lit-

317 2936 439 2974 teras“
464 2939 641 2974 memorat
666 2936 871 2973 Wibaldus.
