1924 3288
199 327 292 364 1152

196 2653 288 2690 1152

318 217 406 261 530
765 231 963 262 wmALm
990 230 1238 264 nms'ronffl
1265 231 1335 262 897.
1358 230 1429 263 aas.

434 323 690 369 Confidimus
720 325 773 370 de
801 329 966 371 vestrae
1001 326 1271 382 benignitatis
1309 326 1564 383 eruditione,
1602 326 1714 384 quod
1747 325 1872 372 fami-

314 401 432 447 liaris
461 403 630 459 caritas,
662 416 768 460 quae
798 403 999 448 hactenus
1029 404 1140 449 inter
1169 418 1246 448 nos
1266 403 1555 448 vicissitudine
1578 404 1873 461 obsequiorum

314 484 596 537 succreverat,
634 484 809 538 propter
839 481 1098 526 celsitudinis
1127 485 1292 526 vestrae
1330 485 1552 539 provectus
1579 481 1759 526 inminui
1785 492 1872 527 non

313 557 481 602 debeat:
521 558 739 615 quoniam,
781 558 817 602 si
854 558 1136 617 experientiae
1168 559 1357 615 regulam
1386 562 1598 615 tenemus,
1637 571 1764 616 quam
1789 558 1879 604 sub·

311 635 557 693 prelationis
587 636 753 680 sarcina
781 637 826 680 in
854 636 996 681 labore
1025 637 1242 681 hominum
1273 636 1506 680 conversati
1541 639 1584 680 et
1613 649 1709 681 cum
1735 635 1878 681 homi-.

311 713 433 757 nibus
453 712 652 769 flagellati
666 711 676 731 ¹
694 714 781 758 iam
801 717 925 758 antea
945 714 1180 770 didicimus,
1201 717 1319 758 tanto
1341 717 1464 758 erunt
1482 713 1694 758 sollertiae
1705 715 1877 758 vesta-ae

311 791 393 835 viri
429 789 527 835 fidei
566 804 614 835 ac
651 792 904 848 constantie,
943 793 1016 849 qui
1053 806 1127 836 vos
1157 805 1243 835 non
1272 794 1414 835 vestra
1443 791 1640 848 diligant,
1675 790 1871 846 cariores,

312 872 466 925 quanto
496 872 674 926 possunt
702 869 749 913 in
777 873 868 914 tota
897 870 1062 925 generis
1091 869 1266 913 humani
1295 869 1563 914 multitudine
1590 867 1773 912 inveniri
1801 881 1881 912 raa·

309 946 456 990 riores.
502 946 551 990 In
589 960 766 1003 quorum
803 948 1015 1005 paucitate
1043 961 1141 1004 nos,
1183 948 1254 1004 qui
1283 960 1362 991 nec
1389 946 1536 991 fallere
1566 945 1765 990 debemus
1792 957 1871 990 nec

309 1023 401 1067 falli
419 1023 626 1080 volumus,
657 1025 821 1080 integro
842 1025 1148 1069 benivolentiae
1170 1025 1308 1068 studio
1333 1023 1610 1080 annumerati,
1641 1022 1871 1082 plurimum

308 1101 355 1145 in
384 1101 566 1146 Domino
596 1103 857 1158 gratulamur
892 1103 943 1147 de
973 1106 1062 1146 tam
1091 1102 1275 1158 gloriosa
1303 1116 1507 1159 personae
1536 1104 1675 1146 vestre
1702 1113 1872 1159 promo-

309 1180 444 1234 tione3
476 1179 545 1223 cui
575 1180 601 1223 a
629 1180 815 1238 propitia
845 1180 1064 1224 divinitate
1096 1193 1340 1224 concessum
1370 1182 1446 1235 est,
1477 1182 1526 1223 ut
1555 1178 1880 1236 antiquissimae-

310 1271 358 1302 ac
386 1257 674 1302 nobilissimae
712 1258 895 1314 civitati,
935 1272 1040 1315 quae
1077 1259 1206 1302 totius
1238 1257 1400 1302 Galliae
1428 1257 1622 1313 Belgicae
1658 1259 1787 1314 caput
1820 1269 1871 1301 ac

307 1335 552 1392 metropolis
584 1350 675 1380 esse
706 1336 950 1391 dinoscitur,
981 1336 1153 1393 possitis
1183 1339 1272 1379 tam
1301 1335 1501 1392 prodesse
1532 1348 1658 1391 quam
1686 1320 1870 1392 preesse.

307 1412 377 1456 Ad
406 1417 571 1457 vestrae
601 1413 731 1469 igitur
761 1413 978 1469 dignitatis
1018 1412 1261 1469 suffragium
1292 1416 1490 1470 prompta
1519 1411 1739 1456 devotione
1770 1409 1870 1455 offe—

307 1491 462 1546 rimus,
494 1491 692 1548 quicquid
721 1491 828 1534 illud
859 1495 941 1547 est,
974 1491 1085 1547 quod
1114 1491 1160 1534 in
1191 1490 1392 1535 aecclesia
1421 1504 1498 1534 sua
1526 1489 1642 1533 Deus
1670 1501 1748 1532 nos
1779 1501 1871 1532 csse

308 1568 374 1612 vel
395 1568 479 1611 dici
497 1569 564 1612 vel
583 1583 707 1626 posse
727 1569 882 1623 voluit3
916 1572 1122 1626 optantes,
1149 1571 1197 1612 ut
1217 1568 1372 1625 absque
1393 1566 1685 1625 prosperitatis
1704 1569 1870 1611 vesta-ae

308 1645 558 1690 detrimento
590 1647 708 1691 vobis
740 1650 990 1704 oportunum
1022 1646 1108 1702 fiat,
1141 1660 1221 1703 quo
1243 1645 1476 1689 dilectionis
1495 1648 1665 1689 nostrae
1694 1657 1744 1688 ac
1769 1643 1871 1688 fidei

309 1724 477 1768 evidens
510 1725 846 1782 experimentum
876 1724 1065 1782 capiatis.
1188 1723 1292 1768 Cum
1323 1737 1422 1768 vero
1462 1723 1488 1767 a
1515 1722 1707 1780 partibus
1738 1721 1870 1766 Saxo-

307 1802 404 1846 niae
435 1817 580 1846 versus
609 1802 929 1857 Lotharingiam
959 1802 1151 1859 proxime
1188 1801 1415 1845 retransire
1452 1800 1704 1858 poterimus,
1741 1799 1870 1844 etiam

308 1881 516 1937 corporali
546 1881 759 1938 presentia
789 1882 974 1923 vestram
1004 1879 1308 1923 beatitudinem
1329 1868 1501 1922 visitare
1524 1881 1567 1922 et
1586 1877 1769 1922 salutare
1796 1877 1869 1921 dc-

310 1958 556 2002 sideramus.
678 1954 852 2001 Interim
891 1957 1229 2001 commendamus
1268 1956 1478 2000 dulcedini
1514 1959 1679 1999 vestrae
1714 1955 1868 1999 batres

308 2039 475 2079 nostros
506 2035 791 2090 Corbeienses,
824 2035 895 2091 qui
927 2038 1024 2078 sunt
1055 2035 1167 2092 apud
1195 2033 1422 2089 Liciacum,
1455 2037 1497 2077 et
1527 2046 1669 2077 omnes
1695 2045 1764 2077 res
1791 2045 1869 2076 no-

310 2117 440 2169 stras,
480 2117 570 2156 tam
610 2112 872 2156 Corbeiensis
910 2112 1155 2156 monasterii
1195 2125 1322 2168 quam
1360 2109 1640 2166 Stabulensis,
1680 2123 1787 2167 quae
1822 2109 1870 2154 in

308 2194 449 2235 vestro
481 2191 725 2248 episcopatu
755 2190 861 2234 sitae
892 2193 1002 2245 sunt,
1035 2190 1231 2246 quatinus
1262 2202 1338 2246 pro
1362 2191 1529 2232 nostrae
1549 2187 1784 2232 dilectionis
1801 2186 1868 2232 in-

309 2268 421 2313 tuitu
450 2268 495 2312 in
515 2271 680 2312 vestrae
699 2268 971 2324 protectionis
993 2267 1278 2311 defensionem
1301 2279 1371 2310 eas
1392 2279 1605 2310 assumere
1623 2265 1866 2322 dignemini.

314 2410 430 2458 398.
459 2411 730 2456 Bernhardus
761 2412 973 2468 episcopus
1005 2411 1353 2454 Paderbornensis
1392 2426 1419 2453 a
1450 2409 1636 2453 Wibaldo
1665 2411 1785 2468 petit,
1822 2413 1872 2456 υἱ

327 2504 329 2507 ·
458 2483 698 2527 Heinricum
725 2484 910 2539 priorem
933 2483 1212 2526 corbeiensem
1240 2482 1485 2524 monasterio
1509 2480 1553 2525 S.
1570 2481 1736 2524 Mariae
1757 2481 1867 2525 Sua-

463 2555 715 2611 leuberqensi
745 2555 929 2596 abbatem
962 2555 1166 2597 concedat.
1652 2550 1724 2606 (M,
1747 2551 1866 2606 379.)

430 2637 578 2681 Amico
610 2649 685 2679 suo
715 2635 865 2679 dilecto
897 2636 941 2679 in
974 2635 1139 2679 Christo
1179 2635 1346 2679 domino
1376 2633 1601 2689 W(ibaldo)
1638 2634 1873 2692 reverendo

313 2719 481 2760 sanctae
512 2712 773 2758 Corbeiensis
805 2713 976 2758 ecclesie
1007 2713 1148 2757 abbati
1174 2712 1472 2766 B(ernhardus)
1492 2711 1866 2757 Patherburnensis

312 2793 482 2838 humilis
512 2791 703 2835 minister
732 2790 932 2833 orationis
965 2794 1006 2834 et
1031 2791 1243 2834 servitutis
1272 2803 1371 2834 suae
1397 2788 1561 2832 fidelem
1582 2789 1873 2850 exibitionem..

429 2870 598 2914 Fratres
620 2868 671 2912 de
691 2868 944 2911 monasterio
968 2871 1135 2911 sanctae
1155 2867 1313 2911 Mariae
1321 2865 1349 2923 ²,
1372 2866 1506 2910 orbati
1522 2880 1596 2911 suo
1617 2863 1790 2912 abbate⁸
1805 2890 1862 2897 —

409 2953 442 2988 1.
475 2953 534 2988 Ps.
553 2951 615 2996 72,
633 2950 667 2986 5.
763 2950 795 2986 2.
829 2948 1155 2995 Sualenbergensis
1181 2948 1523 2994 (Marionmflnster).
1617 2948 1651 2985 3.
1683 2947 1862 2986 Conrado.

314 3011 359 3049 V.
376 3021 434 3057 ep.
451 3011 520 3047 399
545 3009 650 3047 infra.
