1924 3262
185 298 278 335 1137

173 347 237 379 Oet.
255 348 298 379 im

322 188 379 232 86
839 200 1037 231 wmALm
1065 199 1285 231 nms'ronA
1314 200 1364 231 11.

320 308 471 339 nenses
509 298 552 339 et
580 295 770 339 homines
800 298 938 338 terrae
968 293 1089 338 Beati
1118 293 1336 339 Benedicti
1367 298 1409 339 et
1439 308 1583 341 omnes
1613 296 1883 341 circumcirca

320 377 537 417 manentes
578 376 724 416 contra
759 374 1087 428 sacramentum,
1126 373 1237 430 quod
1265 373 1385 418 vobis
1416 377 1459 417 et
1486 373 1673 419 Romano
1702 374 1882 433 imperio

322 453 365 495 et
393 450 611 495 Gasinensi
642 449 840 494 ecclesiae
869 449 1071 506 fecerunt,
1102 449 1163 494 nil
1194 450 1344 495 melius
1365 451 1617 509 operentur?
1653 451 1883 497 Residuum

322 528 436 572 enim
478 527 663 571 locustae
705 528 886 572 comedit
928 527 1081 572 brucus
1094 524 1117 584 ¹,
1164 531 1213 572 ut
1259 528 1319 572 ait
1353 529 1572 586 propheta.
1623 528 1734 582 Quid
1768 529 1882 574 enim

320 605 570 649 Nortmanni
607 604 785 661 faciunt,
827 608 869 649 et
904 606 1077 649 comites
1106 605 1371 663 Aquinenses
1406 606 1554 664 peiora
1580 619 1667 651 non
1693 607 1881 652 faciunt?

321 683 390 727 Illi
426 686 584 726 terram
624 686 848 740 occupant,
887 684 961 727 isti
998 683 1105 727 nihil
1144 697 1197 727 ex
1234 683 1474 728 civitatibus
1508 683 1577 729 vel
1606 698 1660 729 ex
1688 697 1789 729 rure
1818 685 1883 730 di-

320 761 513 815 mittunt3
545 759 609 803 illi
632 760 827 806 occidunt
845 761 998 818 gladio,
1028 762 1102 806 isti
1129 761 1280 806 ablatis
1302 762 1495 806 omnibus
1514 762 1627 807 fame
1645 759 1882 819 trucidant3

320 838 385 882 illi
412 839 458 882 in
488 838 775 895 captivitatem
806 840 976 896 ducunt,
1006 840 1080 883 isti
1109 839 1190 883 sibi
1219 839 1265 883 in
1296 840 1542 884 servitutem
1569 839 1796 897 redigunt‘
1823 839 1884 886 Et

321 928 417 959 cum
455 916 662 972 queritur,
703 917 796 973 quis
827 918 1027 962 adversus
1057 917 1198 961 hostes
1229 917 1423 973 dimicet,
1460 917 1733 962 inveniuntur
1759 915 1880 976 1111111,

321 1006 417 1037 011111
454 993 613 1038 scilicet
643 1008 787 1038 eorum
818 996 1089 1053 oppressione
1118 995 1291 1051 retenti,
1332 995 1386 1038 ad
1414 995 1661 1039 mandatum
1688 999 1882 1042 nostrum

321 1084 537 1116 occurrere
566 1085 739 1129 prorsus
769 1073 1037 1118 inveniantur
1046 1080 1073 1116 ⁵.
1123 1072 1207 1117 Sed
1226 1086 1322 1116 cum
1337 1073 1526 1131 undique
1550 1073 1779 1131 angustiati
1797 1074 1882 1120 cla-

319 1163 498 1206 mamus,
527 1163 613 1193 non
643 1153 708 1194 est
737 1151 809 1208 qui
841 1151 997 1207 audiat,
1028 1165 1114 1195 non
1145 1154 1209 1195 est
1233 1151 1306 1208 qui
1324 1151 1590 1208 respondeat,
1620 1165 1707 1196 11011
1726 1155 1792 1197 est
1809 1152 1882 1210 qui

319 1227 509 1284 adiuvet,
547 1241 633 1271 11011
669 1232 733 1272 est
770 1229 842 1286 qui
879 1229 1042 1273 salvum
1071 1229 1217 1285 faciat,
1260 1242 1346 1272 non
1376 1232 1441 1273 est
1470 1229 1543 1286 qui
1571 1233 1777 1287 protegat.
1811 1226 1883 1275 'Et

320 1305 422 1362 quid
459 1305 598 1349 dicam
635 1306 703 1350 vel
733 1307 835 1363 quid
864 1306 1034 1364 loquar,
1075 1320 1171 1351 cum
1200 1307 1442 1364 pervenerit
1470 1306 1634 1363 gladius
1663 1320 1798 1364 usque
1826 1307 1882 1352 ad

319 1384 504 1427 animam
543 1387 586 1427 et
624 1384 794 1440 sanguis
833 1385 1020 1428 omnium
1057 1385 1373 1429 interfectorum
1411 1384 1463 1429 de
1500 1388 1616 1429 terra
1644 1384 1803 1430 clamet
1824 1385 1883 1431 ad

318 1461 483 1506 Deum?
530 1460 676 1505 Omnis
712 1475 894 1519 namque
929 1462 1110 1520 populus
1149 1462 1303 1506 diversi
1343 1475 1467 1506 sexus
1506 1465 1549 1506 et
1586 1462 1736 1507 aetatis
1769 1461 1884 1508 intra

318 1539 486 1583 moenia
531 1539 720 1583 coenobii
757 1539 996 1584 Casinensis
1034 1543 1308 1596 congregatus
1347 1540 1560 1596 consistit,
1607 1543 1651 1584 et
1687 1538 1897 1586 omnibm‘

319 1616 550 1661 forinsecus
582 1617 808 1661 devastatis
841 1631 890 1661 ac
917 1617 963 1661 in
992 1617 1261 1661 solitudinem
1280 1617 1475 1674 redactis,
1506 1617 1613 1661 nihil
1629 1618 1718 1662 iam
1735 1621 1880 1676 restat,

319 1695 422 1751 nisi,
463 1695 573 1752 quod
603 1694 718 1739 Deus
758 1698 939 1751 avertat,
977 1695 1112 1752 ipsius
1151 1694 1350 1739 ecclesiae
1381 1694 1619 1740 Gasinensis
1657 1696 1878 1741 excidium.

319 1772 429 1817 fflud
459 1776 620 1829 autem,
652 1773 763 1830 quod
791 1773 946 1818 habere
975 1773 1187 1828 videmur,
1219 1772 1307 1816 solo
1338 1773 1508 1817 nomine
1537 1774 1708 1831 utimur,
1737 1777 1788 1818 ut
1812 1773 1883 1819 vel

323 1850 377 1894 ad
415 1850 698 1895 defensionem
728 1851 916 1895 coenobii
945 1851 1014 1895 vel
1045 1851 1099 1895 ad
1129 1850 1314 1907 aliquam
1343 1850 1569 1895 utilitatem
1598 1851 1785 1897 eiusdem
1815 1865 1884 1898 ee-

322 1928 474 1973 clesiae
503 1928 786 1985 quorumlibet
816 1928 967 1972 solatia
995 1942 1226 1986 numquam
1254 1928 1530 1973 inveniamus.

440 2005 671 2064 Praecipue
701 2010 842 2051 autem
871 2007 989 2063 mihi,
1025 2020 1149 2064 quem
1177 2009 1320 2050 vestra
1348 2006 1409 2051 ibi
1437 2006 1641 2064 praefecit
1667 2007 1881 2064 maiestas,

322 2097 407 2128 non
438 2083 574 2128 80111111
603 2084 720 2128 nulla
749 2084 900 2128 solatia
930 2085 1169 2140 conferunt,
1205 2097 1353 2128 verum
1385 2084 1513 2128 etiam
1547 2084 1750 2142 quidquid
1776 2085 1883 2130 resi·-

323 2161 453 2205 duum
499 2164 563 2205 est
608 2162 660 2206 ab
705 2162 895 2207 hostibus
939 2162 1257 2220 inpretermisse
1303 2161 1574 2218 subtrahunt,
1627 2165 1670 2206 et
1714 2175 1882 2208 omnem

323 2242 511 2283 nostram
549 2239 866 2297 dispositionem
902 2240 948 2283 in
986 2243 1101 2284 terra
1137 2237 1258 2284 Beati
1293 2238 1509 2283 Benedicti
1546 2239 1633 2283 suis
1669 2239 1881 2285 violentiis

324 2317 500 2374 calcant,
533 2318 635 2362 adeo
666 2321 714 2362 ut
742 2331 820 2362 nec
849 2317 1047 2362 victualia
1075 2330 1153 2362 nec
1180 2317 1268 2361 ulla
1298 2315 1584 2374 quadrupedia
1612 2317 1658 2360 in
1688 2317 1881 2363 omnibus

323 2395 503 2440 nostris*
541 2398 805 2452 remaneant,
858 2408 937 2440 nec
979 2395 1113 2439 ullum
1124 2402 1152 2451 ⁰,
1198 2395 1270 2452 qui
1322 2394 1444 2438 nobis
1492 2394 1771 2451 compatiatur
1812 2394 1882 2440 vel

323 2476 491 2518 nostros
522 2473 730 2529 sing-ultus
759 2472 827 2517 vel
856 2473 1036 2529 gemitus
1067 2472 1217 2529 doleat,
1249 2471 1392 2516 oculus
1420 2474 1563 2515 noster
1593 2471 1782 2530 aspiciat.

444 2551 527 2595 Sed
558 2552 656 2608 quia
685 2554 802 2595 tanto
831 2551 1098 2608 imperatori,
1138 2553 1254 2595 tanto
1286 2551 1460 2605 augusto
1490 2561 1626 2605 pauca
1654 2548 1879 2606 sufficiunt,

326 2643 378 2674 ex
407 2629 501 2673 istis
531 2629 636 2684 iam,
667 2628 949 2686 triumphator
977 2628 1155 2684 invicte,
1187 2641 1292 2685 quae
1320 2640 1397 2671 nos
1427 2639 1530 2684 prae
1559 2626 1718 2682 gemitu
1747 2630 1790 2671 et
1818 2627 1881 2672 af-

325 2706 507 2751 flictione
550 2706 688 2750 cordis
727 2706 842 2763 loqui
880 2718 965 2750 11011
1001 2719 1245 2763 possumus,
1292 2708 1335 2748 et
1369 2717 1421 2747 ex
1458 2704 1597 2748 verbis
1633 2703 1710 2748 filii
1745 2705 1880 2750 nostri

325 2783 461 2840 Petri,
501 2784 624 2828 huius
661 2783 862 2842 epistolae
899 2783 1115 2826 dictatoris
1155 2796 1204 2826 ac
1232 2781 1409 2826 Romani
1438 2781 1606 2839 imperii
1634 2795 1710 2839 per
1740 2781 1882 2827 omnia

422 2887 449 2908 ι.
470 2881 516 2910 eie
529 2879 578 2909 «d.
630 2878 661 2909 b.
682 2877 928 2918 possessionibus
941 2878 991 2908 vel
1003 2877 1110 2908 εἰωίιίε
1124 2876 1273 2907 excidiu-
1285 2875 1409 2907 υἱάσιν.
1465 2884 1491 2906 ο.
1505 2875 1585 2906 ullus
1599 2877 1647 2907 cd.

423 2949 454 2984 1.
479 2947 556 2984 Ioel
581 2948 613 2994 1,
637 2947 673 2985 4.
