1924 3288
519 183 717 214 wmALm
745 182 994 214 amsa-omn.
1022 182 1092 214 268.
1117 182 1188 214 269.
1550 171 1636 215 397

73 278 228 335 grinte
254 274 499 322 restitueret
532 281 574 322 et
603 277 655 322 de
685 281 850 322 caetero
882 291 978 323 eum
1007 278 1054 322 in
1082 290 1186 335 pace
1215 277 1431 336 possidere
1461 278 1638 335 permit-
1675 281 1769 318 1150

73 358 202 412 teret3
233 356 390 401 sivero
410 356 522 400 infra
540 355 777 414 predictum
795 357 1023 400 terminum
1046 356 1218 400 monitis
1241 356 1427 400 eiusdem
1449 356 1637 414 episcopi
1660 330 1724 361 Μ’
1741 333 1780 362 ²²

73 434 243 480 obedire
279 438 614 493 contempneret,
653 448 706 479 ex
741 437 842 478 tunc
870 435 1013 492 ipsum
1043 434 1095 478 ab
1127 434 1424 480 aecclesiarum
1460 435 1637 479 introitu

73 513 269 559 duximus
298 513 619 569 removendum,
658 526 737 557 nec
766 516 913 570 postea
943 513 1114 557 deberet
1145 513 1327 570 absolvi,
1367 513 1518 569 donec,
1558 526 1635 570 pro

73 591 311 637 excessibus
350 592 437 636 suis
475 591 788 647 satisfacturus,
827 594 971 635 nostro
1011 605 1055 636 se
1087 591 1330 649 conspectui
1358 594 1634 649 presentaret.

72 669 148 715 Set
186 669 296 715 sicut
333 670 422 715 eius
460 670 642 728 repetita
680 669 941 727 querimonia
977 669 1159 726 indicat,
1206 669 1337 713 nichil
1381 669 1531 714 horum
1573 673 1636 714 est

73 747 238 793 effectui
257 749 555 806 mancipatum.
601 747 689 792 Nec
713 748 862 792 adnos
883 747 1000 791 venit
1019 761 1097 792 nec
1119 747 1301 804 aliquam
1323 748 1636 791 excusationem

72 826 303 884 pretendit,
343 840 472 884 quare
508 840 738 885 pauperem
774 826 904 870 istum
943 826 1073 869 tantis
1114 826 1455 884 oppressionibus
1488 840 1636 882 aggra-

71 907 204 950 varet.
249 904 356 958 Quia
384 905 514 961 igitur
545 904 887 963 oppressionibus
925 907 967 948 et
1004 903 1218 948 laboribus
1250 904 1339 948 eius
1370 904 1493 948 valde
1524 918 1636 948 com-

71 983 258 1041 patimur
287 986 330 1028 et
358 986 522 1028 tantam
552 983 857 1027 contumaciam
875 982 1186 1040 pretermittere
1205 996 1291 1026 non
1312 996 1535 1040 possumus
1556 983 1636 1026 im-

70 1061 284 1120 punitam,
323 1076 400 1119 per
432 1062 648 1120 presentia
682 1061 762 1107 tibi
797 1061 956 1119 scripta
993 1061 1263 1117 mandamus,
1306 1061 1502 1118 quatinus
1540 1075 1636 1118 pre-

72 1139 231 1184 dictum
261 1138 581 1195 God(eboldum)
614 1140 799 1184 studiose
829 1153 1113 1196 commoneas,
1146 1143 1193 1183 ut
1224 1139 1468 1184 aecclesiam
1498 1140 1637 1197 ipsam

73 1220 115 1262 et
144 1217 285 1262 ablata
311 1231 389 1276 per
419 1232 463 1262 se
495 1221 537 1262 et
567 1218 697 1262 alium
725 1219 771 1262 in
799 1218 1010 1274 integrum
1040 1218 1152 1262 infra
1183 1220 1241 1262 20
1271 1218 1381 1274 dies,
1413 1221 1636 1276 postquam

73 1308 99 1340 a
125 1298 171 1340 te
198 1297 475 1341 commonitus
505 1297 652 1353 fuerit,
692 1296 828 1341 eidem
857 1295 1136 1351 E(verhardo)
1169 1297 1337 1340 omnino
1368 1297 1565 1340 restituat
1595 1299 1638 1340 et

71 1373 124 1418 de
153 1377 291 1419 cetero
321 1373 494 1433 pacifice
524 1389 620 1419 eum
649 1375 864 1433 possidere
894 1375 1126 1432 permittat.
1174 1374 1293 1427 Quod
1314 1375 1350 1419 si
1369 1375 1506 1420 facere
1538 1389 1635 1419 con-

70 1453 303 1511 tempserit,
335 1467 388 1498 ex
417 1457 518 1498 tunc
535 1454 678 1511 ipsum
698 1452 1019 1508 G(odeboldum)
1043 1453 1450 1498 excommunicatum
1469 1454 1636 1512 publice

71 1529 311 1587 denunties3
342 1545 420 1576 nec
447 1545 473 1576 a
491 1531 658 1576 vinculo
679 1531 1122 1576 excommunicationis
1141 1532 1278 1590 possit
1298 1532 1473 1589 absolvi,
1505 1533 1636 1577 donec

71 1622 148 1667 pro
177 1611 299 1654 tanta
325 1609 552 1654 rebellione
581 1610 724 1655 veniat
755 1610 808 1655 ad
836 1613 1026 1654 nostram
1055 1611 1313 1669 presentiam
1342 1625 1634 1669 responsurus.

71 1686 277 1745 Quicquid
307 1691 448 1732 autem
478 1689 629 1733 exinde
660 1703 686 1733 a
714 1692 757 1734 te
786 1689 914 1733 fuerit
942 1689 1114 1745 factum,
1147 1691 1190 1733 et
1215 1689 1388 1733 modum
1407 1690 1541 1747 ipsius
1562 1703 1635 1734 ne-

71 1766 181 1822 gocii
222 1766 343 1810 nobis
385 1766 470 1810 tuis
506 1766 660 1811 litteris
707 1780 834 1824 quam
871 1766 995 1811 citius
1037 1767 1207 1812 studeas
1244 1767 1454 1812 intimare.
1524 1768 1637 1812 Data

71 1842 229 1888 Albani
263 1845 318 1888 10
346 1843 440 1889 Kal.
462 1844 570 1889 Iulii.

76 1997 192 2046 269.
219 2000 434 2059 Euqenius
462 2000 538 2045 ΙΠ
548 2017 671 2060 papa
701 2001 935 2045 Wibaldum
966 2002 1016 2045 de
1048 2002 1152 2045 binis
1176 2016 1283 2060 quae
1303 2009 1528 2060 sequuntur
1548 2004 1635 2060 epi-

219 2079 332 2123 stolis·
360 2080 571 2123 certiorem
581 2079 703 2138 facit.
756 2080 887 2123 Addit
907 2080 958 2123 de
977 2079 1164 2122 Amoldo
1186 2079 1215 2122 I
1228 2079 1534 2138 archiepiscopo
1558 2081 1635 2124 Co-

221 2157 395 2200 Ionio-nsi
414 2173 442 2200 a
460 2173 546 2200 sese
563 2158 608 2200 in
620 2158 845 2215 pristinam
862 2158 1101 2215 diqnitatem
1114 2173 1198 2200 non
1212 2158 1406 2200 restituto.
1431 2155 1503 2212 (M.
1515 2157 1634 2212 253.)

190 2245 405 2302 Eugenius
444 2245 665 2304 episcopus
702 2259 847 2291 servus
878 2259 1095 2291 servorum
1123 2245 1206 2290 Dei
1237 2245 1387 2290 dilecto
1418 2245 1504 2291 filio
1528 2246 1635 2302 Wfi-
1672 2253 1765 2289 1150

73 2321 213 2378 baldo)
245 2322 486 2368 Corbeiensi
525 2323 667 2368 abbati
696 2323 875 2369 salutem
912 2327 955 2369 et
985 2324 1258 2382 apostolicam
1288 2324 1632 2370 benedictionem.
1657 2302 1722 2333 Μ’
1738 2302 1779 2333 ²4

190 2400 374 2446 Litteras
388 2399 398 2419 ¹
427 2401 662 2446 dilectionis
692 2405 790 2447 tuae
820 2403 962 2447 debita
990 2403 1249 2458 benignitate
1279 2403 1560 2461 suscepimus3
1594 2406 1636 2448 et

76 2479 175 2536 quia
202 2493 280 2537 pro
310 2483 446 2526 matre
476 2484 550 2525 tua
585 2483 730 2524 sancta
758 2480 947 2525 Romana
985 2480 1185 2525 aecclesia
1220 2483 1422 2537 tanquam
1461 2481 1634 2525 devotus

74 2555 185 2602 filius
204 2553 420 2603 'attentam
450 2558 774 2603 sollicitudinem
803 2559 934 2615 geris,
966 2562 1133 2614 gratum
1162 2557 1283 2602 nobis
1316 2561 1399 2614 est,
1438 2561 1480 2602 et
1510 2558 1634 2603 devo-

75 2637 232 2681 tionem
262 2641 380 2681 tuam
399 2637 446 2681 in
464 2637 646 2681 Domino
668 2635 966 2680 collaudamus:
1011 2636 1093 2680 Pro
1115 2635 1401 2679 Caminatensi
1421 2649 1519 2680 vero
1542 2649 1634 2680 aec-

76 2712 215 2771 clesia,
247 2715 355 2759 sicut
383 2715 555 2772 rogasti,
588 2718 630 2759 et
658 2714 734 2759 de*
762 2712 835 2770 eis,
868 2713 939 2770 qui
968 2712 1079 2758 bona
1109 2714 1198 2757 eius
1230 2713 1393 2757 auferre
1424 2714 1632 2770 dicuntur,

75 2791 285 2837 Mindensi
315 2793 509 2851 episcopo
541 2792 808 2851 scripsimus3
846 2794 911 2836 set
948 2805 1025 2848 pro
1057 2804 1203 2848 causa,
1243 2805 1369 2848 quam
1397 2791 1518 2837 nobis
1546 2791 1632 2836 tuis

171 2896 199 2918 a,
225 2887 264 2919 do
286 2888 408 2920 addidi.

171 2945 206 2982 1.
230 2955 288 2992 ep.
306 2946 375 2983 251
400 2955 511 2992 supra
533 2956 570 2992 p.
587 2945 670 2982 374.
