1924 3288
525 200 724 234 WIBALDI
753 200 1003 233 amsromn
1031 199 1102 232 351.
1127 199 1197 230 852.
1552 189 1640 234 485

79 293 199 346 351.
226 296 454 356 (heym-im
474 305 513 341 et
532 297 743 342 lacinthus
763 298 995 341 cardinales
1014 296 1255 341 Heinricwm
1279 297 1514 355 episcopum
1529 296 1640 340 Leo-

144 387 147 389 ’
226 375 405 420 diensem
425 384 585 434 roqant,
607 383 655 419 ut
674 376 860 420 Wibaldo
882 376 999 419 illata
1021 375 1176 418 damna
1189 375 1399 418 resarciat.
1433 373 1505 428 (M.
1520 375 1639 430 329.)

195 463 419 510 Leodiensi
459 465 654 523 episcopo
691 465 923 519 H(einrico)
961 462 1188 520 Gregorius
1226 463 1371 508 Sancti
1405 463 1559 520 Angeli
1599 467 1642 509 et
1666 472 1759 509 1152

77 543 323 599 Iac(inthus)
355 542 532 588 Sanctae
562 542 722 587 Mariae
735 540 745 560 ¹
774 542 939 587 diaconi
971 541 1203 586 cardinales
1234 541 1424 586 salutem.
1681 522 1743 554 ¹²¹¹·

195 621 278 666 Ubi
306 622 551 666 mandatum
582 623 624 666 et
661 621 887 665 auctoritas
921 620 1111 678 precedit
1141 616 1407 677 apostolica²,
1439 619 1640 678 securius,

76 699 260 744 maxime
297 700 410 758 apud
448 700 648 755 amicum,
686 699 868 743 scribere
908 702 950 742 et
982 711 1127 756 preces
1159 698 1314 742 amicas
1345 711 1567 756 possumus
1599 701 1642 743 et

76 777 273 822 debemus
303 778 565 823 interserere.
612 777 712 822 Inde
743 780 820 833 est,
852 777 962 834 quod
991 790 1068 820 nos
1099 775 1311 820 dilectioni
1343 779 1507 820 vestrae
1538 777 1640 820 scri-

75 856 221 901 bentes
252 859 444 900 accurate
466 856 728 911 mandamus,
761 854 1037 899 amicabiliter
1057 854 1336 911 obsecrantes,
1368 858 1429 911 ut,
1460 868 1556 899 cum
1577 854 1640 898 di-

74 934 326 980 lectissimus
364 937 508 979 noster
536 933 788 988 W(ibaldus)
829 933 956 978 abbas
996 932 1254 976 Stabulensis
1293 933 1339 976 in
1377 932 1448 976 illo
1487 936 1641 977 eventu

74 1013 221 1058 bellice
259 1013 541 1057 altercationis
578 1013 690 1057 inter
718 1026 793 1056 vos
825 1014 866 1056 et
895 1007 1223 1055 Namucensem⁸
1253 1010 1388 1054 multa
1415 1011 1545 1055 immo
1575 1011 1640 1055 in-

74 1090 194 1136 finita
222 1105 299 1150 per
327 1091 524 1136 militiam
543 1094 727 1136 vestram
756 1090 990 1148 perdiderit
1020 1093 1062 1133 et
1092 1088 1294 1133 aecclesia
1319 1089 1408 1133 eius
1428 1089 1474 1133 in
1494 1089 1639 1134 multis

74 1172 120 1216 et
145 1170 310 1226 magnis
340 1170 570 1228 dampnum
593 1167 917 1227 irrecuperabile
938 1167 1197 1223 sustinuerit,
1227 1167 1453 1225 prudentia
1483 1170 1525 1211 et
1555 1167 1639 1212 dis-

75 1249 205 1293 cretio
231 1250 374 1293 vestra
411 1248 472 1292 sic
502 1255 570 1292 se·
602 1248 802 1292 adversus
834 1260 929 1290 eum
959 1259 1036 1303 per
1066 1245 1317 1301 condignam
1346 1258 1639 1303 recompensa-

73 1323 233 1372 tionem
262 1329 380 1383 gerat
413 1329 455 1371 et
484 1326 649 1382 habeat,
681 1325 877 1382 quatinus
901 1323 1008 1367 alter
1028 1336 1124 1367 011111
1144 1323 1276 1368 altero
1297 1337 1426 1367 unum
1449 1327 1492 1368 et
1510 1324 1638 1381 idem,

74 1405 186 1463 quod
213 1405 295 1449 fuit
324 1408 367 1449 et
396 1418 487 1450 esse
516 1404 736 1462 competit,
774 1401 1112 1460 inseparabiliter
1141 1405 1409 1460 permaneat,
1451 1405 1494 1447 et
1522 1406 1639 1460 post-

73 1480 244 1528 modum
265 1483 319 1527 ad
337 1496 414 1527 nos
434 1482 608 1527 verbum
624 1482 747 1527 huius
767 1481 831 1526 rei
851 1481 942 1525 sine
966 1494 1043 1525 sua
1063 1480 1354 1525 emendatione
1373 1494 1459 1525 non
1479 1481 1637 1526 redeat.

76 1625 194 1675 352.
221 1627 437 1686 Euqeniue
450 1627 534 1671 III
546 1626 757 1670 Harcwico
781 1625 1088 1684 archiepiscopo
1103 1625 1323 1669 Bremensi
1341 1625 1525 1680 mandat,
1546 1625 1637 1670 Ka-

220 1706 437 1750 minatensi
457 1712 496 1749 et
512 1705 744 1749 Corbeievisi
759 1703 934 1748 ecclesiis
955 1710 1096 1761 erepta
1116 1703 1238 1747 reddi
1257 1704 1406 1747 iubeat.
1432 1701 1504 1757 (M.
1518 1702 1637 1758 330.)

191 1795 418 1840 Domnus
446 1807 581 1852 papa
610 1793 875 1849 Eugenius
907 1791 1222 1847 H(artwico)
1253 1791 1525 1838 Bremensi
1556 1806 1637 1837 ar·
1663 1803 1756 1839 1152

74 1874 422 1932 chiepiscopo.
1660 1853 1753 1886 ΕΜ

191 1951 259 1996 Ex
289 1949 585 2007 conquestione
613 1948 757 1994 dilecti
784 1947 862 1992 filii
888 1948 1023 1992 nostri
1042 1946 1257 2004 W(ibaldi)
1279 1946 1543 1992 Corbeiensis
1565 1948 1637 1993 ab·

74 2030 183 2076 batis
214 2029 471 2088 accepimus,
511 2027 622 2085 quod
653 2027 823 2085 quidam
852 2026 1120 2085 parrochiani
1149 2026 1233 2083 tui,
1269 2026 1465 2070 videlicet
1485 2025 1636 2084 Odiko,

71 2108 312 2164 Ricbertus,
344 2106 580 2163 Thederus,
610 2106 815 2150 Rainerus
847 2108 890 2150 et
919 2104 1207 2161 HermannuS,
1239 2104 1441 2161 quasdam
1471 2118 1637 2162 posses-

73 2187 211 2232 siones
231 2185 543 2230 Kaminatensis
575 2184 832 2240 monasterii,
866 2197 972 2241 quae
1000 2182 1046 2226 in
1076 2185 1147 2226 tuo
1180 2183 1424 2241 episcopatu
1450 2196 1541 2227 esse
1561 2196 1636 2227 no-

73 2267 259 2321 scuntur,
291 2264 317 2308 a
345 2261 483 2307 Iudith
516 2262 725 2319 quondam
758 2261 981 2317 abbatissa,
1013 2264 1236 2319 postquam
1268 2261 1293 2305 a
1319 2261 1523 2317 regimine
1544 2275 1635 2306 aec-

74 2342 224 2388 clesiae
255 2345 416 2386 semota
444 2341 594 2397 fuerat,
625 2340 770 2384 illicite
799 2339 1048 2397 receperint,
1080 2342 1122 2383 01
1152 2352 1221 2383 eas
1252 2341 1398 2383 contra
1425 2339 1636 2384 iusticiam

73 2421 301 2477 detineant,
333 2423 458 2477 atque
487 2418 701 2477 predictae
727 2417 951 2462 aecclesiae
970 2418 1084 2475 ipsas
1104 2417 1325 2461 restituere
1345 2417 1480 2461 modis
1502 2418 1636 2461 omni-

73 2499 151 2544 bus
182 2498 481 2543 contradicant.
525 2496 631 2549 Quia
659 2495 789 2552 igitur
812 2495 865 2539 ad
883 2498 1074 2539 nostrum
1095 2498 1257 2553 spectat
1278 2494 1474 2551 officium,
1497 2499 1636 2539 errata

74 2575 282 2633 corrigere
322 2579 383 2632 et,
422 2589 527 2632 quae
564 2573 673 2618 male
712 2587 760 2618 ac
797 2576 943 2617 contra
973 2576 1212 2617 sanctorum
1241 2576 1412 2631 patrum
1440 2573 1636 2617 instituta

73 2654 199 2711 fiunt,
239 2655 285 2698 in
320 2654 487 2698 irritum
524 2665 719 2697 revocare
758 2655 800 2696 et
838 2651 891 2695 ad
928 2651 1191 2695 rectitudinis
1229 2654 1385 2695 statum
1421 2650 1633 2707 reducere,

73 2746 151 2792 per
179 2731 393 2790 presentia
422 2731 580 2789 scripta
608 2730 686 2774 tibi
716 2729 985 2786 mandamus,
1023 2730 1218 2786 quatinus
1248 2729 1458 2786 predictos
1487 2742 1634 2786 parro-

74 2811 244 2856 chianos
273 2813 367 2854 tuos
397 2810 585 2854 districte
615 2821 892 2864 commoneaS,
923 2811 970 2852 ut
999 2821 1128 2866 supra
1153 2807 1239 2851 fato
1260 2806 1513 2851 monasterio
1533 2820 1631 2864 pos-

173 2915 200 2936 0.
229 2914 262 2936 se
284 2905 405 2936 addidi.

171 2964 204 3000 1.
229 2963 267 3000 in
292 2963 489 3002 cosmidin.
586 2963 622 3000 2.
648 2962 692 3000 V.
719 2972 777 3008 ep.
794 2962 876 2998 350.
971 2962 1004 2997 3.
1032 2960 1202 3001 comitem
1227 2960 1452 3002 Heinricum.
