1930 3242
474 170 877 204 CHRONOGRAPHUS
909 172 1203 205 coassnmNffls
1565 162 1619 206 51

55 263 172 308 niam
201 263 254 309 de
282 265 518 322 monachis,
557 266 613 310 ad
643 281 746 323 quos
785 268 830 311 id
860 281 965 325 opus
997 268 1105 312 sicut
1134 268 1330 313 inchoare
1360 268 1422 312 ita
1452 272 1495 314 et
1525 283 1623 314 con·
1651 273 1743 309 1146

55 354 266 387 summare
294 342 446 387 maiori
477 358 529 388 ex
558 348 679 402 parte
710 346 915 402 pertinet,
945 346 1086 391 nullus
1118 347 1172 391 ad
1202 361 1277 391 nos
1308 350 1500 404 venerat,
1532 361 1624 392 rem
1658 323 1735 353 Nov.

54 422 187 465 totam
215 420 507 477 religiosorum
538 422 711 466 consilio
743 422 1017 468 differendam
1055 439 1146 470 esse
1177 425 1452 482 credidimus,
1494 426 1626 470 donec

55 496 319 544 Corbeiensis
350 500 526 545 ecclesia
554 514 696 544 coram
731 502 964 547 maiestatis
996 507 1162 548 vestrae
1191 504 1406 561 presentia
1436 507 1479 548 et
1507 504 1625 561 prin-

54 576 197 634 cipum
226 578 448 622 conveniat
477 582 532 635 et,
565 579 666 635 quid
698 593 831 635 quove
862 581 1009 625 ordine
1037 582 1082 625 id
1111 582 1221 638 quod
1243 582 1445 626 asseritur
1463 581 1624 638 fecerit,

54 654 164 699 sicut
192 656 439 700 canonicum
470 660 512 700 et
541 660 782 714 competens
814 661 891 714 est,
925 662 1120 716 exponat.
1169 659 1400 717 Propterea
1429 674 1625 705 mansue-

52 733 155 778 tudo
183 737 326 779 vestra
354 747 441 778 non
469 737 701 791 moveatur,
734 735 845 791 quod
876 736 930 779 ad
949 740 1189 794 presentem
1214 739 1374 782 curiam
1396 739 1626 782 secundum

52 811 250 856 iussionis
280 815 444 857 vestrae
481 812 790 870 beneplacitum
827 827 913 857 non
942 815 1154 871 venimuS,
1196 817 1396 872 quoniam
1433 817 1479 860 in
1517 817 1625 861 festo

52 889 166 934 beati
185 888 412 947 Nicholai¹,
444 891 609 948 quando
632 890 895 935 Corbeiensis
918 892 1095 936 ecclesia
1118 894 1279 938 curiam
1299 898 1486 939 vestram
1508 895 1626 940 adite

53 966 282 1026 disposuit,
320 969 411 1013 Deo
450 970 626 1014 ducente
657 970 884 1014 veniemus.
950 970 997 1015 Si
1029 971 1129 1027 quid
1166 986 1264 1027 ergo
1297 973 1410 1030 apud
1439 977 1626 1017 vestram

52 1045 343 1091 excellentiam
373 1051 519 1091 nostra
548 1048 662 1092 valet
693 1049 845 1104 exigua
875 1053 940 1093 set
968 1048 1105 1094 fidelis
1131 1049 1311 1106 devotio,
1343 1051 1483 1095 locum
1502 1052 1624 1096 nobis

51 1124 163 1169 circa
176 1123 463 1182 Werzenburg
482 1127 529 1170 in
547 1127 654 1170 festo
676 1127 789 1171 beati
803 1127 1021 1186 Nycholay
1043 1128 1258 1183 assignare
1279 1128 1524 1186 dignemini,
1542 1144 1624 1187 quo

50 1202 170 1248 vobis
196 1216 293 1248 cum
318 1204 398 1261 his,
427 1205 499 1261 qui
525 1205 694 1249 venturi
720 1209 839 1262 sunt,
869 1206 1087 1251 commode
1116 1219 1335 1252 occurrere
1363 1207 1623 1252 valeamus“.

168 1281 337 1338 Regalis
367 1282 470 1327 haec
499 1283 740 1341 responsio:

172 1359 450 1416 „G(onradus)
489 1361 570 1405 Dei
607 1362 746 1417 gratia
781 1361 1066 1406 Romanorum
1102 1376 1179 1407 rex
1208 1362 1435 1419 W(ibaldo)
1473 1364 1625 1408 Stabu-

50 1435 159 1481 lensi
189 1438 332 1482 abbati
361 1439 543 1494 gratiam
574 1454 694 1484 suam
724 1454 821 1484 cum
844 1441 1080 1485 dilectione.
1188 1441 1419 1499 Postquam
1450 1443 1626 1487 ecclesia

51 1514 315 1560 Corbeiensis
356 1517 506 1562 abbate
544 1531 619 1561 suo
657 1518 805 1563 orbata
840 1519 940 1574 suit,
981 1520 1127 1563 statim
1166 1519 1310 1564 divina
1347 1521 1625 1578 inspiratione
1642 1545 1652 1557 ·

51 1595 306 1638 commonita
336 1595 552 1639 dominum
584 1598 626 1640 et
645 1600 812 1653 patrem
832 1597 1096 1654 spiritualem
1124 1601 1166 1642 te
1198 1598 1280 1642 sibi
1310 1600 1512 1643 canonica
1542 1599 1624 1644 ele-

52 1671 189 1716 ctione
220 1674 380 1718 ascivit.
428 1674 580 1718 Postea
599 1689 706 1719 »vero
736 1678 825 1719 tam
854 1676 899 1718 in
929 1676 1232 1733 temporalibus
1265 1691 1392 1734 quam
1421 1678 1468 1722 in
1498 1679 1624 1736 spiri-

51 1749 206 1794 talibus
236 1755 409 1809 propter
440 1752 675 1796 absentiam
705 1754 769 1796 tui
798 1754 968 1798 turbata
989 1757 1030 1798 et
1052 1753 1254 1799 distracta
1274 1769 1401 1811 grave
1422 1757 1624 1801 damnum

52 1828 262 1872 sustinuit.
309 1829 547 1875 Mandando
577 1832 708 1887 igitur
736 1845 932 1887 rogamus
963 1832 1230 1876 dilectionem
1262 1836 1393 1889 tuam,
1426 1835 1623 1891 quatinus

51 1905 97 1949 in
126 1906 232 1950 festo
265 1908 400 1951 sancti
422 1908 614 1952 Nicholai
634 1909 955 1953 Frankenevurt
985 1911 1243 1967 presentiam
1273 1915 1463 1956 nostram
1495 1914 1621 1957 adeas

52 1987 116 2040 et,
149 1998 254 2041 quae
287 1986 341 2029 ad
371 1986 527 2030 donum
556 1988 697 2042 regiae
727 1987 947 2043 dignitatis
978 1992 1190 2045 spectant,
1222 1989 1380 2034 ibidem
1411 1991 1462 2034 de
1493 2005 1622 2035 manu

51 2065 196 2106 nostra
225 2064 479 2121 suscipiens,
512 2065 684 2109 ecclesie
716 2065 959 2109 Corbeiensi
989 2070 1205 2123 tamquam
1235 2071 1357 2124 pater
1388 2069 1620 2126 spiritualis

52 2143 94 2184 et
123 2141 308 2199 prudens
339 2142 605 2199 dispensator
635 2144 680 2186 in
709 2147 926 2200 posterum
956 2145 1193 2202 provideas.
1242 2145 1388 2190 Vale“.

169 2219 258 2264 Hec
289 2220 401 2277 apud
430 2218 748 2265 Wilzenbroch²
780 2222 938 2279 scripta
968 2226 1010 2266 et
1041 2223 1159 2277 data3
1200 2226 1241 2267 et
1279 2225 1305 2267 3
1334 2224 1620 2269 Kalendarum
1643 2237 1719 2268 Nov.
1731 2239 1770 2268 29

51 2296 347 2342 Decembrium
376 2298 421 2341 in
443 2298 683 2342 Stabulensi
703 2299 879 2343 ecclesia
900 2300 1042 2344 abbati
1073 2304 1172 2344 sunt
1191 2305 1453 2358 presentata3
1487 2303 1617 2346 eccle-

51 2375 194 2432 sieque
231 2375 475 2420 Corbeiensi
511 2376 603 2420 Kal.
635 2376 856 2421 Decembr.
899 2378 1045 2422 eadem
1091 2379 1250 2436 scripta
1295 2383 1394 2423 sunt
1437 2380 1615 2423 invecta.
1640 2391 1713 2422 Dee.
1728 2394 1743 2422 1

50 2452 194 2497 Abbas
233 2453 285 2498 de
321 2453 411 2498 loco
451 2468 547 2509 suo3
588 2458 630 2498 et
659 2454 913 2498 Adelbertus
950 2457 1189 2512 prepositus
1230 2460 1271 2500 et
1300 2457 1452 2500 fratres
1483 2458 1617 2501 nostri

53 2530 223 2587 quidam
252 2531 440 2576 munifici
469 2546 565 2575 cum
594 2532 789 2576 Brunone
820 2533 1055 2589 preposito,
1089 2538 1130 2577 et
1159 2534 1456 2578 ministeriales
1488 2535 1616 2579 hone-

51 2608 200 2653 stiores
233 2609 436 2666 aliquanti
466 2612 494 2653 4
523 2610 664 2653 Nonas
708 2610 895 2653 eiusdem
932 2612 1088 2655 mensis
1120 2612 1174 2655 ad
1211 2612 1449 2655 condictum
1477 2613 1617 2657 locum
1640 2625 1744 2657 Dec.2

52 2686 247 2730 exierunt
267 2701 293 2730 a
312 2686 501 2732 Corbeia.
548 2687 606 2731 Et
627 2688 726 2744 quia
745 2700 822 2731 nec
843 2688 904 2731 sic
934 2688 1088 2732 celeres
1120 2690 1255 2733 nostri
1285 2690 1514 2746 nequibant
1543 2691 1615 2735 illo

50 2764 208 2820 venire,
238 2767 286 2808 ut
317 2768 476 2808 statuta
506 2766 573 2809 die
595 2769 860 2810 occurrerent
880 2766 1032 2809 domno
1055 2767 1160 2822 regi,
1192 2771 1339 2811 octava
1359 2768 1527 2812 demum
1548 2770 1615 2813 die
1639 2781 1711 2811 Dec.
1725 2782 1763 2812 10

50 2841 96 2885 in
115 2839 386 2898 Wineheim³,
417 2843 541 2887 tertio
562 2844 743 2887 miliario
766 2844 846 2887 sito
869 2857 893 2887 a
912 2842 1207 2888 Laureshamis
1230 2846 1427 2890 abbaciae
1447 2847 1614 2904 regalis,

147 2930 181 2965 1.
206 2930 295 2966 Dec.
312 2931 346 2967 6.
441 2932 475 2967 2.
502 2931 721 2978 Wiirzburg.
819 2932 852 2968 3.
879 2931 1098 2969 Weinheim.

1275 2999 1330 3036 411-
