1924 3288
509 186 708 218 wreALm
735 183 986 217 nrrs'rom
1013 182 1085 214 299.
1110 182 1181 213 300.
1540 167 1627 212 427

61 279 169 345 pace
194 282 457 339 firmaverat,
494 282 601 327 nihil
630 281 750 326 nobis
782 279 1126 335 contradicendo,
1156 277 1363 326 incendiis
1394 285 1437 326 et
1466 281 1628 339 rapinis
1652 276 1834 360 Gall-53⁶⁶

61 364 122 411 inx
135 377 214 409 nos
244 366 287 408 et
309 361 556 407 aecclesiam
576 363 765 405 nostram
785 359 1037 416 inpudenter
1058 357 1276 415 confregit,
1308 361 1523 415 estimans,
1556 373 1628 404 ex·
1710 349 1718 358 ⁰
1837 347 1845 356 ’

62 440 380 487 communicatis
401 440 582 484 dictum‘*
603 451 716 482 esse:
747 441 806 494 ut,
840 437 912 494 qui
942 437 987 480 111
1017 436 1209 481 sordibus
1241 442 1353 495 sunt,
1385 438 1630 484 sordescant

63 517 234 565 adhuc⁸.
281 518 431 563 Comes
461 515 758 571 NamucensiS,
789 515 999 559 nescimus
1032 528 1112 572 quo
1143 530 1312 561 rumore
1341 518 1482 574 regiae
1513 516 1628 562 debi-

61 598 210 655 litatis,
239 610 451 642 venenosa
478 595 660 639 factione
691 593 871 637 aliorum
899 594 1141 651 principum
1169 595 1215 638 in
1243 609 1320 639 nos
1342 599 1385 640 et
1405 595 1629 640 aecclesias

61 679 229 722 nostms
247 676 363 720 furit.
409 672 633 718 Premissis
665 671 900 715 dilectionis
932 675 974 715 et
1002 670 1218 717 fidelitatis
1249 674 1429 730 nunciis,
1461 676 1503 717 et
1532 672 1630 719 sub-

63 757 286 812 sequenter
316 753 463 798 eadem
492 751 596 795 hora
625 750 777 794 nuncio
809 749 1182 795 exfestucationem
1208 752 1383 796 dominii
1402 752 1538 796 nostri
1558 751 1630 796 de.-

62 833 236 889 ferente‚
267 831 388 876 Oinei
416 834 606 875 nostram
637 828 930 872 dominicalem
960 828 1119 885 villam,
1153 830 1288 874 adhuc
1317 831 1400 875 ista
1420 830 1631 886 legatione

61 911 231 967 infecta,
261 910 430 968 penitus
462 908 689 952 succendit.
737 906 844 959 Quia
869 907 1000 964 igitur
1020 908 1237 952 vobiscum
1258 909 1310 953 de
1330 909 1436 952 meis
1457 908 1631 953 secretis

63 989 176 1035 soleo
193 989 399 1047 Δ10110101
427 1000 607 1043 mecum,
638 986 684 1029 in
714 986 873 1041 gremio
903 987 1036 1030 vestri
1067 987 1232 1031 consilii
1263 990 1305 1031 et
1334 987 1632 1031 consolationis

62 1068 172 1113 hanc
198 1080 358 1125 repono
388 1079 560 1110 eausam
590 1064 934 1121 conturbationis,
965 1068 1013 1108 ut
1044 1079 1120 1121 ego
1145 1069 1187 1109 et
1204 1079 1294 1122 vos,
1327 1066 1398 1123 qui
1417 1066 1464 1109 in
1485 1065 1632 1109 eadem

64 1147 183 1191 curia
209 1145 354 1190 fideles
385 1157 530 1189 sumus
561 1142 793 1198 domestici,
824 1142 931 1187 alter
956 1157 1034 1201 pro
1057 1143 1203 1200 altero,
1234 1157 1331 1188 cum
1355 1158 1459 1201 opus
1489 1144 1631 1200 fuerit,

63 1225 256 1270 veritatis
288 1227 330 1268 01
358 1222 457 1267 fidei
486 1221 750 1266 inveniamur
785 1221 900 1264 socii.
961 1220 1076 1267 Bene
1106 1221 1247 1267 valeat
1277 1222 1445 1267 dilectio
1475 1225 1629 1267 vestra.

64 1302 214 1348 Cetera
241 1302 503 1361 presentium
530 1300 641 1344 lator
671 1299 879 1357 expediet.

67 1445 184 1496 300.
210 1447 422 1492 Wibaldus
454 1445 645 1489 Conrado
668 1443 740 1488 ΙΠ
761 1445 852 1502 reyi
881 1446 1031 1500 scribit,
1065 1461 1158 1488 eum
1187 1447 1274 1489 iam
1294 1446 1509 1504 leyationis
1538 1447 1633 1489 sub-

214 1520 374 1564 eundae
412 1534 539 1562 causa
577 1518 758 1572 exiisset,
797 1533 840 1560 se
870 1518 915 1560 in
945 1517 1263 1576 Lotharinyiam
1295 1534 1504 1562 reversum
1535 1535 1632 1573 esse,

213 1592 410 1637 bellorum
418 1590 731 1648 ‘calamitatibus
749 1589 960 1646 repletam.
1001 1588 1244 1634 Heinrieum
1265 1592 1501 1648 episcopum
1521 1589 1633 1633 Leo-

213 1665 394 1708 diensem
440 1663 491 1706 ab
537 1660 771 1716 infestando
816 1663 1063 1704 monasterio
1108 1662 1343 1706 stabulensi
1388 1662 1633 1706 dehortetur.

214 1736 346 1779 Addit
375 1735 426 1778 de
458 1734 710 1777 corbeiensis
740 1733 932 1775 ecclesiae
961 1734 1093 1776 malis.
1417 1732 1489 1788 (M.
1513 1733 1633 1788 281.)

184 1824 333 1872 Inclito
363 1822 662 1880 triumphatori
693 1825 735 1865 et
763 1820 985 1878 magnifico
1017 1822 1187 1866 domino
1209 1836 1283 1866 suo
1306 1821 1532 1878 C(0nrado)
1553 1823 1636 1868 Dei
1710 1833 1801 1869 1150

66 1903 204 1961 gratia
232 1902 517 1947 Romanorum
552 1900 800 1958 imperatori
838 1903 1014 1956 augusto
1044 1900 1176 1945 frater
1205 1899 1453 1955 W(ibaldus)
1487 1901 1634 1946 eadem
1658 1882 1850 1914 (Μ’-Ποῦ·

67 1982 206 2039 gratia
234 1981 293 2038 id,
326 1980 438 2038 quod
468 1982 532 2024 est
551 1979 597 2024 in
620 1978 827 2023 catholica
857 1978 1073 2036 aecclesia,
1105 1978 1284 2024 salutem
1306 1979 1352 2023 in
1373 1993 1436 2036 00,
1468 1979 1541 2037 qui
1562 1980 1636 2024 dat

68 2060 248 2106 salutem
276 2058 445 2115 regibus
454 2055 482 2101 ².

189 2137 368 2195 Scripsit
414 2135 571 2180 dudum
606 2135 819 2180 maiestati
858 2138 1023 2185 vestrae
1059 2137 1203 2179 nostre
1238 2135 1462 2192 parvitatis
1498 2135 1636 2179 humi-

67 2217 188 2273 litas,
229 2215 341 2273 quod
371 2214 425 2258 ad
454 2213 739 2271 peragendam
775 2213 1029 2274 legationem
1058 2216 1242 2257 vestram
1282 2213 1336 2257 ad
1364 2213 1522 2258 Urbem
1551 2228 1637 2258 non

71 2295 162 2340 sine
192 2293 312 2351 gravi
341 2306 484 2339 rerum
514 2294 755 2336 nostrarum
785 2291 1004 2350 dispendio
1043 2291 1220 2336 accincti
1255 2288 1455 2346 fuimus³3
1498 2295 1560 2348 et,
1599 2293 1637 2336 si

70 2373 248 2417 domnus
279 2370 553 2416 cancellarius
582 2368 794 2428 proficisci
811 2370 1032 2428 potuisset,
1065 2370 1119 2414 ad
1138 2370 1444 2414 incrementum
1464 2370 1636 2414 honoris

69 2451 201 2496 vestri
221 2453 263 2495 et
281 2449 402 2506 regni
421 2462 498 2509 pro
519 2461 644 2505 posse
663 2447 985 2492 laborassemus.
1087 2447 1208 2492 Unde
1229 2448 1410 2504 regressi
1420 2445 1448 2504 ⁴,
1478 2451 1637 2492 terram

69 2532 259 2573 nostram
288 2527 431 2572 nimiis
462 2526 623 2584 rapinis
655 2529 698 2570 et
726 2525 931 2570 incendiis
963 2539 1208 2570 concussam
1229 2526 1478 2570 invenimus.
1526 2525 1636 2569 Nam

71 2607 247 2650 domnus
262 2605 532 2650 Leodicensis
549 2601 793 2661 episcopus⁵
810 2606 852 2647 et
867 2603 1030 2647 comesb
1044 2603 1319 2648 Namucensis
1330 2600 1345 2622 ⁶
1363 2606 1404 2646 et
1424 2616 1562 2646 comes
1584 2603 1636 2647 de

71 2681 214 2742 Rupe⁷
235 2687 277 2728 et
297 2697 435 2728 comes
457 2681 741 2737 G(odefridus)
764 2681 816 2725 de
834 2681 972 2725 Acuto
992 2680 1136 2725 Monte
1165 2681 1459 2725 dissentientes
1479 2681 1636 2725 bonum

169 2782 196 2804 a.
224 2773 304 2803 dicte
327 2785 352 2803 o.
435 2773 465 2803 b.
494 2781 594 2803 comes
617 2783 673 2802 om.
693 2771 760 2801 cod.

167 2832 200 2867 1.
226 2830 345 2876 Apoc.
362 2831 419 2876 22,
437 2831 495 2867 11.
592 2831 625 2865 2.
653 2829 714 2865 Ps.
732 2828 812 2874 143,
831 2827 887 2864 10.
973 2828 1007 2864 3.
1032 2827 1079 2864 V.
1097 2839 1157 2874 ep.
1175 2829 1245 2864 298
1270 2839 1382 2873 supra
1404 2838 1442 2873 p.
1458 2828 1530 2865 426
1555 2830 1636 2875 „ut,

72 2892 146 2927 iam
162 2890 280 2936 parati
297 2894 335 2927 et
351 2890 513 2936 expediti
530 2890 577 2926 ad
593 2887 910 2935 proficiscendum,
927 2887 1203 2935 Lotharingiam
1223 2888 1420 2924 exierimus
1429 2887 1459 2924 “.
1542 2887 1579 2925 4.
1597 2888 1635 2926 in

73 2950 360 2997 Lotharingiam.
457 2951 492 2987 5.
516 2949 724 2987 Heinricus.
819 2949 854 2984 6.
879 2948 1085 2984 Heinricus.
1185 2948 1219 2984 7.
1244 2948 1450 2987 Heinrieus.
