1924 3288
295 182 382 227 256
745 195 942 227 wmALm
969 195 1216 228 ims'romn
1243 195 1314 227 151.
1336 195 1405 226 152.

178 292 269 329 1149
293 289 466 347 capituli
494 290 628 334 nostri
655 290 742 333 iam
771 289 865 348 plus
895 303 1022 347 quam
1049 291 1179 335 tercio
1210 290 1484 346 commonuit3
1514 303 1594 335 nec
1618 293 1763 335 tamn
1790 288 1847 335 de

292 367 536 424 fatigatione
571 370 715 412 nostra
749 371 846 425 post
883 368 1247 413 commonitionem
1285 369 1474 413 cessavit.
1541 367 1611 412 Ex
1647 366 1849 413 mandam

294 459 392 501 ergo
437 445 580 489 domni
622 459 758 503 papae
795 446 975 503 astricti,
1021 459 1116 490 eum
1151 446 1197 490 in
1235 446 1441 490 consortio
1477 449 1622 490 nostro
1657 445 1853 503 recipm

293 537 377 566 non
415 523 715 580 presumimus,
752 523 949 580 quoniam
985 523 1169 569 incidere
1206 524 1251 567 in
1288 537 1437 568 manus
1466 523 1610 568 domni
1637 536 1775 581 papae
1803 525 1850 567 et-

294 600 450 644 similes
495 601 750 645 inobedienti
788 601 966 646 existere
1004 616 1079 659 per
1116 606 1303 646 nostram
1339 601 1666 646 inobedientiam
1700 599 1853 646 fumi-2

293 678 453 722 damus.
581 678 855 723 Obsecramus
890 679 1031 736 itaque
1068 680 1365 738 paternitatem
1402 683 1608 736 vestram,
1651 691 1706 724 ne
1742 677 1853 724 dm

294 756 520 813 accipiatis,
554 756 665 812 quod
693 756 738 800 in
767 757 1005 815 receptione
1035 758 1124 801 eius
1144 760 1307 802 vestrae
1336 757 1536 814 peticioni
1558 769 1848 802 annuet-ernon

293 833 498 890 valemus,
539 834 637 890 quia
667 847 812 878 causas
842 835 1192 892 impossibilitatis
1222 838 1411 891 nostrae,
1449 837 1603 892 quanto
1632 834 1856 893 potuimus*

293 911 478 967 brevius,
509 915 673 956 vestrae
704 912 945 956 discretioni
975 913 1252 967 ostendimus;
1285 926 1387 969 quas
1418 912 1646 957 secundum
1668 911 1846 962 insitam

293 989 410 1033 vobis
445 989 714 1047 prudentiam
750 990 1070 1046 considerando,
1107 991 1154 1034 in
1186 990 1323 1046 gratia
1351 994 1492 1035 vest-ra
1519 1003 1597 1034 nos
1627 992 1850 1035 excusatos·

292 1066 501 1123 habeatis,
533 1068 741 1124 quoniam,
773 1072 947 1126 excepta
975 1069 1054 1112 hac
1083 1068 1289 1125 peticione
1319 1082 1445 1125 quam
1473 1067 1580 1112 nulli
1606 1067 1852 1112 mortalium

292 1145 569 1201 concedimus,
599 1159 676 1189 nos
709 1146 763 1189 ad
792 1159 958 1190 omnem
981 1149 1165 1190 vestram
1195 1160 1271 1203 pro
1302 1160 1426 1203 posse
1454 1149 1598 1190 nostro
1627 1148 1848 1204 promptos

293 1225 336 1266 et
365 1222 535 1267 devotos
565 1222 744 1267 famulos
773 1223 1007 1268 invenietis.
1059 1223 1205 1268 Valete
1234 1224 1279 1267 in
1309 1223 1502 1268 Domino.

410 1300 526 1344 Heae
562 1300 727 1344 litterae
764 1301 810 1344 in
840 1302 1050 1345 communi
1078 1302 1257 1345 fratrum
1286 1305 1493 1346 conventu
1520 1301 1720 1347 recitatae
1748 1302 1847 1344 sunt

294 1380 336 1422 et
365 1379 552 1422 omnium
581 1379 819 1423 testimonio
850 1379 1116 1437 approbatae.
1178 1379 1251 1423 Hii
1280 1382 1421 1423 alitem
1449 1379 1601 1423 fratres
1629 1380 1851 1436 presentes

292 1455 484 1500 aderant:
515 1455 754 1501 Waltherus
782 1458 918 1514 prior,
952 1456 1235 1514 Erminoldus,
1267 1457 1542 1513 Ingrammns,
1571 1455 1852 1512 Engelgerus,

293 1533 555 1589 Thidericus,
594 1534 902 1590 Heremannus,
938 1534 1190 1579 Adelbertus
1218 1535 1478 1591 prepositus,
1508 1533 1706 1590 Adolfus,
1737 1532 1848 1577 Gon:-

290 1611 437 1667 radus,
482 1611 708 1669 Elvingus,
753 1612 994 1667 Metfridus,
1039 1611 1182 1668 Ysico,
1229 1611 1573 1667 Thegenhardus‚
1610 1611 1850 1667 Heinricun,

290 1687 450 1745 Bruno,
500 1689 735 1745 Abraham,
786 1689 1083 1747 Marquardus,
1133 1690 1390 1745 Bruningus,
1440 1689 1563 1746 Eico,
1613 1688 1849 1745 Liudolfun,

290 1764 553 1824 Lampertus,
582 1767 873 1823 Ekkehardus,
904 1767 1139 1822 Heinricus,
1168 1766 1433 1823 Adelbertus,
1463 1766 1697 1823 Heinricus,
1717 1765 1847 1810 Adel-

292 1844 448 1900 bertus,
469 1844 737 1901 Wernherus,
769 1845 1047 1901 Outhelricus,
1078 1844 1304 1901 Arnoldus,
1334 1844 1565 1901 Reimarus,
1594 1843 1853 1900 Fridericus,¹

291 1921 522 1978 Unarchus,
551 1921 819 1979 Wernherus,
850 1923 1099 1981 Ruopertus,
1129 1922 1456 1979 Harthmannus,
1488 1922 1614 1979 Saxo,
1642 1921 1852 1967 Adelbenm

291 2001 372 2055 tus,
404 1999 648 2044 Reinherus.
1847 2022 1849 2025 ·

298 2140 410 2187 152.
436 2143 647 2187 Wihaldus
681 2146 786 2187 inter
822 2143 1074 2187 Reinlzerum
1103 2145 1388 2201 praepositum
1427 2143 1772 2200 Eresburqemem
1807 2149 1851 2186 el,

439 2220 676 2264 Elvericum
713 2223 897 2265 comitem
935 2222 986 2263 de
1015 2220 1233 2264 Horhusen
1267 2221 1377 2264 litem
1408 2221 1458 2263 de
1488 2221 1654 2264 decimis
1682 2220 1845 2279 quibua·

441 2299 538 2343 dam
569 2300 733 2342 dirimit.
1633 2295 1707 2350 (Μ.
1728 2295 1850 2351 133.)

151 2397 270 2434 1149?
410 2387 458 2431 In
496 2388 664 2431 nomine
699 2391 868 2431 sanctae
899 2390 941 2431 et
974 2386 1215 2431 individuae
1251 2386 1464 2430 trinitatis.
1519 2383 1735 2430 Wiboldus
1762 2384 1851 2430 Dei

292 2465 429 2521 gratia
448 2464 709 2509 Corbeiensis
739 2464 963 2509 aecclesiae
988 2464 1116 2509 abbas
1137 2464 1329 2508 omnibus
1349 2463 1612 2521 presentibus
1632 2466 1675 2508 et
1691 2462 1846 2507 intuitis

292 2542 338 2586 in
365 2546 626 2600 perpetuum.

411 2620 604 2665 Officium
632 2619 876 2678 prelationis
906 2623 1075 2664 nostrae
1105 2631 1329 2676 exposcere
1350 2618 1528 2675 videtur,
1558 2622 1607 2663 nt
1636 2619 1748 2663 circa
1773 2632 1849 2664 ree

294 2698 619 2743 aecclesiasticas
665 2702 708 2742 et
753 2711 975 2755 personas,
1020 2712 1123 2755 quas
1168 2697 1257 2742 Deo
1302 2697 1520 2740 ordinante
1563 2696 1766 2753 regendas
1800 2699 1843 2741 et

293 2776 576 2833 procurandas
613 2776 891 2833 suscepimus,
931 2775 1234 2833 circumspecta
1267 2774 1529 2832 providentia
1563 2774 1842 2831 invigilemus,

293 2867 346 2896 ne
371 2853 436 2897 vel
466 2854 510 2897 in
543 2854 666 2899 rebus
697 2854 784 2897 suis
815 2852 1015 2898 aecclesia
1043 2853 1162 2897 nobis
1194 2852 1413 2896 commissa
1442 2852 1738 2897 detrimentum
1766 2865 1842 2910 pa-

294 2930 422 2973 tiatur
458 2945 539 2974 neu
576 2931 731 2976 subditi
767 2932 902 2975 nostri
937 2934 1107 2988 propter
1137 2945 1203 2975 res
1234 2929 1457 2975 aecclesiae
1488 2944 1540 2974 ex
1571 2930 1711 2987 aliqua
1739 2930 1841 2974 scis-
