1924 3288
539 184 737 216 wmALm
766 182 1016 215 nms‘ronAn
1047 182 1118 213 412.
1140 182 1213 212 413.
1566 170 1651 214 551

90 277 210 327 412.
239 279 464 339 Greqorius
500 281 658 339 leyatus
693 281 940 338 apostolicus
968 281 1256 338 praepositum
1292 278 1573 322 Corbeiensem
1609 281 1655 323 in

235 359 344 402 diem
374 358 433 402 14
452 358 564 402 Iunii
591 358 862 402 Wormatiam
890 364 1019 401 vocat.

206 446 431 504 Gregorius
461 447 542 492 Dei
579 447 717 503 gratia
756 446 890 490 sancti
920 445 1074 502 Angeli
1112 445 1311 490 diaconus
1351 445 1576 490 cardinalis
1611 450 1654 491 et

87 525 339 584 apostolicae
370 525 480 569 sedis
511 525 674 581 legatus
706 524 949 569 Corbeiensi
979 525 1194 582 preposito
1225 524 1415 569 salutem.

205 603 310 648 Cum
339 604 385 648 in
415 607 489 647 tua
507 604 766 647 venissemus
787 603 955 658 vicinia,
989 602 1124 659 quod·
1154 603 1207 646 ad
1236 616 1312 646 nos
1345 601 1541 646 obtentub
1567 615 1654 646 non

86 682 266 740 veneris,
296 681 482 726 maxime
512 694 607 725 cum
637 685 680 725 te
710 681 907 725 devotum
939 683 982 725 et
999 680 1213 725 Romanae
1244 680 1468 725 aecclesiae
1487 679 1653 724 fidelem

85 760 214 816 dicas,
246 759 368 804 valde
398 759 585 817 profecto
616 759 833 803 miramur.
875 758 956 803 Per
985 759 1201 816 presentia
1229 759 1371 816 itaque
1397 758 1556 816 scripta
1574 759 1653 803 tibi

83 839 356 897 precipimus,
382 837 578 895 quatinus
599 837 714 881 omni
733 840 896 881 remota
916 838 1132 882 occasione
1153 837 1421 890 Quarmatiae
1441 838 1486 880 in
1507 840 1654 881 octava

85 919 348 975 pentecostes
362 914 385 972 ¹,
417 916 525 960 sicut
554 916 755 960 honorem
785 918 906 959 tuum
933 915 1088 972 diligis,
1121 916 1173 960 ad
1193 929 1270 960 nos
1290 915 1448 971 venias,
1479 929 1654 972 respon-

86 995 184 1039 dere
221 997 415 1053 paratus,
459 994 683 1052 presertim
723 1007 818 1038 cum
857 997 1002 1038 contra
1038 994 1217 1038 vetitum
1252 994 1387 1038 felicis
1426 994 1653 1038 memoriae

84 1086 222 1131 papae
251 1072 504 1129 Innocentii,
544 1071 653 1129 quod
689 1085 824 1129 neque
853 1072 913 1116 ibi
942 1086 1079 1130 neque
1110 1072 1211 1116 alibi
1240 1072 1550 1130 preposituram
1582 1072 1652 1116 de-

84 1151 204 1196 beres
240 1151 450 1208 accipere,
489 1151 737 1208 percepisti,
778 1154 820 1194 et
850 1151 902 1195 de
934 1151 1049 1208 aliis,
1089 1165 1196 1208 quae
1227 1151 1281 1194 ad
1310 1163 1484 1208 presens
1513 1153 1653 1194 tacere

84 1228 288 1273 volumus.
358 1228 514 1281 Quodsi
560 1229 819 1272 vocationem
858 1233 1047 1274 nostram
1093 1229 1417 1287 contempseris,
1465 1242 1518 1273 ex
1552 1231 1652 1272 tunc

83 1311 126 1353 te
157 1321 406 1365 suspensum
436 1306 525 1351 fore
555 1319 793 1362 cognoscas.

84 1449 202 1497 413.
233 1450 467 1509 Stephanus
497 1452 711 1509 episcopus
733 1451 927 1494 Metensis
951 1451 1140 1495 Wibaldo
1171 1451 1322 1506 scribit,
1355 1450 1652 1494 Bernhardum

231 1531 414 1573 abbatem
440 1529 808 1572 Claraevallensem
838 1530 1087 1572 adversariis
1117 1530 1201 1573 suis
1225 1531 1409 1572 animum
1430 1529 1650 1572 addidisse.

228 1608 347 1663 Petit,
372 1615 481 1665 αρατ,
502 1614 549 1649 ut
569 1607 743 1649 dedecus
761 1608 840 1650 sibi
859 1608 1019 1650 illatum
1041 1623 1068 1650 a
1087 1622 1184 1665 φερε
1205 1608 1383 1651 tollatur.
1446 1605 1518 1660 (Μ.
1532 1605 1651 1660 398.)

201 1695 486 1740 Dilectissimo
526 1708 600 1739 suo
631 1694 860 1750 W(ibaldo)
891 1695 973 1740 Dei
1003 1697 1140 1752 gratia
1169 1696 1236 1753 id,
1276 1696 1388 1753 quod
1417 1699 1482 1740 est
1510 1696 1556 1739 in
1585 1709 1652 1740 re-

82 1774 167 1831 gali
205 1773 341 1830 curia,
380 1772 651 1830 S(tephanus)
692 1773 837 1817 eadem
868 1774 1006 1829 gratia
1034 1774 1200 1819 Mettis⁰
1232 1788 1277 1819 se
1306 1777 1441 1819 totum
1471 1774 1517 1818 in
1548 1773 1651 1818 dile-

82 1853 220 1898 ctione
252 1855 294 1896 et
325 1851 510 1895 servitio.

200 1929 294 1974 Nisi
323 1929 545 1987 repentina
574 1929 761 1987 corporis
791 1929 926 1972 nostri
956 1927 1179 1973 infirmitas
1209 1943 1286 1974 nos
1316 1930 1501 1986 graviter
1528 1943 1649 1974 occu-

82 2011 245 2067 passet,
293 2007 347 2051 ad
390 2007 646 2064 presentiam
685 2007 829 2050 domni
864 2007 976 2063 regis
1015 2010 1057 2051 et
1093 2010 1277 2051 vestram
1316 2007 1649 2052 desiderabiliter

82 2086 335 2131 visitandam
365 2099 546 2143 persona
575 2088 721 2129 nostra
740 2085 937 2140 venisset,
968 2098 1054 2128 non
1083 2084 1245 2139 littera3
1278 2085 1330 2129 ob
1351 2086 1429 2129 hoc
1450 2087 1647 2143 maxime,

81 2168 129 2209 ut
166 2178 292 2222 super
329 2163 594 2226 adversitatis
609 2166 794 2207 nostrae
823 2162 1099 2206 infortunium
1130 2162 1314 2220 aliquam
1346 2163 1372 2207 a
1402 2164 1518 2208 vobis
1551 2178 1647 2208 con-

83 2243 330 2288 solationem
377 2254 632 2299 caperemus.
699 2240 829 2296 Nam,
877 2243 924 2283 ut
960 2254 1107 2285 verum
1150 2241 1377 2298 fateamur,
1425 2243 1535 2298 quod
1571 2257 1647 2300 per

82 2321 282 2365 domnum
312 2318 663 2364 Clarevallensem
701 2331 778 2376 pro
816 2318 924 2362 bono
963 2318 1080 2376 pacis
1118 2322 1160 2362 et
1195 2319 1330 2363 salute
1358 2320 1525 2364 videtur
1556 2335 1646 2365 esse

82 2398 355 2456 dispositum,
395 2410 479 2440 non
517 2396 651 2440 solum
690 2396 825 2439 dolori
861 2399 1003 2439 nostro
1034 2396 1197 2440 nullum
1226 2397 1460 2441 remedium
1491 2399 1644 2456 attulit,

82 2490 228 2521 verum
268 2476 396 2520 etiam
432 2478 616 2518 mentem
646 2477 833 2518 nostram
863 2474 1047 2529 graviori
1076 2474 1215 2518 ulcere
1245 2475 1502 2531 vulneravit3
1544 2490 1644 2533 quo-

81 2555 197 2598 niam
234 2553 342 2598 tanti
383 2552 550 2597 sceleris
582 2555 792 2607 auctores,
831 2551 883 2595 de
914 2565 1107 2595 successu
1136 2552 1327 2597 maliciae
1359 2567 1459 2597 suae
1490 2567 1645 2599 cornua

84 2635 357 2688 assumentes,
387 2644 472 2674 non
496 2629 631 2674 solum
651 2630 834 2687 inpuniti
855 2634 1090 2685 evaserunt,
1121 2644 1267 2674 verum
1289 2631 1415 2675 etiam
1435 2633 1643 2689 premium

82 2710 179 2755 inde
209 2706 491 2768 receperunt².
534 2707 744 2763 Rogamus
775 2712 999 2765 propterea
1025 2707 1332 2753 fraternitatem
1352 2712 1550 2767 vestram,
1582 2714 1641 2767 ut,

181 2832 208 2854 a.
236 2832 296 2862 quo
318 2835 344 2853 c.
426 2822 456 2852 b.
478 2821 590 2860 gratiae
612 2822 734 2851 nostram
755 2821 880 2851 vocatus
901 2821 1051 2852 excidisse
1071 2822 1198 2852 videtur.
1280 2831 1306 2852 c.
1327 2807 1419 2853 met⁵t
1439 2834 1466 2854 c.

179 2881 212 2916 1.
238 2880 331 2916 Iuni.
351 2880 406 2916 14.
502 2880 536 2915 2.
562 2878 605 2914 In
629 2878 933 2924 Frigido-monte
959 2878 1019 2915 die
1044 2879 1090 2915 28
1113 2879 1222 2916 Febr.
1246 2880 1337 2916 1153
1361 2881 1465 2927 gravi
1489 2882 1641 2919 Metten-

87 2939 181 2976 sium
206 2939 319 2977 caede
342 2938 440 2976 facta
464 2940 588 2985 (quem
613 2937 761 2984 quidem
792 2938 916 2976 caedis
947 2938 1044 2976 diem
1077 2949 1134 2976 me
1158 2940 1307 2977 annales
1332 2939 1369 2977 S.
1386 2939 1528 2977 Arnulfi
1551 2941 1640 2979 Met-

1710 453 1802 489 1153

1675 503 1749 543 Apr.
1761 503 1830 533 Mai.

1724 1701 1816 1737 1153

1673 1750 1799 1782 Mart.-—
1810 1751 1864 1782 Iul.
