1924 3262
533 204 732 236 wmALm
761 204 1010 237 nns‘rOLAn
1039 204 1068 236 6.
1091 204 1120 235 7.
1553 192 1607 236 81

84 325 89 327 >
158 296 281 343 81111
310 298 429 343 vobis
459 313 544 344 non
574 300 847 356 remanserit,
886 300 932 344 in
962 299 1179 358 proposito
1210 302 1355 343 nostro
1388 313 1480 344 esse
1496 306 1523 356 ¹¹,
1564 303 1612 343 ut
1638 302 1729 338 1137

37 375 91 421 de
119 375 277 421 honore
308 376 507 422 ecclesiae
537 381 704 422 vestrae
736 378 967 422 secundum
996 376 1327 422 munificentiam
1346 377 1611 435 imperialem
1639 352 1727 382 Feb*

37 454 280 511 cogitemus.
327 455 607 501 Attendentes
644 457 756 500 enim
787 457 1037 513 dignitatem
1067 460 1210 501 tantae
1242 456 1441 500 ecclesiae
1473 459 1516 500 et
1544 470 1611 500 re-

36 531 229 590 ligionis,
261 547 367 591 quae
404 548 507 592 prae
546 534 722 578 caeteris
760 534 962 579 hactenus
1001 534 1164 591 floruit,
1205 535 1249 578 in
1285 535 1478 579 omnibus
1519 548 1612 578 eam

37 611 248 670 respicere
279 615 322 656 et
350 615 623 657 manutenere
655 612 764 656 sicut
787 613 1014 670 specialem
1038 627 1229 657 camerae
1249 616 1420 658 nostrae
1441 613 1612 657 domum

38 689 336 748 disposuimus.
383 690 503 735 Unde
533 704 610 748 per
642 690 783 734 omnia
812 689 957 735 fideles
981 695 1148 735 nostros
1169 691 1425 735 Adenolfum
1446 694 1488 736 et
1507 691 1612 736 Ver-

37 765 215 813 1111111111ι
245 782 299 813 ex
325 771 448 826 parte
478 771 625 812 nostra
655 769 857 813 secretius
890 769 1071 813 audiatis
1104 773 1158 826 et,
1190 770 1391 827 quicquid
1414 770 1465 814 de
1487 782 1614 813 causa

37 850 184 892 nostra
219 847 339 892 vobis
374 845 704 903 significaverint
712 846 742 904 ¹’,
782 847 1006 904 diligenter
1038 851 1080 891 et
1116 846 1297 892 fideliter
1329 848 1610 905 exequamini.

37 924 129 970 Hoc
159 925 273 970 enim
302 925 340 969 si
368 929 482 970 recte
514 925 745 982 attenditis,
778 925 831 970 ad
861 925 1097 984 proficuum
1126 929 1168 969 et
1188 926 1391 970 honorem
1414 926 1613 971 ecclesiae

37 1006 204 1048 vestrae
247 1003 466 1062 spectabit.
522 1003 591 1047 Ex
635 1004 776 1048 verbis
824 1004 937 1048 enim
983 1004 1272 1063 praefatorum
1317 1005 1520 1061 fratrum,
1567 1007 1615 1048 ut

37 1091 186 1127 verum
221 1082 340 1127 vobis
378 1082 606 1139 fateamur,
653 1082 834 1126 multum
872 1082 1027 1126 intenti
1065 1096 1230 1139 sumus,
1271 1086 1319 1126 ut
1356 1083 1410 1127 ad
1448 1083 1614 1138 insigne

38 1159 210 1205 honoris
239 1160 487 1219 imperialis,
519 1161 557 1205 si
576 1160 691 1205 Deus
724 1161 991 1217 concesserit,
1022 1160 1267 1205 memoriale
1287 1165 1481 1215 nostrum
1503 1160 1616 1219 apud

41 1237 242 1284 Sanctum
271 1238 548 1284 Benedictum
578 1240 625 1284 in
654 1244 908 1299 perpetuum
938 1239 1240 1297 relinquamus.

45 1429 90 1477 7.
136 1431 364 1476 Lotharius
388 1433 616 1490 imperator
642 1434 867 1493 Raynaldo
898 1434 1039 1477 abbati
1067 1433 1280 1476 Casinensi
1305 1434 1458 1488 scribit,
1488 1441 1534 1476 ιιι
1562 1434 1622 1477 ad

134 1525 179 1553 ee
208 1511 346 1553 veniat
375 1517 414 1553 et
441 1510 617 1568 Royerii
645 1512 755 1568 reyis
783 1512 986 1554 studiosos
1017 1527 1038 1554 e
1066 1512 1252 1555 coenobii
1283 1512 1428 1554 castris
1460 1513 1617 1554 eiciat⁰.

159 1597 384 1642 Lotharius
406 1598 488 1643 Dei
517 1600 655 1655 gratia
673 1599 960 1644 Romanorum
989 1600 1223 1659 imperator
1249 1603 1451 1656 augustus
1475 1600 1618 1644 abbati
1685 1602 1777 1639 1137

41 1673 316 1736 R(aynaldo)²
354 1677 406 1721 de
443 1677 587 1722 Monte
625 1677 778 1722 Casino
816 1679 998 1735 gratiam
1036 1692 1158 1722 suam
1196 1682 1239 1723 et
1277 1679 1432 1723 bonam
1468 1678 1616 1723 volun·
1640 1653 1820 1730 Magn·-

41 1757 186 1799 tatem.

161 1831 425 1876 Presentiam
455 1836 573 1877 tuam
604 1847 700 1878 cum
732 1831 859 1879 duce³
891 1835 1231 1893 expectabamus.
1280 1835 1387 1879 Cum
1411 1849 1492 1893 quo
1518 1836 1618 1893 quia

42 1924 127 1954 non
147 1911 314 1966 venisti,
345 1911 608 1968 mandamus,
636 1915 686 1955 ut
706 1912 760 1956 ad
789 1926 866 1956 nos
886 1914 1080 1957 veniatis.
1187 1913 1440 1958 Audivimus
1463 1917 1616 1970 autem,

44 1982 248 2045 quosdam
277 1989 468 2033 homines
499 1988 621 2034 Beati
650 1989 890 2047 Benedicti,
930 1991 976 2034 in
1005 1991 1120 2035 illius
1153 1988 1320 2050 Syculi⁴
1351 1992 1486 2036 adhuc
1514 1991 1617 2036 fide-

42 2066 162 2111 litate
193 2071 501 2125 permanentes,
533 2068 578 2111 in
610 2068 759 2112 castris
791 2069 875 2112 tuis
906 2083 1090 2113 manere.
1136 2069 1248 2122 Quos
1269 2070 1410 2128 placet
1429 2073 1477 2113 ut
1497 2074 1618 2114 caute

43 2145 316 2201 removeatis,
353 2159 407 2190 ne
446 2146 558 2202 quod
595 2146 947 2203 impedimentum
983 2147 1157 2192 ecclesie
1188 2147 1410 2192 Casinensi
1439 2162 1517 2206 per
1548 2162 1618 2192 eos

44 2223 180 2280 possit
210 2223 324 2268 oriri.

142 2376 169 2397 a.
197 2367 303 2398 sciatis
324 2366 474 2398 excidisse
500 2367 627 2398 videtur.
716 2367 746 2398 b.
774 2367 990 2406 significaverit
1010 2369 1058 2399 ed.
1142 2378 1168 2400 c.
1200 2370 1451 2401 Wauenbachius
1481 2372 1511 2401 in
1534 2373 1618 2400 Mon.

47 2421 142 2452 Germ.
159 2421 213 2452 SS.
237 2421 306 2451 VII.
324 2421 384 2451 819
407 2433 434 2451 n.
449 2421 489 2452 40
511 2421 609 2451 edidit
629 2421 709 2451 hanc
730 2422 901 2461 epistolam,
924 2433 944 2451 a
960 2423 1080 2452 Pertzr‘o
1095 2434 1110 2452 ε
1126 2423 1231 2453 codice
1250 2424 1412 2454 Casinenci
1425 2425 1619 2463 descriptam.

142 2484 176 2520 1.
208 2483 406 2521 monachos
431 2485 667 2530 Oasinenses‚
700 2495 723 2521 a
747 2484 961 2521 Seniorecto
991 2485 1126 2522 abbate
1157 2485 1204 2522 ad
1228 2486 1442 2523 Lotharium
1476 2487 1619 2531 missos,

47 2543 110 2590 qui
143 2544 254 2581 etiam
285 2547 371 2590 post
403 2547 588 2581 mortuum
621 2545 682 2581 die
713 2545 738 2580 4
767 2544 875 2580 Febr.
909 2545 1001 2580 1137
1035 2544 1289 2582 Seniorectum
1321 2546 1456 2592 dieque
1483 2547 1528 2582 10
1553 2547 1619 2582 Fe-

46 2602 185 2640 bruarii
217 2604 357 2641 electos
387 2604 539 2641 abbates
569 2604 681 2649 duos,
713 2604 911 2640 Ravennae
943 2604 1043 2649 apud
1075 2604 1333 2650 imperatorem
1357 2605 1495 2642 versati
1521 2609 1617 2642 sunt.

47 2662 94 2700 V.
110 2663 210 2700 Petri
227 2663 321 2701 diac.
336 2663 469 2701 Chron.
484 2664 567 2701 Cas.
585 2664 627 2700 L.
641 2663 725 2699 1111.
744 2674 774 2699 c.
791 2663 861 2699 104
878 2663 990 2708 (Mon.
1004 2663 1126 2700 Germ.
1146 2663 1210 2701 SS.
1224 2664 1308 2702 VII.
1324 2665 1422 2710 816).
1494 2666 1528 2701 2.
1547 2665 1618 2701 He-

47 2723 233 2760 truriensi.
322 2724 357 2760 3.
383 2734 467 2760 cum
491 2723 664 2761 Heinrico
690 2722 857 2768 Superbo
882 2722 976 2759 duce
1001 2723 1189 2769 Bavariae,
1214 2723 1446 2770 imperatoris
1470 2735 1618 2771 genero,

48 2791 157 2828 quem
181 2783 291 2829 paulo
315 2787 400 2821 ante
425 2784 523 2821 diem
548 2786 782 2830 pentecostes
803 2783 902 2828 (Mai.
920 2783 979 2827 30)
996 2793 1018 2819 a
1036 2783 1258 2819 monasterio
1276 2783 1467 2820 Casinensi
1482 2784 1618 2820 Barum

48 2841 96 2878 ad
127 2842 384 2888 imperatorem
408 2844 639 2890 pervenisse,
671 2845 789 2890 liquet
819 2854 865 2880 ex
890 2842 1086 2879 Annalista
1109 2841 1273 2888 Saxone,
1297 2843 1395 2880 Mon.
1413 2843 1537 2881 Germ.
1554 2842 1619 2880 SS.

49 2900 113 2940 VI.
133 2902 214 2938 773.
241 2903 386 2947 (Petrus
410 2903 588 2941 diaconus
611 2904 650 2941 in
674 2903 807 2941 Chron.
827 2903 949 2940 Oasin.
965 2903 1008 2939 L.
1025 2903 1088 2940 IV.
1108 2913 1142 2940 c.
1160 2903 1229 2940 108
1252 2903 1278 2942 l.
1294 2903 1319 2940 l.
1345 2903 1392 2940 de
1409 2903 1520 2942 huius
1544 2903 1619 2950 epi-

50 2963 166 2999 stolae
190 2966 356 3009 tempore
380 2962 495 3000 falsus
519 2967 602 3009 est).
698 2964 732 2999 4.
764 2963 913 3009 Rogerii
937 2962 1049 3010 regis.

109 3026 212 3062 Jnni,
236 3030 425 3059 Bibliotheca
446 3031 468 3059 1.
1285 3030 1308 3065 6
