1924 3288
512 191 710 222 wmALm
738 190 987 222 nms'ronffl
1018 189 1088 221 368.
1113 190 1183 220 369.
1541 177 1628 220 497

68 285 195 342 tinus,
225 288 367 337 vestra
394 285 493 330 freti
523 285 826 342 consolatione,
858 285 935 330 sub
966 288 1131 330 vestrae
1161 283 1487 342 dispensationis
1518 284 1628 340 regi-

68 363 182 409 mine
225 364 412 423 corporis
458 366 500 408 et
544 364 708 408 animae
747 363 1097 420 tranquillitatem
1134 362 1347 407 valeamus
1388 362 1631 418 adquirere;

68 441 289 500 ipsumque
318 441 507 498 regimen
535 455 590 485 ne
609 444 749 486 vestra
777 442 914 486 faceta
942 442 1159 486 urbanitas
1190 440 1364 485 alicuius
1397 439 1633 485 excusatio-

66 519 136 564 nis
164 519 347 578 pondere
377 519 514 564 valeat
541 522 806 577 postponere,
836 519 942 563 illud
971 533 1060 575 vos,
1091 519 1243 564 vestris
1273 518 1448 575 genibus
1479 531 1633 575 provo-

69 596 167 654 luti,
201 597 447 655 suppliciter
475 610 697 655 precamur
727 598 950 655 suscipere.
1013 597 1212 641 Omnium
1243 597 1448 641 bonorum
1478 598 1634 651 custos,

71 674 254 733 Spiritus
275 679 457 732 sanctus,
490 675 544 719 ad
565 688 828 720 communem
858 675 1084 719 utilitatem
1114 675 1233 731 regni
1265 679 1307 720 et
1338 674 1562 720 aecclesiae
1593 676 1636 718 et

69 756 258 798 nostram
288 753 483 810 dignetur
512 767 586 798 vos
615 767 761 810 regere
792 757 834 798 et
864 767 1124 798 conservare.

74 966 191 1015 369.
219 968 435 1014 Heinrims
453 970 666 1027 episcopus
687 969 925 1012 Leodiensis
941 969 1197 1027 Stephanum
1218 970 1456 1027 episcopum
1478 969 1636 1012 *Meten-

218 1063 303 1091 sem
331 1047 530 1101 hortatur,
564 1049 745 1105 corriqat
772 1047 992 1090 monachos
1012 1046 1306 1100 Hasterienses‚
1339 1047 1411 1105 qui
1440 1047 1542 1089 duos
1565 1047 1637 1090 ab·

221 1126 332 1169 bates
360 1126 606 1168 ‘monasterio
636 1124 959 1168 Walciodorensi
980 1126 1164 1185 praefici
1192 1125 1326 1168 velint.
1428 1122 1500 1178 (M.
1516 1123 1635 1177 350.)

189 1218 431 1263 Reverendo
461 1219 584 1263 fratri
614 1233 688 1263 suo
721 1222 763 1264 et
794 1218 928 1263 amico
950 1218 1163 1277 Stephano
1184 1218 1383 1263 Metensis
1411 1218 1638 1263 aecclesiae

73 1296 302 1342 venerabili
346 1298 541 1355 episcopo
581 1297 838 1352 H(einricus)
877 1297 960 1341 Dei
1004 1298 1142 1353 gratia
1186 1300 1355 1341 sanctae
1392 1296 1639 1341 Leodiensis

75 1374 300 1420 aecclesiae
339 1375 511 1419 humilis
550 1375 743 1432 minister
780 1375 989 1420 fraternas
1030 1376 1240 1420 orationes
1289 1379 1332 1421 et
1370 1375 1556 1420 debitam
1595 1375 1641 1418 in

76 1452 257 1498 Domino
289 1453 566 1498 dilectionem.

192 1530 420 1576 Pastoralis
451 1531 578 1576 officii
609 1531 845 1576 sollicitudo
875 1545 952 1575 nos
985 1535 1211 1588 ammonet,
1242 1535 1290 1576 ut
1321 1532 1641 1576 commissarum

74 1609 195 1654 nobis
226 1610 368 1654 ovium
397 1610 590 1666 vigilanti
621 1610 759 1654 studio
790 1623 935 1654 curam
963 1623 1244 1666 exerceamus,
1275 1613 1323 1654 ut
1342 1613 1431 1654 tam
1453 1612 1641 1654 errantes

49 1739 52 1742 Δ
76 1686 211 1731 instar
241 1688 395 1732 summi
424 1689 607 1746 pastoris
639 1688 692 1732 ad
724 1687 832 1732 ovile
861 1691 1138 1745 reportemus,
1171 1702 1299 1746 quam
1329 1688 1569 1733 obedientes
1601 1691 1643 1731 et

76 1765 193 1809 nulla
232 1765 465 1810 discordiae
501 1765 596 1821 labe
633 1766 810 1810 infectos
853 1766 907 1810 ad
943 1766 1055 1810 vitae
1092 1779 1251 1823 pascua
1288 1766 1567 1811 adducamus·
1600 1769 1642 1810 et

77 1843 326 1887 nominatim
362 1857 570 1888 vocemus.
621 1843 860 1902 Eapropter
898 1843 1141 1888 discretioni
1177 1847 1342 1888 vestrae
1380 1844 1639 1900 suggerendo

77 1920 354 1978 notificamus,
386 1922 498 1978 quod
526 1922 721 1966 monachi
750 1922 1055 1978 HasterienseS,
1091 1922 1189 1977 vagi
1219 1925 1262 1966 et
1292 1922 1457 1967 erronei
1488 1935 1536 1966 ac
1565 1935 1641 1965 no-

77 1999 278 2044 vitatibus
309 1999 587 2056 intendentes,
622 2013 689 2044 res
722 2000 909 2044 eiusdem
939 2000 1185 2044 monasterii
1215 2013 1389 2057 prorsus
1420 2000 1642 2044 destruunt

80 2080 122 2122 et
152 2077 354 2135 quosdam
383 2078 671 2135 perversitatis
703 2091 803 2122 suae
833 2078 1018 2122 fautores
1043 2081 1133 2121 tam
1151 2078 1293 2135 precio
1316 2092 1443 2135 quam
1462 2078 1642 2135 promis-

81 2155 266 2200 sionibus
299 2155 501 2211 alliciunt,
533 2155 610 2200 hoc
639 2170 738 2200 suae
769 2156 1021 2214 pertinatiae
1053 2155 1379 2200 emolumentum
1400 2169 1549 2214 capere
1570 2168 1642 2199 cu-

80 2234 267 2291 pientes:
298 2237 346 2277 ut
375 2234 421 2277 in
450 2247 548 2290 una,
579 2234 658 2278 hoc
689 2237 752 2279 est
781 2233 1126 2290 Walciodorensi,
1159 2234 1328 2279 abbatia
1357 2234 1438 2278 duo
1470 2233 1642 2278 abbates

81 2314 228 2356 contra
258 2324 471 2356 sacrorum
502 2325 708 2356 canonum
737 2312 931 2355 instituta
961 2315 1004 2356 et
1031 2312 1251 2370 apostolici
1270 2311 1482 2370 privilegii
1502 2315 1644 2355 aucto-

81 2390 250 2434 ritatem
280 2391 535 2434 ordinentur.
582 2389 799 2434 Monemus
829 2390 971 2447 itaque
1011 2390 1208 2434 dilectam
1243 2390 1364 2435 nobis
1401 2390 1447 2434 in
1477 2389 1645 2434 Christo

83 2468 350 2526 prudentiam
378 2471 583 2524 vestram,
621 2481 674 2512 ne
704 2471 794 2511 tam
823 2481 951 2523 grave
989 2468 1233 2512 scandalum
1264 2468 1377 2526 apud
1406 2481 1480 2512 vos
1511 2466 1645 2511 foveri

85 2549 127 2590 et
156 2559 341 2590 crescere
372 2546 540 2600 sinatis3
574 2548 615 2589 et
644 2546 705 2589 ita
734 2546 786 2589 de
814 2546 906 2588 iure
935 2546 1228 2603 proprietario,
1259 2546 1372 2603 quod
1398 2546 1444 2590 in
1463 2545 1645 2591 Walcio-

85 2624 253 2668 dorensi
283 2625 451 2669 abbatia
480 2623 682 2667 aecclesia
709 2622 908 2667 Metensis
948 2623 1101 2668 habere
1140 2624 1390 2679 dinoscitur,
1426 2623 1645 2667 moderata

86 2702 336 2747 discretione
365 2702 570 2757 tractetis,
601 2704 649 2745 ut
678 2699 922 2744 Leodiensis
954 2701 1201 2758 aecclesiae,
1233 2701 1287 2746 ad
1317 2701 1435 2745 cuius
1466 2700 1644 2745 offitium

85 2780 269 2837 pertinet
299 2779 543 2824 electionem
574 2778 813 2823 examinare
845 2778 908 2822 et*
940 2778 1118 2823 electum
1148 2792 1411 2835 consecrare,
1442 2779 1648 2823 terminos·

87 2871 172 2901 non
202 2858 431 2914 attingatis.
477 2857 563 2901 Nos
595 2858 727 2913 enim,
760 2857 947 2902 divinam
976 2857 1179 2902 ultionem
1208 2860 1456 2914 metuentes,
1487 2857 1643 2901 diutius

184 2962 211 2983 a.
240 2953 402 2984 aducamus
424 2965 450 2983 c.
533 2952 562 2983 b.
590 2954 622 2983 et
642 2952 764 2983 addidi.

148 3009 251 3043 Jnni.
273 3012 459 3041 Bibliotheca
479 3012 502 3040 1.
1291 3011 1337 3047 32

1657 286 1749 323 1152

1658 335 1746 367 Febr.

1675 1228 1693 1263 1
1700 1226 1767 1262 152

1662 1285 1687 1307 c.
1699 1276 1786 1306 Febr.
