1924 3288
179 299 197 335 1
203 298 269 335 147

166 348 230 379 Iun.
245 349 284 379 13

84 1001 148 1031 Iun.
163 1002 201 1031 13
209 1017 238 1022 -
244 1003 283 1032 22

167 2244 230 2275 Iun.
245 2245 285 2275 22

312 189 395 232 124
822 198 1020 230 wmALm
1047 196 1266 229 nprsrom
1293 196 1344 227 46.

311 295 508 338 domnum
538 307 692 352 papam
723 293 889 337 accessi.
936 291 1017 336 Ubi
1047 305 1143 335 cum
1171 292 1216 335 in
1239 291 1451 349 presentia
1469 291 1655 336 omnim
1670 290 1856 349 illorum,

311 372 383 429 qui
412 371 579 427 affuere,
611 372 662 415 de
693 370 891 414 electione
920 370 966 413 in
995 383 1219 426 personam
1246 372 1431 413 vestram
1459 369 1572 414 facta
1599 372 1711 414 esset
1730 381 1856 425 agen·-

310 449 423 505 dum,
460 463 550 504 ego,
582 449 653 504 qui
682 462 749 491 me
780 447 1072 491 Corbeiensem
1101 446 1223 490 modo
1254 460 1345 490 esse
1373 446 1622 491 necessitate
1650 459 1734 504 qua
1759 459 1857 505 pre-

309 527 399 570 dixi
428 525 674 580 confitebar,
704 527 841 568 totum
872 524 1060 568 ordinem
1090 523 1325 580 electionis,
1357 537 1481 580 quem
1508 524 1615 569 bene
1642 537 1856 581 noveram,

309 604 459 647 domno
501 616 636 660 papae
679 602 788 645 sicut
829 601 1048 659 oportebat
1086 602 1289 645 enarravi.
1342 601 1460 659 Papa
1495 602 1657 658 itaque,
1694 601 1857 647 auditis

309 681 498 724 omnibus
535 679 874 735 necessitatibus,
918 693 1046 736 quare
1082 693 1156 723 vos
1194 679 1425 735 elegerant,
1467 678 1691 736 compertis
1729 678 1857 724 etiam

307 758 577 813 utilitatibus,
616 771 717 813 quas
754 770 840 800 non
876 760 1158 813 tacueramus,
1197 770 1303 813 quae
1339 756 1583 800 electionem
1611 755 1857 802 subsecutae

308 839 425 891 sunt,
462 835 590 890 dixit,
623 848 668 878 se
698 834 1097 878 communicaturum
1128 834 1346 878 consilium
1377 847 1471 878 cum
1500 833 1775 878 fratribuset
1802 846 1856 878 ex

306 913 494 970 ipsorum
524 912 696 956 consilio
727 926 772 956 se
801 912 921 955 nobis
950 925 1261 969 responsurum.
1353 911 1401 955 In
1423 911 1502 955 hac
1522 914 1662 955 autem
1680 923 1856 968 suspen-

307 990 422 1034 sione
459 990 618 1034 detenti
654 1003 796 1034 sumus
834 990 976 1033 decem
1015 989 1181 1045 diebus,
1222 989 1443 1046 aliquando
1482 988 1750 1033 observantes
1778 1002 1856 1047 per

307 1068 526 1111 dimidium
571 1067 682 1111 diem
723 1067 893 1111 ianuam
931 1067 1074 1110 domni
1110 1071 1266 1124 papae,
1312 1067 1398 1123 qui·
1418 1079 1515 1110 raro
1553 1065 1855 1123 egrediebatur,

307 1145 529 1202 aliquando
561 1148 657 1188 ante
686 1147 853 1202 portam
883 1143 1120 1188 cancellarii
1148 1144 1336 1200 vigilias·
1362 1147 1532 1203 agentes
1563 1147 1606 1188 et
1633 1143 1855 1202 aliquando

306 1237 382 1280 pre
419 1222 549 1266 nimio
579 1222 691 1266 tedio
721 1235 853 1278 usque
883 1222 937 1265 ad
965 1225 1131 1266 noctem
1159 1222 1246 1266 fere
1276 1235 1371 1266 cum
1402 1221 1496 1266 aliis
1525 1221 1669 1266 multis
1698 1221 1855 1267 dormi-

306 1303 455 1344 tantes.
501 1299 740 1355 Agebamus
779 1299 906 1343 etiam
941 1299 1112 1342 interim
1149 1300 1260 1356 apud
1297 1312 1440 1343 omnes
1480 1299 1732 1356 cardinales,
1770 1299 1856 1344 sin-

307 1377 425 1434 gulos
465 1380 508 1421 et
545 1377 730 1433 singulos
766 1377 811 1420 111
850 1377 1040 1420 domibus
1071 1377 1178 1433 suis,
1219 1377 1318 1433 quia
1345 1389 1479 1433 neque
1509 1375 1613 1420 alias
1643 1377 1856 1422 conveniri

306 1469 441 1512 neque
470 1455 721 1512 respondere
750 1454 964 1509 volebant,
1000 1457 1048 1497 ut
1077 1457 1165 1497 tam
1195 1467 1320 1511 super
1349 1453 1428 1497 hoc
1458 1467 1583 1510 quam
1613 1467 1740 1512 super
1768 1454 1856 1512 pri-

307 1533 458 1588 vilegio
489 1533 540 1576 de
561 1531 790 1576 Keminade
821 1534 862 1575 et
881 1531 1054 1575 Visbike
1083 1531 1308 1587 benignum
1326 1531 1574 1575 haberemus
1593 1543 1854 1589 responsum.

308 1610 388 1662 Qui
418 1621 575 1666 01111108,
605 1613 746 1667 preter
776 1622 930 1666 paucos
961 1610 1176 1666 quosdam,
1208 1608 1319 1652 dulci
1342 1609 1546 1665 colloquio
1566 1620 1641 1653 8110
1661 1623 1739 1654 1108
1757 1622 1856 1654 0011·

309 1687 562 1743 solabantur,
595 1690 637 1731 et
664 1687 805 1731 omnia
823 1690 968 1731 nostra
986 1701 1201 1744 prospera,
1233 1687 1313 1730 etsi
1331 1687 1491 1730 tardius
1512 1687 1711 1742 agebatur
1730 1700 1856 1744 quam

307 1765 522 1820 vellemus,
553 1765 696 1808 futura
726 1779 828 1809 esse.
878 1764 1150 1822 Sapiebamus
1182 1764 1308 1808 etiam
1337 1764 1507 1808 interim
1535 1765 1647 1808 veris
1669 1767 1714 1808 et
1731 1764 1860 1809 certis

307 1843 538 1886 rationibus
570 1856 639 1898 ea,
679 1856 786 1899 quae
815 1846 912 1887 ante
943 1843 1168 1886 adventum
1197 1846 1387 1886 nostrum
1415 1855 1568 1899 paucos
1599 1841 1688 1886 dies
1715 1842 1856 1887 nescio

309 1921 381 1977 qui
410 1919 478 1964 vel
508 1934 534 1963 a
563 1933 644 1977 quo
674 1920 793 1964 missi
824 1920 1210 1976 disseminaverant,
1240 1919 1470 1975 mendacia,
1501 1919 1661 1964 scilicet
1687 1932 1763 1964 vos
1790 1922 1857 1964 to-

308 2001 398 2041 tum
439 1997 681 2041 thesaurum
719 1998 916 2042 ecclesiae
952 1998 1103 2041 domno
1140 1997 1231 2053 regi
1268 1997 1443 2041 dedisse.
1496 1996 1746 2041 Benedictus
1779 2009 1858 2055 per

309 2076 450 2119 omnia
478 2075 605 2130 Deus,
645 2075 744 2132 quia
773 2076 882 2119 810111
911 2075 1139 2131 constabat,
1177 2088 1246 2119 eos
1275 2074 1383 2118 falsa
1409 2073 1637 2132 predicare,
1667 2074 1731 2118 ita
1758 2087 1857 2119 con-

310 2153 439 2208 stitit,
476 2166 545 2196 eos
583 2166 682 2196 mox
712 2153 757 2196 in
788 2153 969 2197 adventu
997 2156 1141 2196 nostro
1172 2152 1427 2210 disparuisse
1456 2155 1499 2196 01
1527 2154 1856 2197 commentorum

309 2244 479 2274 suorum
507 2229 614 2274 nulli
641 2228 767 2274 fidem
795 2230 1028 2286 reliquisse.
1119 2229 1227 2282 Quid
1255 2229 1451 2274 tandem?
1481 2229 1655 2274 Decima
1673 2229 1741 2274 die
1758 2232 1857 2288 post

309 2308 494 2352 auditam
524 2321 691 2352 causam
724 2307 935 2351 electionis
965 2307 1156 2351 vestrae'
1175 2308 1313 2351 vocati
1342 2320 1497 2351 sumus.
1542 2306 1600 2350 Et
1625 2310 1722 2364 post
1745 2306 1856 2352 mul-

308 2389 396 2429 tam
434 2385 834 2430 commendationem
876 2399 1080 2442 personae
1116 2387 1300 2440 vestrae,
1346 2383 1576 2442 sapientiae
1613 2397 1776 2441 quoque
1812 2387 1856 2430 et

308 2463 538 2519 facundiae,
570 2463 615 2507 in
643 2462 856 2520 presentia
885 2462 1175 2520 episcoporum
1206 2466 1248 2506 et
1277 2462 1461 2506 omnium
1490 2461 1764 2506 cardinalium
1781 2461 1855 2507 ad-

309 2540 532 2585 iudicavit⁶
565 2543 608 2584 et
637 2539 852 2595 concessit,
882 2543 1019 2583 ratam
1049 2553 1140 2584 esse
1171 2539 1413 2584 electionem
1441 2538 1487 2583 in
1515 2551 1590 2582 vos
1613 2538 1782 2595 factam,
1811 2541 1855 2584 et

310 2618 388 2662 hoc
416 2618 550 2674 magis
582 2631 634 2661 ex
665 2618 988 2675 dispensatione,
1020 2618 1237 2676 sicutipse
1256 2616 1499 2671 testabatur,
1529 2614 1741 2660 Romanae
1761 2629 1854 2661 aec-

311 2696 461 2740 clesiae
498 2708 623 2751 quam
662 2694 802 2752 aliqua
842 2696 1101 2740 auctoritate.
1155 2695 1212 2740 Et
1249 2693 1435 2752 precepit
1471 2692 1604 2750 priori
1642 2696 1684 2737 et
1718 2693 1852 2750 nobis,

312 2774 383 2829 qui
419 2776 633 2830 presentes
671 2773 908 2829 aderamus,
947 2776 990 2816 et
1019 2787 1094 2830 per
1123 2785 1197 2816 nos
1229 2770 1439 2826 omnibus,
1479 2770 1550 2826 qui
1580 2774 1772 2828 spectant
1799 2770 1854 2816 ad

312 2849 604 2894 Corbeiensem
636 2849 891 2907 aecclesiam,
922 2853 970 2894 ut
999 2850 1050 2894 de
1080 2852 1216 2894 cetero
1245 2847 1363 2892 vobis
1393 2846 1630 2892 obedientes
1653 2861 1851 2904 essemus,

405 2954 432 2975 a.
458 2935 512 2983 11ιᾶ
532 2956 556 2975 c.
641 2944 671 2975 b.
698 2943 757 2987 11ῑο
778 2956 805 2976 c,
887 2953 913 2976 0.
940 2944 1068 2975 domnus
1087 2951 1167 2983 papa
1185 2942 1334 2975 addim
1351 2941 1477 2974 videtur.
