1924 3288
497 220 695 251 wmALm
725 218 973 250 nms'ronffl
1002 217 1188 248 235—237.
1543 203 1630 247 355

66 316 185 361 oneri
208 315 441 361 accessisti⁸¹
463 315 654 359 vicinius.
703 314 894 358 Misimus
923 314 1001 357 tibi
1034 312 1206 356 anulum
1236 311 1554 366 subarrationis,
1585 313 1633 353 ut
1657 313 1751 350 1150

66 393 227 438 nullum
256 397 398 451 preter
429 393 643 437 Christum
675 396 907 437 amatorem
938 392 1149 436 admittas.

70 536 187 584 236.
217 538 432 582 conradus
470 537 554 581 III
585 553 661 580 rex
691 537 883 594 Enyenio
923 536 1006 579 III
1030 552 1177 594 papae
1213 535 1385 578 Petrum
1425 534 1635 592 quondam

215 610 569 668 archiepiscopum
602 611 867 667 Capuanum,
910 610 982 667 qui
1017 610 1154 666 ipsum
1193 608 1251 650 ad
1285 608 1503 650 sanitatem
1533 621 1634 663 per-

216 684 391 737 duxerit,
425 683 692 726 co‘tmnendat.
1421 676 1493 732 (M.
1518 675 1635 729 221.)

185 766 470 811 Dilectissimo
499 765 545 808 in
567 764 733 808 Christo
754 764 867 821 patri
889 777 963 807 suo
986 762 1211 819 E(ugenio)
1235 764 1404 805 sanctae
1424 760 1637 804 Romanae
1664 763 1758 799 1150

69 844 294 890 aecclesiae
340 857 503 888 summo
541 841 730 900 pontifici
769 841 1020 896 C(onradus)
1059 841 1141 885 Dei
1177 840 1316 896 gratia
1353 839 1639 882 Romanorum

68 937 145 968 rex
183 926 226 967 et
265 936 431 980 semper
468 924 668 977 augustus
700 919 871 966 filialem
908 934 986 978 per
1024 920 1165 963 omnia
1196 918 1464 963 dilectionem
1496 919 1538 961 et
1568 916 1640 960 de-

69 1001 203 1046 bitam
232 1001 278 1044 in
307 1000 489 1045 Domino
520 999 815 1043 reverentiam.

188 1078 279 1123 Deo
308 1078 498 1136 propicio
528 1092 596 1122 res
626 1081 793 1122 nostras
824 1076 1070 1121 moderante
1102 1078 1144 1119 et
1173 1088 1251 1132 per
1282 1074 1459 1118 adversa
1482 1077 1524 1118 et
1542 1087 1640 1132 pro-

71 1171 195 1216 spera
222 1157 336 1201 vitae
365 1157 533 1200 nostrae
564 1170 734 1200 cursum
765 1156 1049 1213 dispensante,
1080 1156 1178 1211 post
1199 1152 1382 1196 reditum
1402 1156 1595 1196 nostrum
1617 1166 1641 1195 a

71 1235 442 1280 Hierosolimitana
467 1235 732 1293 expeditione
753 1234 873 1290 gravi
896 1236 938 1277 et
952 1233 1078 1288 longa
1090 1230 1336 1275 infirmitate
1353 1231 1638 1274 decubuimus.

73 1313 148 1358 Set
177 1314 323 1358 eadem
354 1313 494 1357 divine
525 1314 724 1358 bonitatis
747 1313 897 1368 gratia,
928 1314 1097 1354 nostrae
1119 1309 1246 1354 saluti
1276 1308 1511 1364 consulens,
1542 1322 1640 1366 pro-

71 1392 234 1436 viderat
253 1391 373 1436 nobis
388 1391 562 1435 Petrum
578 1391 777 1450 Capuane
794 1390 1019 1434 aecclesiae
1036 1388 1247 1446 quondam
1263 1387 1640 1444 archiepiscopum,

73 1471 211 1515 virum
247 1470 292 1514 in
331 1474 421 1514 arte
452 1470 685 1514 medicinae
718 1470 875 1526 absque
913 1468 1000 1511 ulla
1030 1467 1290 1511 dubitatione
1320 1465 1639 1523 peritissimum.

71 1548 228 1592 Divina
258 1548 400 1605 itaque
439 1549 560 1592 nobis
600 1548 833 1605 opitulante
869 1545 1159 1590 misericordia
1191 1548 1233 1588 et
1263 1547 1515 1601 cooperante
1545 1557 1643 1601 pre-

74 1627 177 1671 dicti
205 1627 287 1671 viri
318 1627 456 1670 studio
489 1640 537 1670 ac
568 1626 800 1682 diligentia,
832 1625 1042 1680 integram
1073 1623 1321 1680 sospitatem
1353 1636 1429 1665 nos
1454 1622 1642 1679 recipere

74 1705 302 1761 gaudemus
335 1708 459 1761 atque
490 1705 545 1748 ad
573 1718 641 1748 res
671 1704 840 1761 imperii
870 1702 1088 1758 gerendam,
1121 1715 1224 1758 quas
1253 1700 1558 1743 interveniente
1578 1700 1643 1742 in-

75 1782 318 1827 valitudinis
350 1782 562 1826 obstaculo
593 1782 974 1835 intermiseramus,
1011 1793 1088 1822 nos
1126 1782 1216 1822 tota
1248 1778 1378 1821 animi
1408 1778 1643 1821 intentione

76 1861 235 1905 viribus
287 1860 514 1917 resumptis
560 1860 827 1915 accingimus.
904 1857 1208 1901 Paternitatem
1253 1856 1397 1912 itaque
1443 1859 1642 1911 vestram,

77 1952 204 1996 quam
234 1952 335 1982 vera
373 1938 547 1981 caritate
587 1937 798 1992 diligimus
839 1939 881 1979 et
920 1936 970 1978 de
1009 1948 1091 1991 qua
1120 1934 1351 1991 plurimum
1382 1933 1643 1989 confidimus,

78 2019 235 2061 attente
264 2016 472 2059 monendo
503 2029 713 2071 rogamus,
744 2018 792 2058 ut
822 2013 1113 2071 prenominato
1145 2012 1328 2056 curatori
1356 2014 1498 2055 nostro
1532 2011 1644 2068 apud

77 2098 263 2139 vestram
293 2094 584 2138 celsitudinem
614 2097 703 2136 tam
722 2093 767 2136 in
787 2092 945 2135 honore
968 2104 1093 2148 quam
1113 2090 1158 2133 in
1179 2089 1362 2133 utilitate
1385 2089 1645 2146 assequenda

79 2172 230 2228 valeat,
253 2173 363 2229 quod
386 2186 437 2215 ex
459 2175 549 2215 arte
571 2185 647 2214 sua
666 2171 787 2215 nobis
809 2170 988 2228 profuit3
1023 2172 1064 2212 et
1085 2168 1330 2212 aecclesiam
1353 2181 1485 2221 suam,
1518 2179 1644 2222 quam

80 2251 119 2294 ci
149 2250 294 2294 beatae
314 2250 540 2293 memoriae
560 2263 673 2306 papa
692 2249 957 2292 Innocentius
985 2248 1031 2290 in
1050 2247 1154 2290 urbe
1175 2246 1308 2289 Roma
1327 2245 1516 2300 tradidit,
1549 2257 1645 2287 cum

81 2328 273 2372 omnibus
290 2328 383 2371 aliis
399 2328 523 2371 rebus
541 2327 626 2370 suis
643 2328 781 2383 quiete
799 2330 841 2370 et
853 2324 1049 2369 honesteb
1060 2325 1293 2382 possideat;
1312 2337 1389 2367 nec
1406 2324 1443 2366 ei
1461 2323 1645 2379 aliquam

80 2406 316 2450 molestiam
347 2406 392 2449 in
422 2406 613 2449 omnibus
644 2405 769 2448 rebus
801 2404 881 2448 sibi
901 2403 1208 2461 pertinentibus
1229 2402 1378 2446 inferri
1408 2400 1643 2458 patiamini.

84 2547 200 2595 237.
231 2552 444 2594 Conradus
471 2550 545 2593 HI
571 2566 646 2592 rex
678 2548 902 2592 Emanueli
934 2548 1188 2591 Graecorum
1224 2546 1466 2604 imperatori
1494 2545 1645 2597 scribit,

229 2639 271 2665 Se
318 2624 366 2665 ob
412 2623 684 2665 valetudinem
725 2621 928 2677 promisso
974 2619 1157 2678 nondum
1196 2617 1450 2676 satisfecisse.
1522 2616 1649 2658 Mittit

229 2696 435 2748 nuncium,
470 2696 520 2736 de
548 2693 734 2736 Heinrici
764 2693 871 2749 reyis
900 2692 1070 2734 victoria
1101 2691 1339 2733 relaturum.
1388 2689 1504 2730 Alios
1534 2688 1645 2743 ἱερα-

231 2774 291 2809 tos
314 2774 411 2823 post
441 2766 603 2824 diem]
629 2765 737 2807 Maii
765 2765 932 2806 missum
961 2764 1028 2805 iri.
1431 2757 1502 2811 (M.
1531 2757 1645 2810 187.)

203 2855 453 2909 C(0nradus)
484 2854 564 2898 Dei
602 2853 738 2909 gratia
767 2852 1050 2895 Romanorum
1079 2851 1308 2908 imperator
1341 2851 1540 2903 augustus
1570 2846 1645 2889 ka·
1671 2854 1762 2888 1150

83 2933 250 2978 rissimo
280 2933 403 2976 fratri
434 2936 476 2976 et
504 2932 626 2976 unico
660 2931 794 2974 amico
826 2943 900 2973 suo
923 2929 1178 2984 E(manueli)
1211 2929 1356 2973 eadem
1387 2926 1524 2981 gratia
1544 2923 1647 2968 Gre-
1676 2903 1762 2933 Febr·

181 3033 207 3054 a.
237 3022 377 3053 accesisti
398 3034 423 3052 c.
507 3021 536 3052 b.
558 3021 686 3052 honeste
709 3033 734 3050 c.

1285 3073 1363 3110 23*
