<?xml version="1.0" encoding="UTF-8"?>
<!DOCTYPE html PUBLIC "-//W3C//DTD XHTML 1.0 Transitional//EN"
    "http://www.w3.org/TR/xhtml1/DTD/xhtml1-transitional.dtd">
<html xmlns="http://www.w3.org/1999/xhtml" xml:lang="en" lang="en">
 <head>
  <title>
</title>
<meta http-equiv="Content-Type" content="text/html;charset=utf-8" />
  <meta name='ocr-system' content='tesseract 3.04.00' />
  <meta name='ocr-capabilities' content='ocr_page ocr_carea ocr_par ocr_line ocrx_word'/>
</head>
<body>
  <div class='ocr_page' id='page_1' title='image "bibliothecarerum01wattuoft_0221.png"; bbox 0 0 1924 3288; ppageno 0'>
   <div class='ocr_carea' id='block_1_1' title="bbox 615 219 1677 270">
    <p class='ocr_par' dir='ltr' id='par_1_1' title="bbox 615 219 1677 270">
     <span class='ocr_line' id='line_1_1' title="bbox 615 219 1677 270; baseline -0.008 0"><span class='ocrx_word' id='word_1_1' title='bbox 615 239 813 270; x_wconf 78' lang='lat' dir='ltr'>wmALm</span> <span class='ocrx_word' id='word_1_2' title='bbox 841 237 1062 268; x_wconf 71' lang='lat' dir='ltr'>nms‘ronA</span> <span class='ocrx_word' id='word_1_3' title='bbox 1092 235 1162 266; x_wconf 82' lang='lat'><strong>126.</strong></span> <span class='ocrx_word' id='word_1_4' title='bbox 1590 219 1677 263; x_wconf 83' lang='lat'>203</span> 
     </span>
    </p>
   </div>
   <div class='ocr_carea' id='block_1_2' title="bbox 110 327 1804 2970">
    <p class='ocr_par' dir='ltr' id='par_1_2' title="bbox 110 327 1804 2970">
     <span class='ocr_line' id='line_1_2' title="bbox 110 327 1804 410; baseline -0.006 -29"><span class='ocrx_word' id='word_1_5' title='bbox 110 337 266 382; x_wconf 81' lang='lat' dir='ltr'>tissimi</span> <span class='ocrx_word' id='word_1_6' title='bbox 298 336 440 380; x_wconf 88' lang='lat' dir='ltr'>omnia</span> <span class='ocrx_word' id='word_1_7' title='bbox 469 335 598 394; x_wconf 90' lang='lat' dir='ltr'>primi</span> <span class='ocrx_word' id='word_1_8' title='bbox 628 334 953 392; x_wconf 89' lang='lat' dir='ltr'>reprehendunt,</span> <span class='ocrx_word' id='word_1_9' title='bbox 985 346 1038 376; x_wconf 92' lang='lat' dir='ltr'>ne</span> <span class='ocrx_word' id='word_1_10' title='bbox 1063 332 1147 390; x_wconf 89' lang='lat' dir='ltr'>ipsi</span> <span class='ocrx_word' id='word_1_11' title='bbox 1167 327 1516 389; x_wconf 80' lang='lat' dir='ltr'>reprehensibiles</span> <span class='ocrx_word' id='word_1_12' title='bbox 1535 340 1678 385; x_wconf 87' lang='lat' dir='ltr'>repre-</span> <span class='ocrx_word' id='word_1_13' title='bbox 1702 328 1804 410; x_wconf 41' lang='grc' dir='ltr'>ἐξὲξ</span> 
     </span>
     <span class='ocr_line' id='line_1_3' title="bbox 110 402 1767 470; baseline -0.007 -10"><span class='ocrx_word' id='word_1_14' title='bbox 110 415 361 461; x_wconf 87' lang='lat' dir='ltr'>hendantur.</span> <span class='ocrx_word' id='word_1_15' title='bbox 482 414 711 470; x_wconf 89' lang='lat' dir='ltr'>Postquam</span> <span class='ocrx_word' id='word_1_16' title='bbox 750 413 796 455; x_wconf 92' lang='lat' dir='ltr'>in</span> <span class='ocrx_word' id='word_1_17' title='bbox 826 412 1087 456; x_wconf 90' lang='lat' dir='ltr'>admonendo</span> <span class='ocrx_word' id='word_1_18' title='bbox 1118 411 1288 466; x_wconf 86' lang='lat' dir='ltr'>longam</span> <span class='ocrx_word' id='word_1_19' title='bbox 1316 409 1476 452; x_wconf 86' lang='lat' dir='ltr'>frustra</span> <span class='ocrx_word' id='word_1_20' title='bbox 1506 419 1679 464; x_wconf 85' lang='lat' dir='ltr'>operam</span> <span class='ocrx_word' id='word_1_21' title='bbox 1761 402 1767 409; x_wconf 86' lang='grc'><strong>”</strong></span> 
     </span>
     <span class='ocr_line' id='line_1_4' title="bbox 111 485 1680 552; baseline -0.006 -14"><span class='ocrx_word' id='word_1_22' title='bbox 111 507 519 552; x_wconf 80' lang='lat' dir='ltr'>consumpseramus,</span> <span class='ocrx_word' id='word_1_23' title='bbox 550 492 734 547; x_wconf 87' lang='lat' dir='ltr'>tandem,</span> <span class='ocrx_word' id='word_1_24' title='bbox 765 505 818 534; x_wconf 91' lang='lat' dir='ltr'>ne</span> <span class='ocrx_word' id='word_1_25' title='bbox 850 491 1076 534; x_wconf 87' lang='lat' dir='ltr'>auctoritas</span> <span class='ocrx_word' id='word_1_26' title='bbox 1108 488 1283 548; x_wconf 86' lang='lat' dir='ltr'>capituli</span> <span class='ocrx_word' id='word_1_27' title='bbox 1304 487 1485 531; x_wconf 90' lang='lat' dir='ltr'>ludibrio</span> <span class='ocrx_word' id='word_1_28' title='bbox 1506 485 1680 530; x_wconf 88' lang='lat' dir='ltr'>habere-</span> 
     </span>
     <span class='ocr_line' id='line_1_5' title="bbox 110 567 1680 629; baseline -0.006 -12"><span class='ocrx_word' id='word_1_29' title='bbox 110 575 200 617; x_wconf 88' lang='lat' dir='ltr'>tur:</span> <span class='ocrx_word' id='word_1_30' title='bbox 246 573 356 627; x_wconf 82' lang='lat' dir='ltr'>Quia</span> <span class='ocrx_word' id='word_1_31' title='bbox 386 572 560 629; x_wconf 89' lang='lat' dir='ltr'>inquam</span> <span class='ocrx_word' id='word_1_32' title='bbox 590 572 836 614; x_wconf 79' lang='lat' dir='ltr'>medicinam</span> <span class='ocrx_word' id='word_1_33' title='bbox 866 586 950 613; x_wconf 88' lang='lat' dir='ltr'>non</span> <span class='ocrx_word' id='word_1_34' title='bbox 979 570 1181 627; x_wconf 75' lang='lat' dir='ltr'>recipitis,</span> <span class='ocrx_word' id='word_1_35' title='bbox 1213 576 1273 611; x_wconf 88' lang='lat' dir='ltr'>set</span> <span class='ocrx_word' id='word_1_36' title='bbox 1295 569 1436 626; x_wconf 87' lang='lat' dir='ltr'>potius</span> <span class='ocrx_word' id='word_1_37' title='bbox 1464 567 1509 608; x_wconf 92' lang='lat' dir='ltr'>in</span> <span class='ocrx_word' id='word_1_38' title='bbox 1540 580 1680 608; x_wconf 88' lang='lat' dir='ltr'>amen-</span> 
     </span>
     <span class='ocr_line' id='line_1_6' title="bbox 112 644 1680 702; baseline -0.006 -7"><span class='ocrx_word' id='word_1_39' title='bbox 112 653 212 695; x_wconf 83' lang='lat' dir='ltr'>tiam</span> <span class='ocrx_word' id='word_1_40' title='bbox 249 652 432 694; x_wconf 86' lang='lat' dir='ltr'>conversi</span> <span class='ocrx_word' id='word_1_41' title='bbox 467 652 511 692; x_wconf 85' lang='lat' dir='ltr'>in</span> <span class='ocrx_word' id='word_1_42' title='bbox 547 650 749 692; x_wconf 87' lang='lat' dir='ltr'>medicum</span> <span class='ocrx_word' id='word_1_43' title='bbox 785 649 991 702; x_wconf 84' lang='lat' dir='ltr'>insanitis,</span> <span class='ocrx_word' id='word_1_44' title='bbox 1030 649 1114 690; x_wconf 86' lang='lat' dir='ltr'>iam</span> <span class='ocrx_word' id='word_1_45' title='bbox 1146 647 1343 690; x_wconf 80' lang='lat' dir='ltr'>incumbit</span> <span class='ocrx_word' id='word_1_46' title='bbox 1371 646 1512 688; x_wconf 85' lang='lat' dir='ltr'>vestris</span> <span class='ocrx_word' id='word_1_47' title='bbox 1543 644 1680 701; x_wconf 74' lang='lat' dir='ltr'>ceptiS,</span> 
     </span>
     <span class='ocr_line' id='line_1_7' title="bbox 111 724 1684 788; baseline -0.006 -15"><span class='ocrx_word' id='word_1_48' title='bbox 111 738 159 772; x_wconf 88' lang='lat' dir='ltr'>ut</span> <span class='ocrx_word' id='word_1_49' title='bbox 177 729 340 788; x_wconf 87' lang='lat' dir='ltr'>fratres</span> <span class='ocrx_word' id='word_1_50' title='bbox 368 736 521 771; x_wconf 86' lang='lat' dir='ltr'>vestros</span> <span class='ocrx_word' id='word_1_51' title='bbox 553 728 689 770; x_wconf 89' lang='lat' dir='ltr'>aliena</span> <span class='ocrx_word' id='word_1_52' title='bbox 721 727 1003 769; x_wconf 77' lang='lat' dir='ltr'>communione</span> <span class='ocrx_word' id='word_1_53' title='bbox 1029 726 1210 783; x_wconf 87' lang='lat' dir='ltr'>pollutos</span> <span class='ocrx_word' id='word_1_54' title='bbox 1241 724 1510 782; x_wconf 88' lang='lat' dir='ltr'>comprobetis</span> <span class='ocrx_word' id='word_1_55' title='bbox 1536 747 1583 752; x_wconf 96' lang='lat'><strong>—</strong></span> <span class='ocrx_word' id='word_1_56' title='bbox 1609 737 1684 765; x_wconf 89' lang='lat' dir='ltr'>nos</span> 
     </span>
     <span class='ocr_line' id='line_1_8' title="bbox 114 802 1685 863; baseline -0.005 -12"><span class='ocrx_word' id='word_1_57' title='bbox 114 810 221 851; x_wconf 87' lang='lat' dir='ltr'>enim</span> <span class='ocrx_word' id='word_1_58' title='bbox 250 808 481 850; x_wconf 85' lang='lat' dir='ltr'>innocentes</span> <span class='ocrx_word' id='word_1_59' title='bbox 513 807 663 848; x_wconf 89' lang='lat' dir='ltr'>erimus</span> <span class='ocrx_word' id='word_1_60' title='bbox 685 821 770 863; x_wconf 87' lang='lat' dir='ltr'>pro</span> <span class='ocrx_word' id='word_1_61' title='bbox 803 820 862 859; x_wconf 86' lang='lat' dir='ltr'>eo,</span> <span class='ocrx_word' id='word_1_62' title='bbox 896 804 1010 863; x_wconf 78' lang='lat' dir='ltr'>quod</span> <span class='ocrx_word' id='word_1_63' title='bbox 1036 804 1185 846; x_wconf 83' lang='lat' dir='ltr'>vicium</span> <span class='ocrx_word' id='word_1_64' title='bbox 1211 803 1351 845; x_wconf 79' lang='lat' dir='ltr'>hocin</span> <span class='ocrx_word' id='word_1_65' title='bbox 1372 802 1685 859; x_wconf 73' lang='lat' dir='ltr'>eonyreyatione</span> 
     </span>
     <span class='ocr_line' id='line_1_9' title="bbox 111 880 1686 942; baseline -0.005 -13"><span class='ocrx_word' id='word_1_66' title='bbox 111 887 191 930; x_wconf 85' lang='lat' dir='ltr'>ista</span> <span class='ocrx_word' id='word_1_67' title='bbox 227 901 336 928; x_wconf 88' lang='lat' dir='ltr'>nunc</span> <span class='ocrx_word' id='word_1_68' title='bbox 359 885 546 942; x_wconf 86' lang='lat' dir='ltr'>primum</span> <span class='ocrx_word' id='word_1_69' title='bbox 577 884 838 941; x_wconf 74' lang='lat' dir='ltr'>coynovimus</span> <span class='ocrx_word' id='word_1_70' title='bbox 874 907 920 911; x_wconf 87' lang='lat'>—</span> <span class='ocrx_word' id='word_1_71' title='bbox 957 889 1030 924; x_wconf 88' lang='lat' dir='ltr'>aut</span> <span class='ocrx_word' id='word_1_72' title='bbox 1057 897 1140 923; x_wconf 88' lang='lat' dir='ltr'>non</span> <span class='ocrx_word' id='word_1_73' title='bbox 1170 882 1302 924; x_wconf 87' lang='lat' dir='ltr'>solum</span> <span class='ocrx_word' id='word_1_74' title='bbox 1331 880 1606 923; x_wconf 78' lang='lat' dir='ltr'>inobedientes</span> <span class='ocrx_word' id='word_1_75' title='bbox 1636 894 1686 922; x_wconf 90' lang='lat' dir='ltr'>ac</span> 
     </span>
     <span class='ocr_line' id='line_1_10' title="bbox 112 959 1688 1022; baseline -0.005 -15"><span class='ocrx_word' id='word_1_76' title='bbox 112 964 280 1007; x_wconf 76' lang='lat' dir='ltr'>rebelles</span> <span class='ocrx_word' id='word_1_77' title='bbox 315 964 416 1022; x_wconf 82' lang='lat' dir='ltr'>quin</span> <span class='ocrx_word' id='word_1_78' title='bbox 454 964 576 1005; x_wconf 89' lang='lat' dir='ltr'>etiam</span> <span class='ocrx_word' id='word_1_79' title='bbox 599 960 780 1019; x_wconf 85' lang='lat' dir='ltr'>profani</span> <span class='ocrx_word' id='word_1_80' title='bbox 810 968 848 1003; x_wconf 86' lang='lat' dir='ltr'>et</span> <span class='ocrx_word' id='word_1_81' title='bbox 876 961 1066 1017; x_wconf 74' lang='lat' dir='ltr'>sacrileyi</span> <span class='ocrx_word' id='word_1_82' title='bbox 1096 959 1349 1017; x_wconf 79' lang='lat' dir='ltr'>apparebitis</span> <span class='ocrx_word' id='word_1_83' title='bbox 1387 959 1432 1000; x_wconf 87' lang='lat' dir='ltr'>in</span> <span class='ocrx_word' id='word_1_84' title='bbox 1470 973 1537 1012; x_wconf 89' lang='lat' dir='ltr'>e0,</span> <span class='ocrx_word' id='word_1_85' title='bbox 1575 959 1688 1016; x_wconf 84' lang='lat' dir='ltr'>quod</span> 
     </span>
     <span class='ocr_line' id='line_1_11' title="bbox 113 1037 1684 1099; baseline -0.004 -15"><span class='ocrx_word' id='word_1_86' title='bbox 113 1049 294 1084; x_wconf 86' lang='lat' dir='ltr'>mortuos</span> <span class='ocrx_word' id='word_1_87' title='bbox 328 1042 470 1099; x_wconf 83' lang='lat' dir='ltr'>iniquo</span> <span class='ocrx_word' id='word_1_88' title='bbox 502 1041 596 1082; x_wconf 87' lang='lat' dir='ltr'>odio</span> <span class='ocrx_word' id='word_1_89' title='bbox 621 1039 939 1097; x_wconf 77' lang='lat' dir='ltr'>persequimini,</span> <span class='ocrx_word' id='word_1_90' title='bbox 978 1053 1070 1080; x_wconf 84' lang='lat' dir='ltr'>cum</span> <span class='ocrx_word' id='word_1_91' title='bbox 1104 1037 1300 1081; x_wconf 85' lang='lat' dir='ltr'>Salemon</span> <span class='ocrx_word' id='word_1_92' title='bbox 1331 1037 1486 1091; x_wconf 88' lang='lat' dir='ltr'>doceat,</span> <span class='ocrx_word' id='word_1_93' title='bbox 1518 1052 1569 1078; x_wconf 89' lang='lat' dir='ltr'>ne</span> <span class='ocrx_word' id='word_1_94' title='bbox 1599 1037 1684 1078; x_wconf 90' lang='lat' dir='ltr'>lae-</span> 
     </span>
     <span class='ocr_line' id='line_1_12' title="bbox 115 1110 1684 1177; baseline -0.005 -14"><span class='ocrx_word' id='word_1_95' title='bbox 115 1120 287 1163; x_wconf 83' lang='lat' dir='ltr'>tandum</span> <span class='ocrx_word' id='word_1_96' title='bbox 311 1119 477 1177; x_wconf 81' lang='lat' dir='ltr'>quidem</span> <span class='ocrx_word' id='word_1_97' title='bbox 500 1120 544 1161; x_wconf 87' lang='lat' dir='ltr'>in</span> <span class='ocrx_word' id='word_1_98' title='bbox 559 1125 689 1160; x_wconf 87' lang='lat' dir='ltr'>morte</span> <span class='ocrx_word' id='word_1_99' title='bbox 710 1112 1004 1159; x_wconf 85' lang='lat' dir='ltr'>inimicorum¹.</span> <span class='ocrx_word' id='word_1_100' title='bbox 1046 1116 1160 1169; x_wconf 78' lang='lat' dir='ltr'>Quid</span> <span class='ocrx_word' id='word_1_101' title='bbox 1177 1116 1304 1172; x_wconf 70' lang='lat' dir='ltr'>iyitur</span> <span class='ocrx_word' id='word_1_102' title='bbox 1320 1115 1520 1157; x_wconf 86' lang='lat' dir='ltr'>commisit</span> <span class='ocrx_word' id='word_1_103' title='bbox 1535 1110 1604 1170; x_wconf 89' lang='lat' dir='ltr'>H(</span> <span class='ocrx_word' id='word_1_104' title='bbox 1599 1115 1684 1157; x_wconf 89' lang='lat' dir='ltr'>ein-</span> 
     </span>
     <span class='ocr_line' id='line_1_13' title="bbox 115 1193 1688 1254; baseline -0.004 -13"><span class='ocrx_word' id='word_1_105' title='bbox 115 1193 242 1254; x_wconf 85' lang='lat' dir='ltr'>ricus)</span> <span class='ocrx_word' id='word_1_106' title='bbox 283 1198 428 1251; x_wconf 88' lang='lat' dir='ltr'>abbas,</span> <span class='ocrx_word' id='word_1_107' title='bbox 478 1204 550 1239; x_wconf 88' lang='lat' dir='ltr'>aut</span> <span class='ocrx_word' id='word_1_108' title='bbox 578 1197 622 1238; x_wconf 89' lang='lat' dir='ltr'>in</span> <span class='ocrx_word' id='word_1_109' title='bbox 656 1211 735 1254; x_wconf 84' lang='lat' dir='ltr'>quo</span> <span class='ocrx_word' id='word_1_110' title='bbox 769 1194 1015 1237; x_wconf 78' lang='lat' dir='ltr'>christianae</span> <span class='ocrx_word' id='word_1_111' title='bbox 1046 1193 1322 1252; x_wconf 86' lang='lat' dir='ltr'>professionis</span> <span class='ocrx_word' id='word_1_112' title='bbox 1355 1194 1619 1250; x_wconf 85' lang='lat' dir='ltr'>propositum</span> <span class='ocrx_word' id='word_1_113' title='bbox 1650 1201 1688 1236; x_wconf 90' lang='lat' dir='ltr'>et</span> 
     </span>
     <span class='ocr_line' id='line_1_14' title="bbox 117 1272 1687 1326; baseline -0.003 -8"><span class='ocrx_word' id='word_1_114' title='bbox 117 1276 340 1319; x_wconf 83' lang='lat' dir='ltr'>canonicae</span> <span class='ocrx_word' id='word_1_115' title='bbox 384 1275 647 1317; x_wconf 88' lang='lat' dir='ltr'>institutionis</span> <span class='ocrx_word' id='word_1_116' title='bbox 691 1274 895 1316; x_wconf 87' lang='lat' dir='ltr'>tramitem</span> <span class='ocrx_word' id='word_1_117' title='bbox 940 1273 1126 1326; x_wconf 73' lang='lat' dir='ltr'>excessit,</span> <span class='ocrx_word' id='word_1_118' title='bbox 1173 1278 1219 1313; x_wconf 89' lang='lat' dir='ltr'>ut</span> <span class='ocrx_word' id='word_1_119' title='bbox 1257 1272 1687 1314; x_wconf 75' lang='lat' dir='ltr'>excommunicationis</span> 
     </span>
     <span class='ocr_line' id='line_1_15' title="bbox 117 1348 1687 1412; baseline -0.004 -15"><span class='ocrx_word' id='word_1_120' title='bbox 117 1354 310 1412; x_wconf 83' lang='lat' dir='ltr'>laqueum</span> <span class='ocrx_word' id='word_1_121' title='bbox 340 1351 562 1395; x_wconf 73' lang='lat' dir='ltr'>incideret?</span> <span class='ocrx_word' id='word_1_122' title='bbox 613 1351 683 1395; x_wconf 90' lang='lat' dir='ltr'>Ad</span> <span class='ocrx_word' id='word_1_123' title='bbox 712 1351 815 1394; x_wconf 87' lang='lat' dir='ltr'>haec</span> <span class='ocrx_word' id='word_1_124' title='bbox 844 1350 909 1393; x_wconf 93' lang='lat' dir='ltr'>illi</span> <span class='ocrx_word' id='word_1_125' title='bbox 939 1349 1222 1393; x_wconf 78' lang='lat' dir='ltr'>testabantur:</span> <span class='ocrx_word' id='word_1_126' title='bbox 1257 1348 1381 1405; x_wconf 89' lang='lat' dir='ltr'>quod,</span> <span class='ocrx_word' id='word_1_127' title='bbox 1413 1361 1509 1391; x_wconf 91' lang='lat' dir='ltr'>cum</span> <span class='ocrx_word' id='word_1_128' title='bbox 1539 1348 1687 1392; x_wconf 86' lang='lat' dir='ltr'>beatae</span> 
     </span>
     <span class='ocr_line' id='line_1_16' title="bbox 117 1426 1687 1485; baseline -0.004 -10"><span class='ocrx_word' id='word_1_129' title='bbox 117 1431 345 1475; x_wconf 89' lang='lat' dir='ltr'>memoriae</span> <span class='ocrx_word' id='word_1_130' title='bbox 376 1430 553 1473; x_wconf 88' lang='lat' dir='ltr'>domnus</span> <span class='ocrx_word' id='word_1_131' title='bbox 585 1429 811 1473; x_wconf 87' lang='lat' dir='ltr'>cardinalis</span> <span class='ocrx_word' id='word_1_132' title='bbox 843 1429 1045 1484; x_wconf 80' lang='lat' dir='ltr'>Thomas,</span> <span class='ocrx_word' id='word_1_133' title='bbox 1083 1426 1338 1485; x_wconf 89' lang='lat' dir='ltr'>apostolicae</span> <span class='ocrx_word' id='word_1_134' title='bbox 1369 1427 1480 1470; x_wconf 87' lang='lat' dir='ltr'>sedis</span> <span class='ocrx_word' id='word_1_135' title='bbox 1510 1426 1687 1483; x_wconf 84' lang='lat' dir='ltr'>legatus,</span> 
     </span>
     <span class='ocr_line' id='line_1_17' title="bbox 118 1504 1690 1563; baseline -0.003 -10"><span class='ocrx_word' id='word_1_136' title='bbox 118 1509 371 1554; x_wconf 85' lang='lat' dir='ltr'>instituisset</span> <span class='ocrx_word' id='word_1_137' title='bbox 400 1508 586 1552; x_wconf 87' lang='lat' dir='ltr'>iudicare</span> <span class='ocrx_word' id='word_1_138' title='bbox 618 1508 669 1551; x_wconf 91' lang='lat' dir='ltr'>de</span> <span class='ocrx_word' id='word_1_139' title='bbox 693 1507 765 1550; x_wconf 90' lang='lat' dir='ltr'>illo</span> <span class='ocrx_word' id='word_1_140' title='bbox 786 1504 1023 1562; x_wconf 77' lang='lat' dir='ltr'>Heinrico²,</span> <span class='ocrx_word' id='word_1_141' title='bbox 1058 1506 1129 1563; x_wconf 89' lang='lat' dir='ltr'>qui</span> <span class='ocrx_word' id='word_1_142' title='bbox 1162 1505 1213 1549; x_wconf 87' lang='lat' dir='ltr'>ab</span> <span class='ocrx_word' id='word_1_143' title='bbox 1243 1505 1336 1562; x_wconf 91' lang='lat' dir='ltr'>ipso</span> <span class='ocrx_word' id='word_1_144' title='bbox 1368 1505 1582 1562; x_wconf 87' lang='lat' dir='ltr'>depositus</span> <span class='ocrx_word' id='word_1_145' title='bbox 1615 1506 1690 1549; x_wconf 90' lang='lat' dir='ltr'>ali-</span> 
     </span>
     <span class='ocr_line' id='line_1_18' title="bbox 120 1584 1690 1645; baseline -0.002 -14"><span class='ocrx_word' id='word_1_146' title='bbox 120 1587 285 1645; x_wconf 89' lang='lat' dir='ltr'>quando</span> <span class='ocrx_word' id='word_1_147' title='bbox 307 1586 550 1631; x_wconf 87' lang='lat' dir='ltr'>Corbeiensi</span> <span class='ocrx_word' id='word_1_148' title='bbox 579 1586 736 1643; x_wconf 86' lang='lat' dir='ltr'>prefuit</span> <span class='ocrx_word' id='word_1_149' title='bbox 765 1585 1036 1641; x_wconf 89' lang='lat' dir='ltr'>monasterio,</span> <span class='ocrx_word' id='word_1_150' title='bbox 1069 1598 1163 1628; x_wconf 93' lang='lat' dir='ltr'>cum</span> <span class='ocrx_word' id='word_1_151' title='bbox 1197 1584 1406 1627; x_wconf 79' lang='lat' dir='ltr'>accusatio</span> <span class='ocrx_word' id='word_1_152' title='bbox 1438 1588 1549 1628; x_wconf 89' lang='lat' dir='ltr'>esset</span> <span class='ocrx_word' id='word_1_153' title='bbox 1579 1585 1690 1628; x_wconf 89' lang='lat' dir='ltr'>ordi-</span> 
     </span>
     <span class='ocr_line' id='line_1_19' title="bbox 119 1662 1689 1722; baseline -0.002 -12"><span class='ocrx_word' id='word_1_154' title='bbox 119 1670 220 1711; x_wconf 85' lang='lat' dir='ltr'>nata</span> <span class='ocrx_word' id='word_1_155' title='bbox 258 1669 300 1709; x_wconf 90' lang='grc'>61</span> <span class='ocrx_word' id='word_1_156' title='bbox 336 1665 390 1708; x_wconf 91' lang='lat' dir='ltr'>lis</span> <span class='ocrx_word' id='word_1_157' title='bbox 431 1678 572 1708; x_wconf 92' lang='lat' dir='ltr'>coram</span> <span class='ocrx_word' id='word_1_158' title='bbox 610 1665 702 1722; x_wconf 92' lang='lat' dir='ltr'>ipso</span> <span class='ocrx_word' id='word_1_159' title='bbox 739 1667 993 1719; x_wconf 88' lang='lat' dir='ltr'>contestata,</span> <span class='ocrx_word' id='word_1_160' title='bbox 1034 1677 1129 1707; x_wconf 91' lang='lat' dir='ltr'>cum</span> <span class='ocrx_word' id='word_1_161' title='bbox 1160 1663 1253 1720; x_wconf 89' lang='lat' dir='ltr'>ipse</span> <span class='ocrx_word' id='word_1_162' title='bbox 1283 1662 1410 1706; x_wconf 84' lang='lat' dir='ltr'>iudex</span> <span class='ocrx_word' id='word_1_163' title='bbox 1440 1663 1689 1721; x_wconf 87' lang='lat' dir='ltr'>presideret,</span> 
     </span>
     <span class='ocr_line' id='line_1_20' title="bbox 121 1739 1690 1788; baseline -0.003 0"><span class='ocrx_word' id='word_1_164' title='bbox 121 1745 174 1788; x_wconf 91' lang='lat' dir='ltr'>ad</span> <span class='ocrx_word' id='word_1_165' title='bbox 218 1744 419 1788; x_wconf 88' lang='lat' dir='ltr'>tuendam</span> <span class='ocrx_word' id='word_1_166' title='bbox 456 1743 741 1786; x_wconf 82' lang='lat' dir='ltr'>innocentiam</span> <span class='ocrx_word' id='word_1_167' title='bbox 780 1756 900 1786; x_wconf 89' lang='lat' dir='ltr'>suam</span> <span class='ocrx_word' id='word_1_168' title='bbox 940 1742 1016 1786; x_wconf 92' lang='lat' dir='ltr'>sub</span> <span class='ocrx_word' id='word_1_169' title='bbox 1055 1739 1163 1785; x_wconf 87' lang='lat' dir='ltr'>stola</span> <span class='ocrx_word' id='word_1_170' title='bbox 1200 1755 1276 1785; x_wconf 91' lang='lat' dir='ltr'>sua</span> <span class='ocrx_word' id='word_1_171' title='bbox 1314 1755 1457 1784; x_wconf 90' lang='lat' dir='ltr'>coram</span> <span class='ocrx_word' id='word_1_172' title='bbox 1497 1741 1690 1785; x_wconf 91' lang='lat' dir='ltr'>omnibus</span> 
     </span>
     <span class='ocr_line' id='line_1_21' title="bbox 123 1819 1691 1878; baseline -0.001 -13"><span class='ocrx_word' id='word_1_173' title='bbox 123 1822 524 1877; x_wconf 78' lang='lat' dir='ltr'>excommunicavit,</span> <span class='ocrx_word' id='word_1_174' title='bbox 562 1835 616 1864; x_wconf 92' lang='lat' dir='ltr'>ne</span> <span class='ocrx_word' id='word_1_175' title='bbox 654 1821 747 1878; x_wconf 92' lang='lat' dir='ltr'>quis</span> <span class='ocrx_word' id='word_1_176' title='bbox 778 1835 856 1878; x_wconf 88' lang='lat' dir='ltr'>pro</span> <span class='ocrx_word' id='word_1_177' title='bbox 888 1821 1035 1864; x_wconf 89' lang='lat' dir='ltr'>eadem</span> <span class='ocrx_word' id='word_1_178' title='bbox 1066 1834 1193 1864; x_wconf 88' lang='lat' dir='ltr'>causa</span> <span class='ocrx_word' id='word_1_179' title='bbox 1221 1819 1445 1878; x_wconf 86' lang='lat' dir='ltr'>pecuniam</span> <span class='ocrx_word' id='word_1_180' title='bbox 1476 1819 1595 1863; x_wconf 88' lang='lat' dir='ltr'>daret</span> <span class='ocrx_word' id='word_1_181' title='bbox 1624 1820 1691 1864; x_wconf 86' lang='lat' dir='ltr'>vel</span> 
     </span>
     <span class='ocr_line' id='line_1_22' title="bbox 123 1895 1692 1958; baseline -0.002 -14"><span class='ocrx_word' id='word_1_182' title='bbox 123 1901 350 1958; x_wconf 89' lang='lat' dir='ltr'>acciperet;</span> <span class='ocrx_word' id='word_1_183' title='bbox 383 1903 569 1943; x_wconf 90' lang='lat' dir='ltr'>ceterum</span> <span class='ocrx_word' id='word_1_184' title='bbox 598 1899 711 1942; x_wconf 92' lang='lat' dir='ltr'>idem</span> <span class='ocrx_word' id='word_1_185' title='bbox 740 1895 999 1954; x_wconf 78' lang='lat' dir='ltr'>Heinricus⁸,</span> <span class='ocrx_word' id='word_1_186' title='bbox 1031 1899 1083 1942; x_wconf 89' lang='lat' dir='ltr'>de</span> <span class='ocrx_word' id='word_1_187' title='bbox 1115 1912 1195 1956; x_wconf 91' lang='lat' dir='ltr'>quo</span> <span class='ocrx_word' id='word_1_188' title='bbox 1228 1899 1386 1954; x_wconf 84' lang='lat' dir='ltr'>agitur,</span> <span class='ocrx_word' id='word_1_189' title='bbox 1423 1898 1692 1956; x_wconf 89' lang='lat' dir='ltr'>postmodum</span> 
     </span>
     <span class='ocr_line' id='line_1_23' title="bbox 122 1977 1691 2037; baseline -0.002 -15"><span class='ocrx_word' id='word_1_190' title='bbox 122 1978 289 2037; x_wconf 88' lang='lat' dir='ltr'>publice</span> <span class='ocrx_word' id='word_1_191' title='bbox 328 1978 542 2021; x_wconf 86' lang='lat' dir='ltr'>confessus</span> <span class='ocrx_word' id='word_1_192' title='bbox 575 1980 658 2032; x_wconf 88' lang='lat' dir='ltr'>est,</span> <span class='ocrx_word' id='word_1_193' title='bbox 697 1977 808 2034; x_wconf 88' lang='lat' dir='ltr'>quod</span> <span class='ocrx_word' id='word_1_194' title='bbox 838 1991 915 2034; x_wconf 89' lang='lat' dir='ltr'>pro</span> <span class='ocrx_word' id='word_1_195' title='bbox 947 1977 1094 2020; x_wconf 90' lang='lat' dir='ltr'>eodem</span> <span class='ocrx_word' id='word_1_196' title='bbox 1123 1978 1290 2033; x_wconf 87' lang='lat' dir='ltr'>negotio</span> <span class='ocrx_word' id='word_1_197' title='bbox 1322 1991 1397 2020; x_wconf 87' lang='lat' dir='ltr'>sex</span> <span class='ocrx_word' id='word_1_198' title='bbox 1427 1990 1591 2020; x_wconf 88' lang='lat' dir='ltr'>marcas</span> <span class='ocrx_word' id='word_1_199' title='bbox 1624 1991 1691 2020; x_wconf 87' lang='lat' dir='ltr'>ar-</span> 
     </span>
     <span class='ocr_line' id='line_1_24' title="bbox 123 2055 1690 2114; baseline -0.002 -13"><span class='ocrx_word' id='word_1_200' title='bbox 123 2058 237 2114; x_wconf 84' lang='lat' dir='ltr'>genti</span> <span class='ocrx_word' id='word_1_201' title='bbox 275 2056 464 2114; x_wconf 89' lang='lat' dir='ltr'>predicto</span> <span class='ocrx_word' id='word_1_202' title='bbox 505 2056 656 2099; x_wconf 89' lang='lat' dir='ltr'>domno</span> <span class='ocrx_word' id='word_1_203' title='bbox 703 2055 908 2099; x_wconf 87' lang='lat' dir='ltr'>cardinali</span> <span class='ocrx_word' id='word_1_204' title='bbox 947 2055 1143 2099; x_wconf 87' lang='lat' dir='ltr'>dedisset.</span> <span class='ocrx_word' id='word_1_205' title='bbox 1213 2056 1332 2114; x_wconf 73' lang='lat' dir='ltr'>Eryo</span> <span class='ocrx_word' id='word_1_206' title='bbox 1371 2056 1545 2112; x_wconf 89' lang='lat' dir='ltr'>inquam</span> <span class='ocrx_word' id='word_1_207' title='bbox 1584 2056 1690 2099; x_wconf 85' lang='lat' dir='ltr'>blas-</span> 
     </span>
     <span class='ocr_line' id='line_1_25' title="bbox 122 2133 1693 2195; baseline -0.002 -16"><span class='ocrx_word' id='word_1_208' title='bbox 122 2137 288 2195; x_wconf 75' lang='lat' dir='ltr'>phemia</span> <span class='ocrx_word' id='word_1_209' title='bbox 318 2143 452 2178; x_wconf 82' lang='lat' dir='ltr'>vestra</span> <span class='ocrx_word' id='word_1_210' title='bbox 479 2135 683 2192; x_wconf 68' lang='lat' dir='ltr'>prandior</span> <span class='ocrx_word' id='word_1_211' title='bbox 720 2141 777 2176; x_wconf 89' lang='lat' dir='ltr'>est</span> <span class='ocrx_word' id='word_1_212' title='bbox 807 2141 845 2176; x_wconf 88' lang='lat' dir='ltr'>et</span> <span class='ocrx_word' id='word_1_213' title='bbox 873 2133 1130 2190; x_wconf 77' lang='lat' dir='ltr'>horribilior,-</span> <span class='ocrx_word' id='word_1_214' title='bbox 1163 2136 1261 2193; x_wconf 79' lang='lat' dir='ltr'>quia</span> <span class='ocrx_word' id='word_1_215' title='bbox 1286 2135 1430 2191; x_wconf 68' lang='lat' dir='ltr'>linqua</span> <span class='ocrx_word' id='word_1_216' title='bbox 1456 2141 1590 2177; x_wconf 88' lang='lat' dir='ltr'>vestra</span> <span class='ocrx_word' id='word_1_217' title='bbox 1608 2150 1693 2177; x_wconf 88' lang='lat' dir='ltr'>non</span> 
     </span>
     <span class='ocr_line' id='line_1_26' title="bbox 124 2212 1692 2269; baseline -0.002 -11"><span class='ocrx_word' id='word_1_218' title='bbox 124 2215 254 2258; x_wconf 87' lang='lat' dir='ltr'>solum</span> <span class='ocrx_word' id='word_1_219' title='bbox 286 2214 432 2256; x_wconf 85' lang='lat' dir='ltr'>transit</span> <span class='ocrx_word' id='word_1_220' title='bbox 461 2214 506 2255; x_wconf 87' lang='lat' dir='ltr'>in</span> <span class='ocrx_word' id='word_1_221' title='bbox 536 2220 646 2255; x_wconf 88' lang='lat' dir='ltr'>terra</span> <span class='ocrx_word' id='word_1_222' title='bbox 679 2212 737 2254; x_wconf 88' lang='lat' dir='ltr'>ad</span> <span class='ocrx_word' id='word_1_223' title='bbox 766 2213 966 2254; x_wconf 89' lang='lat' dir='ltr'>eruendos</span> <span class='ocrx_word' id='word_1_224' title='bbox 998 2213 1152 2254; x_wconf 84' lang='lat' dir='ltr'>cineres</span> <span class='ocrx_word' id='word_1_225' title='bbox 1182 2213 1226 2255; x_wconf 84' lang='lat' dir='ltr'>in</span> <span class='ocrx_word' id='word_1_226' title='bbox 1249 2227 1359 2269; x_wconf 85' lang='lat' dir='ltr'>pace</span> <span class='ocrx_word' id='word_1_227' title='bbox 1381 2213 1601 2255; x_wconf 82' lang='lat' dir='ltr'>aecclesiae</span> <span class='ocrx_word' id='word_1_228' title='bbox 1622 2213 1692 2255; x_wconf 92' lang='lat' dir='ltr'>de-</span> 
     </span>
     <span class='ocr_line' id='line_1_27' title="bbox 116 2291 1694 2351; baseline -0.002 -16"><span class='ocrx_word' id='word_1_229' title='bbox 116 2293 258 2351; x_wconf 82' lang='lat' dir='ltr'>functi</span> <span class='ocrx_word' id='word_1_230' title='bbox 278 2292 513 2345; x_wconf 85' lang='lat' dir='ltr'>sacerdotis,</span> <span class='ocrx_word' id='word_1_231' title='bbox 546 2297 605 2332; x_wconf 87' lang='lat' dir='ltr'>set</span> <span class='ocrx_word' id='word_1_232' title='bbox 627 2291 749 2332; x_wconf 87' lang='lat' dir='ltr'>etiam</span> <span class='ocrx_word' id='word_1_233' title='bbox 763 2291 960 2347; x_wconf 83' lang='lat' dir='ltr'>posuistis</span> <span class='ocrx_word' id='word_1_234' title='bbox 984 2291 1028 2332; x_wconf 91' lang='lat' dir='ltr'>in</span> <span class='ocrx_word' id='word_1_235' title='bbox 1050 2291 1205 2332; x_wconf 87' lang='lat' dir='ltr'>coelum</span> <span class='ocrx_word' id='word_1_236' title='bbox 1227 2305 1272 2332; x_wconf 88' lang='lat' dir='ltr'>os</span> <span class='ocrx_word' id='word_1_237' title='bbox 1292 2297 1479 2341; x_wconf 81' lang='lat' dir='ltr'>vestrum,</span> <span class='ocrx_word' id='word_1_238' title='bbox 1509 2298 1694 2333; x_wconf 87' lang='lat' dir='ltr'>sanctam</span> 
     </span>
     <span class='ocr_line' id='line_1_28' title="bbox 126 2367 1692 2413; baseline -0.002 0"><span class='ocrx_word' id='word_1_239' title='bbox 126 2378 299 2413; x_wconf 88' lang='lat' dir='ltr'>matrem</span> <span class='ocrx_word' id='word_1_240' title='bbox 327 2377 510 2412; x_wconf 85' lang='lat' dir='ltr'>nostram</span> <span class='ocrx_word' id='word_1_241' title='bbox 529 2369 765 2411; x_wconf 86' lang='lat' dir='ltr'>Romanam</span> <span class='ocrx_word' id='word_1_242' title='bbox 794 2368 1032 2410; x_wconf 85' lang='lat' dir='ltr'>aecclesiam</span> <span class='ocrx_word' id='word_1_243' title='bbox 1052 2368 1096 2410; x_wconf 88' lang='lat' dir='ltr'>in</span> <span class='ocrx_word' id='word_1_244' title='bbox 1125 2369 1278 2410; x_wconf 83' lang='lat' dir='ltr'>crimen</span> <span class='ocrx_word' id='word_1_245' title='bbox 1302 2368 1454 2410; x_wconf 80' lang='lat' dir='ltr'>heresis</span> <span class='ocrx_word' id='word_1_246' title='bbox 1481 2367 1692 2411; x_wconf 76' lang='lat' dir='ltr'>trahendo,</span> 
     </span>
     <span class='ocr_line' id='line_1_29' title="bbox 130 2444 1694 2503; baseline -0.002 -12"><span class='ocrx_word' id='word_1_247' title='bbox 130 2447 349 2491; x_wconf 88' lang='lat' dir='ltr'>Sciscitato</span> <span class='ocrx_word' id='word_1_248' title='bbox 379 2447 523 2503; x_wconf 86' lang='lat' dir='ltr'>itaque</span> <span class='ocrx_word' id='word_1_249' title='bbox 552 2446 731 2489; x_wconf 83' lang='lat' dir='ltr'>fratrum</span> <span class='ocrx_word' id='word_1_250' title='bbox 762 2447 1003 2487; x_wconf 87' lang='lat' dir='ltr'>nostrorum</span> <span class='ocrx_word' id='word_1_251' title='bbox 1034 2444 1221 2500; x_wconf 88' lang='lat' dir='ltr'>consilio,</span> <span class='ocrx_word' id='word_1_252' title='bbox 1252 2445 1450 2488; x_wconf 88' lang='lat' dir='ltr'>iussimus</span> <span class='ocrx_word' id='word_1_253' title='bbox 1474 2459 1544 2488; x_wconf 90' lang='lat' dir='ltr'>eos</span> <span class='ocrx_word' id='word_1_254' title='bbox 1565 2445 1610 2488; x_wconf 92' lang='lat' dir='ltr'>in</span> <span class='ocrx_word' id='word_1_255' title='bbox 1630 2445 1694 2488; x_wconf 92' lang='lat' dir='ltr'>in-</span> 
     </span>
     <span class='ocr_line' id='line_1_30' title="bbox 128 2522 1695 2580; baseline -0.002 -11"><span class='ocrx_word' id='word_1_256' title='bbox 128 2525 358 2569; x_wconf 89' lang='lat' dir='ltr'>firmariam</span> <span class='ocrx_word' id='word_1_257' title='bbox 391 2525 596 2579; x_wconf 86' lang='lat' dir='ltr'>secedere,</span> <span class='ocrx_word' id='word_1_258' title='bbox 629 2522 825 2580; x_wconf 88' lang='lat' dir='ltr'>quatinus</span> <span class='ocrx_word' id='word_1_259' title='bbox 850 2536 902 2565; x_wconf 78' lang='lat' dir='ltr'>ex</span> <span class='ocrx_word' id='word_1_260' title='bbox 923 2522 1074 2565; x_wconf 89' lang='lat' dir='ltr'>maiori</span> <span class='ocrx_word' id='word_1_261' title='bbox 1094 2536 1214 2566; x_wconf 88' lang='lat' dir='ltr'>mora</span> <span class='ocrx_word' id='word_1_262' title='bbox 1234 2522 1561 2579; x_wconf 85' lang='lat' dir='ltr'>deliberationis,</span> <span class='ocrx_word' id='word_1_263' title='bbox 1595 2523 1695 2580; x_wconf 90' lang='lat' dir='ltr'>quid</span> 
     </span>
     <span class='ocr_line' id='line_1_31' title="bbox 132 2599 1694 2660; baseline -0.002 -13"><span class='ocrx_word' id='word_1_264' title='bbox 132 2603 339 2659; x_wconf 89' lang='lat' dir='ltr'>agendum</span> <span class='ocrx_word' id='word_1_265' title='bbox 360 2605 482 2658; x_wconf 85' lang='lat' dir='ltr'>esset,</span> <span class='ocrx_word' id='word_1_266' title='bbox 502 2602 723 2660; x_wconf 88' lang='lat' dir='ltr'>providere</span> <span class='ocrx_word' id='word_1_267' title='bbox 743 2614 974 2658; x_wconf 75' lang='lat' dir='ltr'>possemus,</span> <span class='ocrx_word' id='word_1_268' title='bbox 1017 2599 1135 2652; x_wconf 86' lang='lat' dir='ltr'>Quod</span> <span class='ocrx_word' id='word_1_269' title='bbox 1156 2613 1251 2644; x_wconf 91' lang='lat' dir='ltr'>cum</span> <span class='ocrx_word' id='word_1_270' title='bbox 1271 2601 1408 2644; x_wconf 87' lang='lat' dir='ltr'>facere</span> <span class='ocrx_word' id='word_1_271' title='bbox 1427 2604 1694 2658; x_wconf 84' lang='lat' dir='ltr'>rennuerent,</span> 
     </span>
     <span class='ocr_line' id='line_1_32' title="bbox 130 2678 1694 2737; baseline -0.001 -12"><span class='ocrx_word' id='word_1_272' title='bbox 130 2681 423 2725; x_wconf 80' lang='lat' dir='ltr'>interdiximus</span> <span class='ocrx_word' id='word_1_273' title='bbox 454 2681 654 2724; x_wconf 87' lang='lat' dir='ltr'>fratribus</span> <span class='ocrx_word' id='word_1_274' title='bbox 685 2680 730 2722; x_wconf 92' lang='lat' dir='ltr'>in</span> <span class='ocrx_word' id='word_1_275' title='bbox 749 2679 905 2722; x_wconf 85' lang='lat' dir='ltr'>virtute</span> <span class='ocrx_word' id='word_1_276' title='bbox 937 2678 1208 2734; x_wconf 86' lang='lat' dir='ltr'>obedientiae,</span> <span class='ocrx_word' id='word_1_277' title='bbox 1240 2693 1294 2722; x_wconf 88' lang='lat' dir='ltr'>ne</span> <span class='ocrx_word' id='word_1_278' title='bbox 1324 2679 1408 2722; x_wconf 89' lang='lat' dir='ltr'>illis</span> <span class='ocrx_word' id='word_1_279' title='bbox 1429 2679 1694 2737; x_wconf 85' lang='lat' dir='ltr'>presentibus</span> 
     </span>
     <span class='ocr_line' id='line_1_33' title="bbox 131 2756 1694 2814; baseline -0.001 -11"><span class='ocrx_word' id='word_1_280' title='bbox 131 2760 274 2803; x_wconf 86' lang='lat' dir='ltr'>divina</span> <span class='ocrx_word' id='word_1_281' title='bbox 304 2758 561 2802; x_wconf 89' lang='lat' dir='ltr'>celebrarent</span> <span class='ocrx_word' id='word_1_282' title='bbox 584 2757 732 2802; x_wconf 87' lang='lat' dir='ltr'>officia.</span> <span class='ocrx_word' id='word_1_283' title='bbox 775 2756 895 2800; x_wconf 90' lang='lat' dir='ltr'>Unde</span> <span class='ocrx_word' id='word_1_284' title='bbox 915 2756 1122 2814; x_wconf 88' lang='lat' dir='ltr'>compulsi</span> <span class='ocrx_word' id='word_1_285' title='bbox 1144 2771 1168 2800; x_wconf 90' lang='lat' dir='ltr'>a</span> <span class='ocrx_word' id='word_1_286' title='bbox 1186 2757 1402 2813; x_wconf 87' lang='lat' dir='ltr'>fratribus,</span> <span class='ocrx_word' id='word_1_287' title='bbox 1433 2758 1694 2801; x_wconf 86' lang='lat' dir='ltr'>mansionem</span> 
     </span>
     <span class='ocr_line' id='line_1_34' title="bbox 132 2835 1694 2894; baseline 0 -14"><span class='ocrx_word' id='word_1_288' title='bbox 132 2838 214 2881; x_wconf 89' lang='lat' dir='ltr'>sibi</span> <span class='ocrx_word' id='word_1_289' title='bbox 252 2837 495 2894; x_wconf 86' lang='lat' dir='ltr'>deputatam</span> <span class='ocrx_word' id='word_1_290' title='bbox 533 2839 672 2880; x_wconf 89' lang='lat' dir='ltr'>erecta</span> <span class='ocrx_word' id='word_1_291' title='bbox 711 2836 870 2878; x_wconf 88' lang='lat' dir='ltr'>cervice</span> <span class='ocrx_word' id='word_1_292' title='bbox 907 2835 1171 2878; x_wconf 86' lang='lat' dir='ltr'>introierunt.</span> <span class='ocrx_word' id='word_1_293' title='bbox 1233 2835 1282 2878; x_wconf 92' lang='lat' dir='ltr'>In</span> <span class='ocrx_word' id='word_1_294' title='bbox 1319 2849 1402 2892; x_wconf 88' lang='lat' dir='ltr'>qua</span> <span class='ocrx_word' id='word_1_295' title='bbox 1439 2835 1561 2879; x_wconf 90' lang='lat' dir='ltr'>domo</span> <span class='ocrx_word' id='word_1_296' title='bbox 1599 2849 1694 2880; x_wconf 91' lang='lat' dir='ltr'>cum</span> 
     </span>
     <span class='ocr_line' id='line_1_35' title="bbox 135 2913 1693 2970; baseline 0 -12"><span class='ocrx_word' id='word_1_297' title='bbox 135 2915 415 2960; x_wconf 86' lang='lat' dir='ltr'>obedientiam</span> <span class='ocrx_word' id='word_1_298' title='bbox 453 2928 537 2958; x_wconf 93' lang='lat' dir='ltr'>non</span> <span class='ocrx_word' id='word_1_299' title='bbox 577 2917 793 2958; x_wconf 85' lang='lat' dir='ltr'>servarent</span> <span class='ocrx_word' id='word_1_300' title='bbox 832 2916 896 2956; x_wconf 88' lang='lat' dir='ltr'>set</span> <span class='ocrx_word' id='word_1_301' title='bbox 931 2913 1072 2970; x_wconf 89' lang='lat' dir='ltr'>potius</span> <span class='ocrx_word' id='word_1_302' title='bbox 1109 2913 1322 2957; x_wconf 89' lang='lat' dir='ltr'>cachinnis</span> <span class='ocrx_word' id='word_1_303' title='bbox 1359 2918 1401 2957; x_wconf 91' lang='lat' dir='ltr'>et</span> <span class='ocrx_word' id='word_1_304' title='bbox 1429 2914 1693 2959; x_wconf 87' lang='lat' dir='ltr'>irrisionibus</span> 
     </span>
    </p>
   </div>
   <div class='ocr_carea' id='block_1_3' title="bbox 230 3001 909 3048">
    <p class='ocr_par' dir='ltr' id='par_1_3' title="bbox 230 3001 909 3048">
     <span class='ocr_line' id='line_1_36' title="bbox 230 3001 909 3048; baseline -0.003 -9"><span class='ocrx_word' id='word_1_305' title='bbox 230 3004 262 3039; x_wconf 92' lang='lat'>1.</span> <span class='ocrx_word' id='word_1_306' title='bbox 287 3003 395 3039; x_wconf 81' lang='lat' dir='ltr'>Prov.</span> <span class='ocrx_word' id='word_1_307' title='bbox 414 3003 469 3048; x_wconf 81' lang='lat'>17,</span> <span class='ocrx_word' id='word_1_308' title='bbox 486 3002 521 3038; x_wconf 85' lang='lat'>5.</span> <span class='ocrx_word' id='word_1_309' title='bbox 616 3003 651 3039; x_wconf 84' lang='lat'>2.</span> <span class='ocrx_word' id='word_1_310' title='bbox 676 3002 705 3038; x_wconf 87' lang='lat'>1.</span> <span class='ocrx_word' id='word_1_311' title='bbox 802 3002 836 3037; x_wconf 85' lang='lat'>3.</span> <span class='ocrx_word' id='word_1_312' title='bbox 861 3001 909 3037; x_wconf 91' lang='lat'>11.</span> 
     </span>
    </p>
   </div>
  </div>
 </body>
</html>
