1924 3288
505 184 704 215 wmALm
733 184 983 216 nms'ronffl
1010 184 1080 215 822.
1107 184 1178 214 328.
1537 173 1620 216 451

58 262 239 336 quietius
276 281 320 322 et
355 278 623 336 tranquillius
659 280 882 337 providere
918 279 1112 337 possetis.
1160 268 1448 323 'Considerata
1486 282 1625 323 autem
1700 282 1790 318 1151

56 355 279 413 iniquitate
321 357 582 414 presentium
621 360 882 415 temporum,
929 358 1074 401 audita
1110 358 1239 401 etiam
1274 356 1547 401 tribulatione
1585 359 1628 400 et
1650 331 1848 403 Fertiffixis

56 433 399 479 incommoditate
427 435 607 479 fratrum
635 438 876 479 nostrorum
901 435 1227 492 Stabulensium,
1257 435 1416 492 liquido
1438 434 1628 478 animad-

56 511 274 568 vertimuS,
307 513 418 569 quod
446 516 592 557 nostra
620 513 774 571 peticio
805 527 891 557 non
921 517 1032 558 esset
1063 526 1248 569 congrua
1278 513 1332 556 ad
1354 515 1512 557 statum
1532 526 1628 570 pre-

57 589 189 634 sentis
224 590 448 648 temporis,
485 604 563 635 nec
594 591 684 635 sine
713 591 899 635 maximo
931 591 1184 636 detrimento
1217 604 1292 634 suo
1322 590 1397 635 illa
1428 590 1630 635 aecclesia

55 671 200 725 posset
239 668 265 712 a
294 668 411 713 vobis
447 668 526 713 hoc
555 672 744 727 tempore
774 669 970 726 relinqui.
1032 669 1271 727 Eapropter
1301 671 1491 713 nostram
1520 668 1630 726 peti-

57 746 220 791 cionem
251 746 302 791 de
332 746 609 804 relinquenda
637 747 712 791 illa
742 747 946 792 aecclesia
975 747 1020 791 111
1040 751 1180 792 vestro
1212 747 1386 791 arbitrio
1417 747 1628 805 ponimuS,

56 826 307 882 tempusque
352 824 617 882 relinquendi
662 839 756 870 eam
804 829 846 870 et
891 826 1221 884 oportunitatem
1257 826 1421 881 integre
1462 825 1516 869 ad
1551 839 1629 870 nos

56 902 386 958 transmigrandi
415 903 461 946 in
490 907 633 948 vestra
663 904 915 948 discretione
947 907 989 948 et
1018 903 1234 948 voluntate
1264 903 1530 948 dimittimus.
1584 902 1631 947 Si

59 993 142 1038 qua
171 980 257 1024 alia
286 981 471 1039 capitula
500 985 664 1026 vestrae
694 982 1008 1026 mansuetudini
1036 982 1379 1027 inconvenienter
1407 982 1630 1040 proposui-

57 1071 173 1115 mus,
212 1058 322 1102 sicut
350 1060 539 1117 presenti
569 1061 708 1104 facere
737 1060 980 1116 debuimus,
1012 1060 1190 1118 pedibus
1221 1060 1374 1105 vestris
1403 1060 1629 1118 provoluti,

56 1137 304 1195 paternitati
342 1141 506 1182 vestrae
553 1138 834 1182 satisfacimus
873 1141 935 1195 et,
979 1141 1027 1182 ut
1066 1152 1115 1183 ea
1152 1139 1203 1183 de
1240 1139 1365 1183 corde
1403 1138 1631 1183 clementer

58 1214 295 1272 dimittatis,
327 1215 543 1260 humiliter
574 1217 855 1261 obsecramus.
955 1216 1157 1261 Proxima
1185 1220 1400 1261 transacta
1420 1216 1631 1260 dominica

58 1293 297 1351 prepositus
327 1294 374 1337 111
403 1294 587 1352 capitulo
609 1295 890 1350 denunciavit,
923 1295 1034 1351 quod
1056 1295 1107 1340 ab
1129 1295 1276 1339 eadem
1297 1294 1364 1339 die
1384 1295 1428 1338 in
1451 1298 1631 1352 quatuor

59 1371 316 1429 septimanas
346 1385 501 1430 panem
531 1375 574 1416 et
603 1376 751 1430 potum
782 1373 1095 1428 congregationi
1125 1373 1407 1430 ministraret,
1443 1376 1630 1431 postmo-

59 1449 160 1493 dum
178 1463 278 1493 vero
308 1463 386 1494 nec
414 1450 588 1495 haberet
616 1464 754 1508 neque
783 1452 904 1495 nobis
935 1452 1209 1496 ministraret.
1253 1451 1360 1504 Quia
1380 1465 1478 1507 ergo
1501 1451 1631 1495 alium

58 1531 394 1584 procuratorem,
429 1529 645 1586 preposito
674 1529 797 1574 nobis
827 1530 1067 1574 necessaria
1095 1543 1181 1574 non
1212 1530 1352 1586 dante,
1383 1532 1527 1587 preter
1554 1543 1630 1574 vos

58 1619 144 1649 non
173 1605 389 1662 habemus,
422 1620 588 1650 omnem
618 1620 762 1651 curam
787 1611 976 1652 nostram
998 1607 1049 1652 de
1069 1607 1148 1651 hoc
1167 1608 1295 1652 verbo
1316 1607 1362 1651 in
1381 1621 1457 1652 vos
1477 1608 1631 1666 proici-

59 1697 154 1727 mus
185 1687 239 1740 et,
275 1687 324 1728 ut
353 1698 498 1728 curam
528 1684 718 1729 habeatis
751 1685 802 1730 de
831 1686 967 1742 nobis,
998 1689 1201 1743 tanquam
1232 1687 1348 1730 omni
1377 1685 1528 1731 solatio
1558 1686 1631 1731 de-

61 1762 211 1818 stituti,
242 1763 542 1819 paternitatem
571 1766 757 1807 vestram
787 1777 997 1820 rogamus.

65 1916 181 1964 323.
206 1919 418 1962 Wibaldus
437 1918 634 1962 Heinrico
658 1921 800 1977 priori
822 1921 1055 1964 Corbeiensi
1083 1921 1224 1964 scribit
1252 1921 1303 1964 de
1323 1922 1440 1965 ouria
1460 1922 1630 1965 Naren-

210 1998 405 2055 beryensi.
456 1997 512 2040 Se
543 2013 634 2040 cum
663 2013 760 2054 reqe
783 1998 1016 2041 Traiectum
1044 1999 1199 2041 iturum
1231 2014 1325 2041 esse.
1366 2000 1484 2043 Num
1503 2015 1630 2057 prae-

204 2076 365 2133 positus
387 2074 527 2134 officio
539 2074 671 2133 funyi
691 2091 746 2118 an
762 2077 1008 2119 renunciare
1023 2076 1129 2131 velit,
1151 2077 1255 2119 scire
1271 2077 1394 2134 mpii.
1427 2075 1499 2130 (M.
1508 2077 1628 2132 303.)

180 2162 330 2207 Frater
358 2162 610 2217 W(ibaldus)
642 2163 724 2207 Dei
753 2164 892 2220 gratia
928 2164 994 2220 id,
1034 2164 1145 2221 quod
1176 2168 1239 2209 est
1267 2165 1312 2209 in
1351 2165 1526 2210 ecclesia
1560 2180 1629 2211 ca·
1654 2176 1745 2213 1151

62 2240 231 2296 tholica,
263 2240 414 2284 dilecto
443 2239 530 2284 filio
560 2240 793 2296 H(einrico)
825 2242 1005 2286 salutem
1035 2246 1077 2287 et
1106 2243 1450 2288 benedictionem.
1658 2226 1746 2257 ΜΨ·

181 2319 329 2375 Iniquo
359 2321 562 2375 tempore,
592 2319 736 2375 frater,
767 2322 810 2363 te
839 2320 1026 2377 priorem
1057 2321 1364 2377 ordinavimus3
1397 2325 1439 2366 et
1470 2323 1522 2366 ob
1553 2322 1632 2366 hoc

62 2396 401 2454 predecessorem
421 2399 542 2439 tuum
555 2393 565 2413 ¹
584 2395 708 2452 longo
729 2400 919 2454 tempore
941 2412 1134 2443 amovere
1156 2399 1410 2456 distulimus,
1432 2400 1631 2457 quoniam

62 2474 110 2517 in
138 2473 279 2531 palam
312 2477 415 2529 erat,
446 2473 658 2517 neminem
689 2474 818 2518 alium
848 2488 973 2532 posse
1004 2477 1203 2533 ordinari,
1234 2477 1279 2520 in
1308 2491 1433 2534 quem
1461 2480 1631 2522 nostrae

65 2552 253 2595 caritatis
284 2564 511 2596 consensus
543 2551 792 2595 accederet·.
848 2551 1104 2597 Remansisti
1134 2555 1247 2598 enim
1276 2568 1389 2598 nunc
1418 2554 1463 2597 in
1492 2553 1630 2597 medio

66 2629 192 2686 solus,
223 2629 460 2685 graviorem
491 2629 759 2686 postmodum
775 2630 988 2673 sarcinam
1006 2630 1184 2688 laturus,
1217 2645 1313 2675 cum
1332 2645 1410 2675 nos
1432 2631 1631 2675 decedere

67 2707 310 2764 oportuerit.
360 2707 576 2764 Siquidem
614 2709 687 2750 aut
716 2706 947 2750 cedendum
987 2708 1067 2751 erit
1096 2709 1379 2753 multitudinis
1412 2709 1632 2753 ambitioni

66 2796 162 2828 cum
198 2798 349 2840 magno
389 2784 580 2829 iusticias
618 2787 660 2829 et
698 2783 898 2830 ecclesiae
929 2784 1203 2842 detrimento,
1243 2790 1315 2830 aut
1350 2786 1631 2831 resistendum

163 2888 190 2909 a.
217 2881 264 2909 n'c
285 2880 353 2910 cod.

163 2937 196 2972 1.
229 2936 444 2973 Walterum.

1274 3006 1349 3043 29*
