1924 3262
318 175 375 218 98
774 189 973 220 wmALm
1001 187 1250 220 nmsvronlm
1280 188 1425 220 16—18.

153 282 245 319 1137
315 281 460 326 fratris
497 281 692 326 Rainaldi
722 282 876 326 Theod.
914 285 957 326 et
992 282 1135 326 fratris
1165 282 1354 327 Bertoldi
1392 287 1587 342 suscepta
1622 287 1675 330 ot*
1703 287 1877 341 erogata

92 333 164 370 post
174 332 250 363 Nov.
258 333 299 363 14

183 1164 276 1200 1143

164 1213 237 1244 Dec.
250 1214 288 1244 27

179 2482 272 2518 1143

160 2529 232 2562 Dec.
246 2532 284 2563 28

317 361 427 402 sunt.
478 358 608 404 Porro
639 360 761 417 pueri
790 359 944 415 nostri,
977 360 1050 416 qui
1078 373 1155 404 nos
1185 364 1517 418 praecesserunt,
1548 374 1717 407 crucem
1745 375 1877 408 unm

316 449 493 494 parvam
531 451 702 481 auream
740 440 782 481 et
812 436 985 481 anulum
1014 451 1145 482 unum
1176 441 1218 482 et
1246 439 1413 483 iconam
1441 439 1547 495 ligni
1574 439 1749 485 Domini
1777 453 1877 498 pon—

317 515 524 559 diderunt.
571 515 759 559 Pluviale
791 517 833 558 et
863 515 1094 572 camisiam,
1126 529 1252 572 quam
1282 516 1404 560 nobis
1435 516 1625 573 dedistis,
1654 530 1875 565 conserva-

314 593 476 650 vimus,
514 595 782 650 expectantes
822 592 1051 636 secundum
1086 594 1411 651 promissionem
1446 597 1652 652 vestram,
1690 598 1741 640 u't
1774 594 1876 641 ndi-

315 684 464 727 quum,
505 671 616 727 quod
647 671 701 714 ad
731 669 936 728 capellam
964 671 1168 728 pertinet,
1206 672 1328 716 nobis
1358 671 1617 730 compleatis.
1678 671 1877 730 Sigillum

314 752 357 794 et
387 749 560 794 anulum
590 749 743 792 domno
774 748 917 793 abbati
946 748 1198 794 remisimus.
1245 749 1407 795 Valete.

318 914 397 961 17.
433 917 652 960 Celestinus
677 915 728 960 H
749 932 872 975 papa
898 915 1096 960 Heinrico
1131 918 1270 961 abbati
1298 917 1530 961 corbeiensi
1555 918 1712 972 scribit,
1747 932 1793 961 ce
1819 917 1872 961 A.

429 994 630 1038 monacho
669 995 805 1038 delicti
837 995 1020 1052 yratiam
1039 994 1204 1053 fecisse.
1250 996 1308 1038 At
1329 996 1670 1053 praeposituram
1698 1002 1808 1039 vetat
1834 995 1874 1039 α’

429 1072 475 1114 in
497 1073 739 1130 praesentia
769 1073 874 1115 dari.
1860 1072 1862 1075 ’

430 1160 663 1205 Celestinus
702 1161 922 1218 episcopus
961 1173 1106 1204 servus
1144 1174 1361 1205 servorum
1393 1160 1475 1206 Dei
1504 1160 1737 1217 H(einrico)
1769 1160 1871 1206 Cor-

311 1237 472 1283 beiensi
504 1239 647 1283 abbati
678 1238 857 1283 salutem
887 1241 930 1282 et
960 1238 1233 1296 apostolicam
1263 1239 1607 1284 benedictionem.

430 1316 612 1361 Veniens
647 1317 702 1361 ad
739 1331 815 1361 nos
853 1316 1029 1361 dilectus
1066 1315 1177 1361 filius
1216 1320 1358 1361 noster
1386 1316 1434 1361 B.
1465 1317 1704 1375 prepositus
1733 1315 1871 1362 humi-

309 1393 408 1439 liter
438 1396 588 1451 oravit,
625 1395 822 1452 quatinus
851 1394 904 1438 A.
937 1394 1200 1450 monachum,
1234 1395 1306 1451 qui
1334 1409 1410 1439 nos
1442 1398 1485 1439 et
1513 1395 1673 1451 legatos
1702 1394 1874 1440 sancino

309 1471 522 1517 Romanae
545 1472 769 1517 aecclesiae
789 1473 1029 1529 frequenter
1049 1471 1290 1529 offenderat,
1311 1473 1356 1516 in
1376 1473 1556 1529 gratiam
1575 1474 1870 1532 reciperemus,

310 1564 388 1594 nec
426 1551 612 1595 debitam
650 1551 979 1594 satisfactionem
1008 1564 1085 1608 pro
1114 1550 1239 1594 huius
1269 1550 1384 1594 modi
1415 1550 1654 1595 excessibus
1685 1550 1871 1608 exigere-

310 1642 418 1672 mus.
474 1628 560 1673 Nos
589 1642 690 1673 vero
720 1642 866 1687 preces
897 1630 987 1673 eius
1019 1628 1279 1672 attendentes
1311 1632 1354 1672 et
1382 1632 1470 1672 tam
1498 1629 1544 1673 in
1572 1628 1638 1673 his
1670 1643 1797 1687 quam
1824 1630 1871 1674 in

312 1706 405 1750 aliis
440 1707 723 1762 exaudientes,
759 1706 946 1763 predicto
977 1707 1099 1750 fratri
1130 1707 1328 1764 quicquid
1356 1707 1402 1750 in
1430 1720 1507 1750 nos
1538 1706 1725 1764 deliquid
1751 1708 1872 1764 igno·

311 1785 479 1841 scimus,
512 1782 785 1829 concedentes
816 1788 876 1840 ut,
907 1785 1144 1842 ubicunque
1172 1785 1432 1829 necessarius
1463 1784 1532 1841 sit,
1564 1798 1660 1829 cum
1687 1785 1749 1831 ibi
1778 1798 1871 1830 esse

310 1875 406 1906 cum
438 1863 602 1907 abbatis
635 1863 701 1906 sui
729 1862 945 1906 voluntate
955 1869 981 1906 ³.
1029 1863 1119 1907 Hoc
1148 1866 1289 1906 tamen
1321 1863 1567 1920 excipimus,
1602 1866 1652 1907 ut
1679 1863 1871 1921 proposi-

309 1943 451 1984 turam
496 1941 631 1998 ipsius
667 1940 913 1984 monasterii
959 1940 1012 1984 ad
1049 1954 1222 1998 presens
1258 1954 1344 1984 non
1379 1940 1555 1997 habeat,
1599 1940 1699 1997 quia
1733 1939 1869 1997 magis

309 2018 458 2062 utilem
489 2022 532 2062 et
560 2019 759 2063 idoneum
788 2018 992 2063 relatione
1021 2019 1165 2063 fratris
1195 2019 1329 2063 nostri
1350 2018 1396 2062 T.
1418 2017 1536 2062 illam
1555 2021 1701 2063 tenere
1718 2031 1869 2075 cogno-

309 2096 447 2140 vimus
479 2101 533 2153 et,
567 2097 678 2154 quod
708 2096 760 2141 ab
793 2110 841 2141 eo
870 2097 1030 2141 factum
1059 2100 1135 2154 est,
1166 2095 1383 2141 immutari
1401 2095 1609 2141 nolumus.
1655 2096 1769 2142 Data
1785 2094 1869 2142 La-

309 2174 446 2218 terani
477 2177 504 2219 6
535 2175 627 2219 Kal.
657 2175 854 2219 Ianuarii.

314 2311 393 2359 18.
431 2314 652 2357 Celestinus
676 2314 731 2357 H
753 2329 873 2371 papa
895 2313 1151 2356 Adalberom'
1176 2313 1230 2357 II
1251 2314 1440 2372 episcopo
1472 2312 1696 2357 Leodiemi
1728 2313 1870 2360 scrib-‘t

428 2392 479 2434 de
511 2391 692 2435 Wibaldi
722 2391 971 2434 adversariis
1003 2392 1234 2434 coercendis
1243 2389 1270 2434 ¹¹.

429 2479 664 2524 Celestinus
701 2479 922 2537 episcopus
953 2493 1099 2524 servus
1130 2493 1346 2524 servorum
1375 2477 1457 2523 Dei
1485 2478 1715 2523 venerabili
1742 2479 1867 2525 fiatri

308 2556 601 2612 Ad(alberoni)
633 2557 829 2615 episcopo
860 2561 903 2602 et
933 2557 1094 2602 dilectis
1125 2556 1223 2602 filiis
1254 2557 1364 2602 clero
1395 2559 1438 2602 et
1466 2548 1620 2614 populo
1643 2555 1867 2602 Leodionsi

309 2634 488 2679 salutem
519 2639 561 2679 et
591 2635 864 2693 apostolicam
893 2635 1236 2680 benedictionem.

429 2712 606 2757 Gratum
636 2713 757 2757 nobis
788 2716 864 2769 est,
897 2714 995 2770 quia
1020 2713 1139 2757 iuxta
1165 2711 1400 2771 apostolum
1421 2710 1527 2755 alter
1547 2710 1718 2756 alterius
1737 2725 1866 2757 onera

308 2794 525 2847 portantes
538 2788 549 2809 ¹
579 2790 779 2835 dilectum
814 2790 948 2834 filium
985 2794 1176 2835 nostrum
1204 2789 1442 2835 wiboldum
1472 2788 1763 2835 Stabulensem
1790 2789 1865 2836 ab·

405 2890 432 2911 a.
447 2881 537 2911 liccat
546 2881 697 2912 enidius
709 2881 834 2912 videtur.
869 2879 899 2911 b.
914 2882 1004 2912 Hanc
1014 2880 1172 2920 φίειοὶσηι
1183 2892 1204 2911 ο
1215 2879 1365 2911 Παιανιέα
1376 2879 1407 2909 in
1419 2879 1498 2910 Cou.
1506 2880 1547 2910 11.
1556 2879 1616 2911 117
1629 2880 1742 2911 adita·
1752 2881 1866 2920 rmn'l.

403 2938 434 2973 1.
462 2938 581 2975 Galat.
599 2939 632 2984 6,
649 2940 683 2975 2.
