1924 3288
148 303 238 339 1147

88 352 287 392 postIun.22

193 922 284 957 1147

195 971 286 1002 cIuL

191 2011 281 2048 1147

315 193 398 237 126
763 204 960 236 wmALm
988 203 1235 236 nrrs'rom
1263 203 1403 235 ,ιτ-43.

312 298 563 355 quibuslibet
593 299 686 343 aliis
715 299 853 342 minus
883 299 1041 342 factum
1071 301 1154 354 est,
1185 311 1263 343 nec
1291 300 1464 356 propter
1491 298 1739 343 nunciorum
1762 300 1862 343 tuo-

310 391 404 420 rum
440 377 664 432 incuriam,
705 377 803 433 quia
839 389 916 432 pro
953 376 1112 420 viribus
1148 375 1360 432 laborant,
1397 389 1532 433 neque
1560 389 1638 434 pro
1666 375 1861 432 ignaviae

309 457 477 498 nostrae
514 458 657 512 tepore
690 454 735 497 id
764 453 929 497 noveris
960 453 1172 498 accidisse.
1221 453 1267 497 Si
1296 467 1395 498 vero
1423 456 1549 498 nacta
1577 453 1862 511 oportunitate

309 545 386 588 pro
423 532 638 575 commodo
674 534 747 575 tuo
783 532 938 576 iterum
974 530 1148 576 officiosi
1183 545 1274 576 esse
1308 531 1559 588 poterimus,
1594 542 1860 589 nequaqum

310 613 455 654 autore
483 610 662 653 Domino
692 608 964 665 negligemus.

310 751 394 798 48.
429 753 644 796 Conradus
673 752 747 796 III
773 768 848 796 reat
876 752 1063 796 Wibaldo
1093 753 1281 806 nunciat,
1319 767 1361 794 se
1391 753 1436 795 in
1468 750 1689 795 Graeciam
1713 765 1864 809 pm&

426 831 544 873 nisse.
594 829 834 873 Heinricum
863 846 1000 888 reyem
1030 831 1295 873 commendat.
1677 825 1750 882 (Μ.
1771 827 1861 882 31.)

428 918 672 962 Cuonradus
702 918 783 962 Dei
818 919 955 974 gratia
990 918 1271 962 Romanorum
1299 932 1376 962 rex
1409 915 1602 962 Wibaldo
1631 915 1863 962 venerabili

309 995 550 1041 Corbeiensi
580 995 721 1040 abbati
751 997 931 1052 gratiam
960 1009 1079 1040 suam
1110 999 1152 1040 et
1183 1009 1304 1039 omne
1333 995 1501 1039 bonum.

427 1073 485 1118 Ut
521 1087 741 1132 processus
779 1074 942 1118 itineris
972 1074 1107 1117 nostri
1137 1074 1191 1118 ad
1219 1073 1543 1131 prosperitatem
1571 1071 1701 1116 totius
1730 1070 1863 1116 eecle-

309 1151 396 1195 siae
427 1154 469 1194 et
497 1150 699 1195 honorem
726 1152 847 1207 regni
876 1152 1011 1195 nostri
1030 1152 1188 1207 tendat,
1219 1149 1416 1206 suffragio
1439 1150 1675 1194 orationum
1692 1152 1865 1209 tuamxn

308 1228 538 1286 plurimum
568 1229 758 1274 adiuvari
789 1243 1005 1287 speramus
1037 1233 1079 1274 ct
1106 1229 1301 1286 petimus.
1352 1228 1417 1272 De
1447 1230 1561 1272 statu
1588 1227 1718 1283 igitur
1745 1227 1862 1271 inco-

306 1306 512 1350 lumitatis
540 1310 722 1363 nostrae,
753 1307 799 1350 in
830 1321 911 1364 quo
941 1307 1076 1350 adhuc
1104 1307 1273 1362 fuimus,
1305 1305 1519 1350 dilectioni
1536 1308 1635 1350 tuae
1653 1302 1862 1361 significar-

307 1398 414 1428 mus.
462 1383 565 1428 Sani
583 1383 674 1428 Deo
703 1385 860 1440 gratias
893 1388 935 1428 et
961 1385 1114 1440 integri
1141 1398 1297 1428 sumus.
1344 1383 1424 1427 Per
1443 1383 1672 1439 Ungariam
1690 1382 1862 1427 descen·-

308 1462 452 1506 dentes
491 1462 537 1505 in
575 1446 783 1506 Greciam*
804 1476 936 1519 usque
974 1463 1262 1520 pervenimus3
1302 1461 1375 1505 ubi
1413 1475 1439 1505 a
1474 1474 1573 1517 rege
1610 1456 1862 1505 Grecormn¹
1890 1459 1897 1463 ’

306 1538 531 1584 honorifice
574 1539 695 1584 nobis
741 1540 934 1584 servitur.
1055 1539 1252 1584 Preterea
1294 1538 1488 1584 fidelitati
1525 1542 1623 1583 tuae
1663 1537 1862 1583 dilectum

307 1616 440 1660 filium
470 1620 660 1660 nostrum
691 1618 892 1661 attentius
923 1618 1274 1674 commendamus,
1303 1620 1512 1673 roganteS‚
1544 1616 1740 1673 quatinus
1758 1629 1861 1674 pne-

305 1695 448 1738 ritiam
479 1694 567 1738 eius
597 1695 830 1751 gubernare
861 1699 903 1739 et
931 1709 1076 1751 regere
1105 1699 1178 1739 tua
1206 1708 1292 1739 non
1321 1695 1486 1739 desinat
1514 1694 1748 1752 prudentia.

307 1835 391 1882 49.
427 1813 683 1882 corbeienses
714 1854 806 1882 cum
836 1838 880 1882 S.
910 1840 1054 1883 abbate
1083 1841 1128 1882 in
1155 1840 1337 1896 qratiam
1365 1845 1632 1882 revertuntur.
1676 1837 1859 1892 Mostene,

423 1923 471 1958 ut
496 1916 684 1959 Wibaldo
717 1917 947 1974 opituletur.
1674 1912 1747 1968 (M.
1771 1913 1859 1969 74.)

423 2003 664 2048 Reverendo
702 2005 749 2048 in
786 2004 952 2049 Christo
988 2004 1102 2061 patri
1139 2007 1181 2048 et
1216 2004 1340 2048 fratri
1374 2003 1598 2051 karissimo
1635 2001 1678 2048 S.
1718 2002 1861 2048 abbati

304 2082 434 2126 frater
453 2082 503 2126 E.
525 2082 642 2140 prior
663 2085 704 2126 et
724 2083 852 2126 ceteri
871 2082 1022 2126 fratres
1043 2081 1314 2126 Corbeienses
1333 2082 1562 2126 fraternam
1581 2079 1863 2126 dilectionem.

422 2159 675 2204 Petitionem
704 2163 902 2216 vestram,
934 2173 1060 2217 quam
1089 2159 1300 2204 mediante
1330 2159 1552 2203 karissimo
1580 2160 1702 2216 patre
1725 2161 1769 2203 et
1786 2157 1860 2203 do-

304 2237 419 2281 mino
456 2241 600 2281 nostro
627 2237 820 2283 Wibaldo
858 2238 1007 2282 abbate
1045 2241 1188 2281 nostre
1218 2237 1419 2294 parvitati
1448 2235 1680 2294 optulistis,
1719 2235 1860 2280 debita

304 2315 539 2360 reverentia
570 2315 842 2373 suscepimus,
875 2319 917 2359 et
947 2315 1144 2372 quicquid
1172 2315 1219 2359 in
1237 2329 1314 2359 1103
1335 2314 1513 2359 scienter
1532 2312 1599 2357 vel
1618 2313 1860 2369 ignoranter
1881 2337 1887 2341 ·

306 2393 561 2450 deliquistis,
601 2393 758 2450 absque
796 2393 1061 2437 simulatione
1096 2392 1354 2447 remisimus;
1393 2395 1436 2437 et
1470 2394 1637 2435 nostrae
1667 2389 1859 2435 societati

307 2471 462 2515 arctius
491 2470 818 2528 incorporatum,
850 2470 1022 2526 diligere
1053 2473 1095 2514 et
1123 2469 1328 2514 honorare
1358 2472 1400 2514 et
1419 2467 1581 2524 exiguis
1601 2467 1858 2516 orationibus

304 2548 460 2593 nostris
497 2549 751 2606 participare
779 2562 854 2592 vos
894 2551 936 2592 et
972 2547 1256 2592 desideramus
1294 2550 1336 2591 et
1369 2545 1644 2590 concedimus.
1705 2545 1755 2590 In
1783 2545 1858 2590 ad*

304 2629 433 2670 ventu
471 2626 583 2670 enim
617 2626 797 2684 predicti
832 2625 966 2683 patris
1003 2625 1139 2669 nostri
1178 2625 1232 2668 ad
1260 2637 1336 2669 nos
1375 2623 1515 2667 omnia
1541 2621 1858 2669 inimicitiarum

305 2703 466 2747 semina
494 2703 662 2760 penitus
697 2703 881 2747 extincta
911 2706 1030 2758 sunt,
1061 2701 1258 2758 quoniam
1285 2700 1395 2744 inter
1422 2699 1531 2755 illos,
1563 2713 1666 2757 quos
1696 2699 1857 2744 dissen-

306 2780 435 2824 sionis
466 2780 650 2838 procella
679 2780 922 2836 disiecerat,
960 2780 1051 2838 ipse
1082 2793 1127 2824 se
1156 2779 1360 2834 medium,
1390 2779 1590 2834 tanquam
1618 2777 1752 2822 bonus
1780 2790 1856 2822 an·-

305 2857 461 2913 gularis
492 2857 615 2915 lapis,
646 2871 743 2902 vere
772 2858 960 2901 caritatis
988 2860 1030 2902 et
1056 2857 1258 2901 discretae
1277 2853 1526 2898 humilitatis
1546 2854 1706 2910 glutino
1724 2854 1855 2902 inter-

399 2945 431 2980 1.
464 2944 663 2981 Emanuele
685 2945 915 2990 imperatore.
