1924 3288
290 210 379 254 610
833 222 1031 254 wnsALm
1060 222 1307 254 nmsmonu:

289 316 415 360 1724
442 316 741 360 monachorum
763 313 1119 368 Stabulensium⁸3
1149 332 1260 361 anno
1284 317 1402 361 1839
1420 316 1692 374 Aquieyrani
1703 316 1846 374 fuis&

288 390 496 445 videtur³;
524 396 713 452 pervenit
733 402 883 452 postea
902 396 950 437 in
969 395 1222 438 tabularium
1241 394 1613 452 Dusseldooepense,
1644 394 1847 453 hodieque

288 473 335 514 in
355 471 564 515 tabulam'o
583 474 698 530 reyio
718 473 988 516 Berolinensi
1005 481 1174 526 tenetur,
1197 475 1385 530 siynatus
1409 475 1490 515 sic:
1513 471 1554 515 h.
1570 471 1602 516 Ι.
1618 470 1672 516 D.
1693 473 1760 516 18.
1779 468 1846 516 4⁹.

408 549 462 592 In
500 552 579 594 isto
611 552 751 594 codice
785 553 979 594 maxime
994 553 1099 605 nisi,
1140 551 1335 609 epistolas
1367 550 1551 594 Wibaldi
1578 564 1690 594 amno
1708 549 1848 595 *1724

290 628 507 670 ediderunt
535 628 726 671 Martene
756 637 792 671 et
822 629 1010 672 Durand
1037 631 1084 671 in
1123 629 1312 672 Veterum
1348 629 1599 685 scriptorum
1633 636 1672 671 et
1697 642 1846 672 momo-

287 713 518 748 mentorum
549 706 810 763 amplissima
840 706 1073 750 collectione
1103 706 1166 749 ΙΙ.
1189 706 1439 750 183—599
1447 701 1473 748 ⁴.
1521 705 1610 759 Qui
1627 718 1722 749 oum
1739 719 1846 749 non-

287 783 428 825 nullas
459 784 612 826 codicis
644 784 838 840 epistolas
870 785 1265 841 praetermisissent,
1309 798 1358 826 ea:
1394 784 1448 826 iis
1487 798 1598 826 anno
1629 782 1747 827 1836
1771 797 1848 827 sem

287 860 482 917 vulqatae
511 869 607 904 sunt
636 878 664 904 a
688 859 740 906 G.
770 861 830 905 W.
852 863 904 905 de
924 862 1111 905 Raumer
1140 863 1187 904 in
1207 861 1399 904 Ledebur
1417 860 1558 904 Neues
1586 860 1848 918 allyemeines

288 938 431 981 archiv
462 938 499 981 I.
533 938 724 982 68-75
755 938 871 997 (epp.
892 939 944 993 3,
968 940 1040 993 17,
1061 939 1133 993 90,
1155 939 1263 992 347,
1288 938 1397 992 412,
1420 937 1553 992 449),
1591 953 1702 981 anno
1732 937 1850 982 1836

288 1017 397 1059 duae
428 1032 456 1058 a
484 1016 654 1059 Pertzio
684 1018 732 1059 in
761 1018 880 1061 Mon.
916 1015 1054 1063 Germ.
1083 1017 1212 1074 Leqy.
1246 1017 1308 1059 II.
1340 1017 1399 1060 85
1431 1024 1470 1059 et
1495 1016 1556 1060 88
1586 1014 1701 1073 (epp.
1722 1014 1784 1060 90
1812 1022 1851 1059 et

287 1092 416 1147 347),
450 1109 561 1137 anno
594 1094 711 1138 1845
741 1103 822 1138 tres
852 1111 880 1138 a
909 1110 974 1138 me
1003 1097 1050 1138 in
1079 1110 1168 1138 meo
1198 1095 1326 1147 libro,
1364 1095 1441 1151 qui
1467 1093 1732 1137 inscribitur:
1765 1090 1848 1138 Ge-

287 1171 465 1215 sohiohte
501 1173 572 1214 des
611 1173 829 1216 deutschen
869 1173 1041 1217 Reiclies
1078 1181 1199 1216 unter
1237 1171 1406 1216 Conrad
1425 1171 1508 1215 III
1529 1187 1578 1229 p.
1599 1169 1851 1215 218—220

290 1247 405 1307 (epp.
428 1250 501 1302 95,
523 1249 626 1303 223,
648 1249 771 1304 283).

408 1327 558 1384 Itaque
596 1342 689 1370 cum
733 1318 870 1370 omnes
912 1328 1096 1371 Wibaldi
1131 1327 1326 1384 epistolas
1371 1328 1422 1369 de
1465 1328 1626 1383 inteqro
1670 1325 1849 1369 edendas

289 1406 576 1461 suscepissem,
619 1406 792 1449 eundem
821 1407 964 1462 utique
994 1406 1193 1458 codicem,
1228 1406 1304 1462 qui
1330 1406 1512 1447 maa-ime
1539 1418 1627 1447 rem
1657 1403 1847 1456 continet,

292 1495 419 1537 quam
457 1483 713 1526 exactissime
749 1483 1062 1526 describendum
1101 1484 1226 1533 dua-i3
1265 1483 1341 1538 qui
1377 1482 1543 1538 quidem
1578 1481 1851 1538 pan-auhsum

292 1558 538 1602 liberalitate
569 1568 789 1617 porrectus
827 1561 885 1603 ad
913 1562 1078 1617 prioris
1114 1561 1306 1603 editionis
1336 1573 1488 1602 naevos
1517 1558 1718 1602 tollendos
1747 1557 1854 1601 milti

292 1638 455 1693 eyreyio
485 1639 586 1680 usui
601 1637 708 1693 fuit.
758 1637 846 1681 Sed
874 1639 920 1680 in
951 1638 1187 1694 diqerendis
1225 1651 1387 1694 quoque
1426 1637 1651 1680 secundwm
1679 1643 1852 1679 aetatem

292 1714 476 1770 epistolis
507 1731 535 1757 a
564 1715 833 1758 Marteniano
873 1716 1019 1758 ordine
1055 1716 1222 1772 saepius
1258 1715 1551 1757 discedendum
1585 1728 1670 1757 esse
1698 1714 1850 1756 censui.

290 1791 460 1834 Etenim
489 1793 540 1834 de
570 1793 848 1850 complurium
878 1793 1147 1850 epistolarum
1177 1801 1357 1850 tempore
1385 1807 1471 1835 non
1495 1792 1618 1835 modo
1640 1806 1691 1835 ea>
1710 1805 1853 1834 earum

291 1869 412 1912 rebus
442 1870 530 1911 iam
559 1872 794 1913 accuratius
825 1871 1053 1928 intelliqere
1084 1871 1213 1924 licuit,
1245 1871 1318 1914 sed
1337 1871 1572 1926 ceteroquin
1599 1870 1722 1913 etiam
1741 1882 1852 1912 seve·-

291 1948 382 1989 rius
414 1948 567 1990 tuenda
598 1948 829 1991 litterarum
867 1949 1157 1992 distributione
1192 1949 1239 1991 in
1267 1949 1361 2005 ipso
1392 1948 1532 1991 codice
1548 1947 1688 2004 facta.
1737 1945 1854 1990 Nam

293 2039 387 2067 cum
415 2026 585 2068 minime
615 2026 834 2070 obscurum
871 2029 945 2081 sit,
985 2027 1140 2070 codicis
1171 2026 1368 2069 librarios
1399 2025 1734 2082 chronoloyiowm
1763 2025 1853 2082 epi-

293 2175 392 2213 baldi
423 2175 607 2222 quondam
641 2176 867 2214 stabulensis
900 2176 1061 2225 abbatis3
1095 2178 1198 2214 cuius
1228 2176 1466 2224 archetypum
1495 2185 1756 2223 pergameum
1783 2173 1854 2212 sibi

293 2238 470 2282 usurpant
484 2235 830 2273 Malmundarienses
841 2236 871 2273 “.
891 2257 935 2263 —-
952 2237 1029 2274 Nee
1052 2240 1160 2273 vacat
1182 2236 1261 2283 ipse
1280 2236 1396 2272 codex
1418 2238 1542 2272 noster
1557 2233 1853 2271 membranaceus

293 2294 461 2340 vestigiis
485 2295 776 2331 commorationis
800 2295 1148 2345 Malmundariensis.
1185 2295 1530 2332 Malmundarienses
1554 2294 1668 2340 enim,
1692 2293 1731 2330 in
1754 2291 1852 2329 dioe-

294 2354 370 2390 cesi
393 2353 599 2390 Coloniensi
621 2355 742 2400 positi,
767 2355 943 2391 coenobio
968 2355 1186 2400 stabulensi,
1211 2354 1249 2390 in
1265 2354 1458 2390 Leodiensi
1480 2353 1649 2400 paroecia
1671 2352 1753 2398 sito,
1775 2350 1854 2388 fere

295 2423 440 2459 semper
462 2413 565 2449 inviti
588 2412 785 2460 parebant3
810 2418 852 2450 ut
875 2415 1022 2460 cog-nitu
1045 2413 1216 2461 perfacile
1241 2413 1299 2459 sit,
1324 2423 1434 2459 quam
1458 2411 1505 2449 ob
1529 2422 1606 2449 rem
1629 2412 1668 2448 in
1691 2421 1748 2458 ep.
1771 2411 1852 2458 150,

295 2472 359 2509 ubi
373 2471 564 2509 wibaldus
588 2472 748 2518 scripsit:
777 2473 910 2519 „Unde
934 2484 1016 2510 cum
1032 2476 1295 2510 reverteremur
1319 2471 1367 2507 ad
1389 2472 1728 2518 preposituram
1752 2480 1852 2507 mon-

296 2532 419 2568 asterii
449 2529 744 2568 stabulensis
776 2532 892 2577 quod
923 2532 1223 2568 Malmundarium
1255 2530 1468 2578 dieitur“,
1505 2541 1610 2567 erasa
1641 2530 1713 2566 sint
1741 2527 1855 2566 verba

295 2590 403 2627 haee:
431 2589 750 2638 „preposituram“
778 2595 815 2627 et
842 2590 1096 2638 „Stabulensis
1120 2590 1246 2638 quod“
1273 2593 1311 2626 et
1330 2589 1517 2637 „dicim-‘¹
1544 2590 1593 2634 (v.
1610 2599 1720 2635 supra
1733 2599 1771 2635 p.
1784 2587 1855 2624 234

295 2662 331 2686 n.
348 2649 406 2697 b);
439 2659 550 2696 quare
580 2647 667 2685 item
697 2649 791 2686 erasi
823 2650 896 2686 sint
923 2651 1014 2687 varii
1042 2650 1113 2687 loci
1142 2649 1189 2687 ad
1212 2649 1388 2686 Leodium
1412 2649 1633 2696 pertinentes
1656 2648 1705 2692 (v.
1730 2657 1787 2694 ep.
1806 2646 1854 2683 58

296 2720 407 2756 supra
430 2720 466 2756 p.
486 2708 552 2745 137
576 2718 612 2743 ιι.
629 2706 674 2755 b3
706 2718 762 2754 ep.
780 2709 826 2744 59
857 2720 892 2755 p.
912 2709 980 2746 138
1012 2721 1048 2746 n.
1066 2720 1108 2757 a3
1141 2719 1197 2756 ep.
1217 2709 1284 2745 107
1308 2719 1344 2755 p.
1364 2708 1432 2744 183
1463 2719 1498 2744 n.
1517 2718 1556 2754 a,
1577 2706 1620 2754 b,
1638 2717 1677 2754 ος
1709 2716 1767 2753 ep.
1784 2705 1854 2742 108

296 2768 431 2805 ibidem
455 2779 490 2804 n.
509 2767 534 2803 d
558 2769 595 2803 et
616 2777 652 2813 p.
671 2766 740 2803 184
763 2778 799 2803 n.
816 2768 864 2812 a).

391 2847 425 2882 2.
450 2843 622 2881 Testibus
637 2843 812 2880 Martenio
828 2848 866 2880 et
882 2845 1069 2882 Durandio
1088 2845 1126 2881 in
1138 2845 1223 2883 Vet.
1244 2844 1373 2890 script.
1391 2843 1549 2889 ampliss.
1569 2842 1649 2879 eoll.
1668 2841 1704 2878 11
1721 2851 1757 2887 p.
1772 2841 1852 2877 182.

297 2905 331 2940 3.
363 2905 408 2941 V.
434 2903 572 2941 Archiv
595 2902 653 2940 fiir
675 2904 786 2940 altere
810 2903 985 2940 deutsche
1009 2903 1347 2941 Gesehiehtskunde
1370 2902 1452 2940 VH.
1476 2913 1512 2947 p.
1525 2902 1607 2938 878.
1700 2900 1735 2937 4.
1759 2909 1854 2946 quae

297 2963 409 3000 editio
432 2964 587 3009 repetita
610 2966 668 2999 est
690 2974 714 2999 a
736 2963 765 2998 Ι.
783 2963 824 2998 Ρ.
844 2963 965 3008 Migne
988 2963 1025 2999 in
1050 2963 1277 3008 Patrologiae
1301 2966 1399 2999 tomo
1424 2962 1503 2997 189.
