1924 3288
305 169 392 212 496
751 182 949 213 wmALm
977 181 1224 214 arma-omn
1251 182 1322 214 367.
1345 182 1416 214 ses.

187 279 279 358 {352
304 288 460 332 papae,
496 275 542 319 in
571 276 688 320 cuius
719 276 926 332 legatione
957 290 1122 333 sumus,
1152 277 1389 321 reverentia
1418 279 1460 321 et
1487 290 1566 335 pro
1595 279 1739 323 nestro
1766 285 1864 336 per·-

217 338 232 358 θ
254 337 278 358 r.
303 355 430 409 petuo
476 353 646 397 servitio
691 355 917 411 optinendo
956 368 1080 411 agere
1117 355 1168 399 de
1206 356 1292 398 ista
1326 355 1617 399 controversia
1645 354 1866 412 differam,

305 430 436 474 donec
467 431 520 474 ad
541 445 615 475 vos
636 431 726 476 Deo
757 432 934 477 ducente
963 434 1268 490 pervenientes,
1301 433 1475 477 consilio
1505 433 1716 489 abbatum,
1746 432 1863 477 vide-

303 507 403 552 licet
433 507 780 566 Gemblacensis',
819 510 1095 568 Florinensis,
1125 511 1368 567 Lobiensis,
1399 509 1702 567 Floreffiensis,
1731 509 1873 555 Malo-2

303 586 481 642 niensis,
521 600 589 643 ea,
627 601 733 644 quae
765 592 863 632 sunt
893 589 946 633 ad
983 602 1131 647 pacem
1167 591 1278 634 inter
1314 603 1389 633 vos
1428 591 1471 633 et
1507 588 1661 632 iratres
1697 590 1864 632 nostros

303 662 675 721 Walciodorenses,
706 665 822 723 loqui
851 670 894 711 et
923 680 1046 723 agere
1071 667 1300 711 valeamus.
1348 666 1443 710 Non
1464 666 1577 710 enim
1606 665 1751 711 credat
1775 656 1865 710 dis-

304 742 433 807 cretio
469 745 630 798 vestra,
676 744 787 800 quod
832 744 991 802 aliquid
1032 745 1079 789 in
1116 745 1260 790 eadem
1299 757 1424 788 causa
1462 757 1708 801 queramus,
1753 743 1864 801 quod

302 833 443 863 meum
473 820 547 877 sit,
584 824 648 864 set
678 835 784 878 quae
814 822 908 867 Iesu
938 822 1107 867 Christi.
1170 822 1227 867 Et
1255 826 1436 866 matrem
1465 825 1655 866 nostram
1683 819 1865 867 Walcio-

303 898 522 942 dorensem
561 899 804 943 aecclesiam
834 900 983 944 violari
1021 905 1063 945 et
1099 901 1294 944 imminui
1330 914 1414 944 non
1445 899 1642 944 debemus
1671 899 1773 957 pati*
1786 901 1864 943 aut

303 990 538 1034 possumus,
569 978 734 1022 etiamsi
754 991 920 1022 omnem
941 978 1233 1034 substantiam,
1260 991 1385 1035 quam
1405 978 1620 1036 possidere
1639 977 1862 1033 cernimur,

302 1068 379 1112 pro
411 1055 558 1100 eadem
588 1069 715 1100 causa
745 1056 979 1114 expendere
1009 1057 1269 1101 haberemus.

306 1212 423 1261 368.
450 1216 796 1261 walciodorenses
819 1217 1052 1262 Wibaldum
1081 1226 1241 1276 royant,
1273 1235 1325 1261 ne
1354 1219 1539 1276 ipsorum
1562 1217 1770 1282 abbatiam
1792 1218 1875 1260 a'e'f

450 1296 586 1353 cipere
617 1297 781 1339 abnuat.
1649 1292 1720 1348 (Μ.
1743 1292 1863 1348 3491)

184 1391 277 1428 1152
419 1383 623 1427 Doctrina
652 1384 780 1428 totius
811 1384 1058 1441 prudentiae
1087 1384 1244 1440 insigni
1274 1384 1425 1428 domno
1456 1383 1704 1439 Wfibaldo),
1736 1380 1862 1428 abha-

187 1440 275 1472 Febr'
300 1465 392 1505 tum
430 1461 617 1518 egregio,
656 1461 951 1506 consolationis
982 1476 1082 1506 suae
1114 1463 1300 1506 esuriens
1331 1461 1598 1519 prudentiam
1627 1460 1870 1518 Walciodo-⁴

300 1539 486 1583 rensium
516 1543 757 1596 conventus,
789 1540 1007 1597 utriusque
1034 1539 1146 1584 'vitae
1176 1539 1473 1584 iocunditatem
1503 1553 1582 1597 per
1610 1534 1871 1583 moderatio?

301 1625 399 1661 nem
428 1630 571 1661 sacrae
602 1617 926 1675 dispensationis
958 1617 1190 1674 adquirere.

419 1694 666 1739 Venerande
696 1699 817 1753 pater
848 1699 889 1740 et
919 1696 1106 1752 domine,
1139 1695 1338 1739 destituto
1368 1708 1493 1750 grege
1522 1696 1666 1738 nostro
1694 1692 1758 1752 pii
1785 1707 1861 1752 pa-

302 1773 427 1817 storis
440 1769 452 1790 ¹
487 1772 657 1829 solati0,
705 1773 794 1817 eius
832 1772 940 1818 ovile
978 1773 1187 1817 morsibus
1225 1773 1504 1831 plurimorum
1540 1771 1861 1830 cimumqu‘aque

301 1851 557 1895 unanimiter
575 1850 844 1895 latrantiumb
864 1852 1014 1908 patuit.
1045 1850 1243 1908 Metuque
1261 1851 1383 1895 istius
1399 1850 1580 1908 impetus
1595 1849 1863 1895 vehementer

303 1930 513 1986 commoti,
543 1928 691 1987 procul
721 1929 846 1973 dubio
868 1930 1153 1985 cognoscimus
1174 1929 1328 1973 talibus
1347 1928 1524 1984 inditiis,
1555 1927 1753 1986 quoniam
1773 1927 1874 1972 eius·

302 2007 450 2051 mortis
482 2020 651 2051 occasus
681 2009 849 2050 nostrae
881 2008 962 2051 erit
992 2007 1260 2052 desolationis
1292 2010 1477 2063 eventus,
1509 2006 1592 2050 nisi
1621 2005 1873 2063 periclitam

303 2084 415 2129 tibus
462 2084 582 2129 nobis
627 2087 791 2129 vestrae
835 2085 1082 2142 prudentiae
1127 2099 1300 2143 presens
1345 2084 1526 2128 adfuerit
1566 2083 1860 2128 consolationis

302 2166 462 2221 portus.
523 2162 614 2206 Hac
649 2163 791 2219 itaque
827 2163 1155 2208 conturbationis
1187 2163 1472 2207 controversia
1499 2161 1727 2220 pavefacti,
1747 2158 1875 2220 ‘posti

302 2240 440 2284 Deum
477 2240 647 2297 eiusque
685 2239 951 2297 genitricem,
988 2241 1275 2285 beatissimam
1304 2240 1498 2284 videlicet
1531 2238 1731 2296 Mariam,
1768 2238 1861 2298 spei

303 2321 471 2363 nostrae
502 2317 684 2362 anchora
712 2318 756 2361 in
788 2318 883 2362 sinu
913 2322 1078 2364 vestrae
1109 2319 1404 2363 consolationis
1434 2317 1646 2374 collocata,
1681 2317 1759 2362 sub
1786 2328 1860 2362 ve*-

303 2400 485 2441 strarum
517 2395 678 2440 alarum
707 2397 966 2453 protectione
997 2397 1278 2454 confugimus3
1311 2409 1359 2441 ac
1382 2397 1432 2440 de
1452 2398 1593 2440 vestra
1610 2394 1679 2439 fisi
1697 2394 1868 2451 magni-⁴

302 2474 382 2520 fica
417 2475 593 2534 pietate,
635 2474 829 2531 quatinus
869 2475 921 2519 ab
960 2475 1196 2519 imminenti
1233 2473 1418 2532 periculo
1455 2477 1497 2518 et
1532 2486 1609 2517 nos
1645 2475 1688 2517 et
1714 2470 1873 2516 nosti-a⁴

303 2556 443 2598 vestro
472 2551 756 2596 moderamine
785 2551 1029 2610 liberentur,
1059 2567 1134 2598 vos
1162 2553 1215 2596 ad
1234 2553 1422 2608 regimen
1442 2551 1675 2595 animarum
1694 2552 1859 2594 nostra·

303 2646 399 2676 rum
433 2630 746 2686 custodiamque
776 2630 1086 2675 imminentium
1117 2631 1416 2675 adversitatum
1446 2628 1655 2673 communi
1687 2638 1859 2672 assensu

305 2710 493 2754 omnium
520 2709 567 2752 in
597 2707 789 2752 abbatem
820 2707 1032 2764 elegimus.
1083 2708 1202 2753 Votis
1233 2708 1362 2764 igitur
1390 2705 1730 2764 precordialibus,
1760 2716 1858 2749 con-

303 2787 445 2832 silium
474 2790 639 2831 vestrae
669 2785 1064 2831 amminiculationis
1093 2786 1214 2831 nobis
1245 2786 1411 2841 adesse,
1442 2783 1724 2842 deposcimus,
1755 2793 1862 2840 quae·

401 2887 428 2908 a.
457 2875 682 2907 Glembacensis
703 2887 727 2906 c.
813 2875 841 2906 b.
870 2859 1043 2907 latrantium
1064 2888 1089 2907 c.

399 2935 433 2972 1.
458 2933 674 2972 Theoderici
698 2932 853 2970 abbatis.
