1924 3288
543 182 740 213 wfflALm
770 179 1018 226 Eprs'romn
1048 179 1118 210 355.
1143 179 1213 210 356.
1573 166 1660 209 487

93 278 193 334 dus)
216 277 484 324 Gorbeicnsis
520 277 648 322 abbas
679 290 850 333 gravem
881 277 924 320 in
957 275 1127 320 auribus
1158 274 1314 318 nostris
1345 272 1560 331 querelam
1591 273 1662 317 de-

93 357 248 415 posuit,
284 357 396 414 quod
411 364 413 366 “
427 355 693 402 widikindus
724 354 1027 412 parrochianus
1057 357 1154 397 tuus
1187 365 1282 396 cum
1313 351 1564 409 quibusdam
1596 365 1663 394 sa-

92 434 297 480 tellitibus
328 435 415 479 suis
446 433 699 479 cimiterium
731 432 996 477 Corbeiensis
1027 431 1273 475 monasterii
1295 429 1501 474 violenter
1529 429 1663 472 intra-

94 513 205 559 verit
234 516 277 558 et
295 513 440 558 valens
465 514 548 557 100
578 524 816 556 marcarum
848 524 954 554 ausu
980 509 1182 565 sacrilego
1203 509 1301 552 inde
1322 507 1555 563 abstulerit,
1586 519 1664 551 nec

94 605 182 637 non
209 591 429 650 capellam,
462 604 568 648 quae
597 591 643 634 in
672 593 797 647 porta
825 589 960 646 ipsius
992 587 1189 632 cimiterii
1218 586 1446 631 constituta
1465 588 1543 642 est,
1574 585 1664 629 vio-

94 669 201 715 lavit
229 673 285 727 et,
317 683 425 727 quae
453 669 514 713 ibi
541 668 716 724 invenit,
749 681 854 711 ausu
875 667 1037 711 nefario
1060 666 1224 710 auferre
1243 664 1516 722 presumpsit.
1559 663 1666 716 Quia

93 748 226 805 igitur
255 747 310 792 ad
338 750 531 792 nostrum
560 749 724 804 spectat
754 745 950 801 officium,
983 747 1124 789 errata
1153 744 1362 799 corrigere
1393 746 1437 786 et
1461 741 1664 786 laicorum

94 826 454 886 presumptionem
473 825 592 869 freno
612 825 806 868 iusticiae
827 823 1060 879 cohercere,
1081 836 1156 880 per
1175 822 1391 879 presentia
1408 821 1489 864 tibi
1508 820 1667 878 scripta

94 905 358 960 mandamus,
391 904 586 960 quatinus
615 903 853 961 predictum
873 900 1164 946 Widikindum
1194 903 1237 944 et
1254 899 1349 943 illos
1371 913 1530 954 omnes,
1562 912 1666 955 quos

95 983 146 1027 in,
169 983 334 1041 prefata
362 982 556 1039 nequicia
585 995 726 1026 secum
755 980 951 1024 habuisse
982 979 1227 1034 dinoscitur,
1264 978 1453 1021 districte
1483 990 1666 1020 commo-

94 1075 211 1118 neas,
245 1064 295 1105 ut
322 1061 487 1118 prefato
517 1059 773 1104 monasterio
806 1058 948 1103 ablata
964 1057 1203 1111 ‚restituant
1233 1059 1275 1100 et
1305 1056 1358 1099 de
1387 1058 1507 1099 tanto
1538 1055 1666 1099 sacri-

94 1140 204 1196 legio
235 1138 486 1195 condignam
516 1138 845 1182 satisfactionem
877 1136 1121 1190 exhibeant3
1159 1135 1345 1191 alioquin
1374 1133 1666 1178 Widikindum

96 1221 139 1264 et
168 1217 392 1276 complices
424 1230 520 1260 suos
552 1215 691 1272 gladio
724 1215 1002 1259 anathematis
1033 1213 1214 1258 Domino
1247 1215 1416 1257 auctore
1446 1211 1664 1269 percellas.

95 1296 209 1342 Data
237 1295 407 1352 Signiae
436 1298 485 1339 ut
514 1307 654 1352 supra.

100 1504 216 1554 356.
247 1505 460 1565 Euqenius
475 1505 558 1548 III
570 1519 694 1563 papa
714 1503 971 1547 Herimanno
998 1503 1188 1560 episcopo
1213 1501 1252 1544 T
1247 1501 1464 1543 raiectensi
1482 1500 1666 1555 mandat,

97 1570 102 1574 ”
243 1591 290 1627 ut
311 1584 520 1627 ecclesiam
540 1582 887 1626 Linewertensem
909 1588 948 1623 ec
965 1579 1154 1623 Merthen
1169 1580 1407 1638 praedium,
1430 1579 1670 1621 monasterii

246 1662 498 1706 Corbeiensis
524 1661 810 1718 possessiones,
843 1666 1016 1701 tueatur.
1449 1653 1521 1709 (M.
1546 1654 1666 1709 333.)

215 1761 353 1806 Idem
389 1775 524 1819 papa
560 1760 879 1804 Herimanno
919 1758 1250 1803 Traiectensi
1289 1757 1552 1814 episeopo.

216 1840 355 1885 Officii
370 1852 446 1883 nos
464 1841 676 1882 ammonet
691 1841 734 1882 et
747 1838 941 1881 hortatur
954 1837 1194 1892 auctoritas,
1207 1838 1255 1879 ut
1265 1833 1452 1879 fidelium
1465 1833 1667 1890 omnium,

97 1920 281 1964 maxime
317 1917 632 1974 religiosorum,
675 1915 903 1960 commodis
941 1918 1117 1973 paterno
1159 1912 1310 1957 affectu
1345 1913 1588 1970 prospicere
1626 1916 1668 1956 et

98 2011 243 2042 eorum
271 1995 447 2061 utilitati
476 1994 658 2038 Domino
691 1996 860 2037 auctore
891 1993 1116 2037 salubriter
1146 1991 1414 2049 providere³.>
1465 1990 1669 2042 Quocirca

98 2089 174 2134 per
202 2067 418 2133 presentia
447 2073 606 2131 scripta
634 2072 891 2116 fraternitati
919 2075 1017 2115 tuae
1047 2069 1310 2125 mandamuS,
1342 2069 1540 2126 quatinus
1570 2082 1668 2126 pos-

99 2153 307 2198 sessiones
327 2151 591 2196 Corbeiensis
623 2150 862 2205 aecclesiae,
895 2162 1001 2206 quae
1030 2148 1075 2191 in
1106 2152 1180 2192 tua
1203 2147 1358 2191 diocesi
1378 2160 1469 2191 esse
1488 2160 1668 2190 noscun-

98 2235 189 2288 tur,
227 2229 425 2274 videlicet
463 2228 708 2273 aecclesiam
748 2228 799 2271 de
828 2226 1041 2271 Linewert
1078 2229 1120 2270 et
1154 2224 1349 2283 predium
1380 2225 1432 2269 de
1460 2224 1666 2281 Merthen,

101 2309 156 2354 ad
185 2308 501 2353 corbeiensium
536 2307 717 2351 fratrum
746 2305 975 2349 utilitatem
1006 2305 1057 2349 ab
1087 2302 1193 2360 illis,
1233 2303 1305 2360 qui
1336 2317 1406 2347 eas
1436 2302 1668 2347 moliuntur

100 2387 277 2443 auferre,
308 2386 506 2430 defendas
537 2398 586 2429 ac
614 2387 908 2438 manuteneas3
940 2396 1047 2440 quae
1078 2385 1218 2426 autem
1248 2382 1299 2426 de
1323 2382 1482 2426 eisdem
1500 2395 1667 2439 posses-

100 2465 286 2510 sionibus
317 2464 499 2508 alienata
529 2476 603 2507 seu
624 2462 829 2520 impedita
848 2461 1106 2518 cognoveris,
1138 2460 1336 2518 expedire
1355 2473 1405 2504 ac
1424 2459 1668 2515 recolligere

100 2543 395 2588 nichilominus
426 2542 626 2586 elabores.
682 2541 740 2585 Et
770 2540 831 2584 sic
861 2540 913 2584 de
943 2542 1108 2584 caetero
1138 2553 1264 2596 super
1293 2538 1373 2582 hoc
1401 2541 1444 2581 te
1476 2537 1665 2581 volumus

101 2636 193 2667 esse
223 2621 462 2676 sollicitum,
493 2634 547 2663 ne
568 2619 831 2663 Gorbeiensis
864 2618 1065 2663 aecclesia
1090 2618 1135 2661 in
1155 2617 1311 2661 eisdem
1331 2615 1666 2673 possessionibus

102 2700 243 2758 aliqua
270 2699 406 2757 possit
435 2699 619 2755 dampna
649 2697 817 2741 sentire.
879 2697 992 2741 Data
1022 2696 1191 2752 Signiae
1222 2696 1249 2739 5
1280 2694 1378 2739 Idus
1409 2692 1604 2738 Ianuarii.

198 2816 224 2838 a.
253 2806 417 2838 debeamus
438 2805 588 2836 excidisse
609 2804 735 2836 videtur.

1693 276 1781 311 1152

1688 325 1749 355 Ian.
1762 325 1781 355 9

1694 1764 1786 1800 1152

1691 1815 1752 1844 Ian.
1765 1815 1784 1845 9
