1930 3224
692 579 1007 636 ANNALES
1053 581 1499 638 CORBEIENSES

506 678 594 733 ET
628 675 1209 734 CHRONOGRAPHUS
1241 677 1677 735 CORBEIENSIS.

320 859 419 929 Qui
448 876 613 933 primus
647 873 750 917 haec
785 875 940 931 scripta
976 875 1020 917 in
1058 875 1271 933 public-mn
1301 876 1494 933 protulit,
1539 866 1869 936 Harenberqiue?

313 969 404 996 cum
434 960 473 995 et
500 952 709 1010 imperitia
740 958 778 994 et
804 952 973 995 libidine
999 953 1239 1009 yravissime
1269 968 1320 995 ea
1349 955 1613 1011 cormpisset,
1648 969 1810 999 summa
1838 970 1869 1000 a

310 1030 444 1072 Paulo
485 1024 727 1087 VViyandio²
757 1030 801 1071 in
831 1029 1092 1072 describendo
1125 1031 1262 1073 codice
1296 1030 1481 1075 adhibita
1510 1032 1753 1090 diliyentia,
1779 1034 1867 1076 iam

304 1109 482 1165 propius
511 1107 569 1150 ad
590 1122 730 1150 veram
751 1121 892 1149 eorum
912 1106 1102 1165 formam
1123 1108 1289 1151 accessit
1305 1103 1528 1152 Pon-taine.
1581 1109 1868 1154 Verumtamen

310 1200 459 1228 novam
487 1185 595 1227 hane
625 1185 841 1227 editionem
871 1191 1203 1242 comparaturus,
1242 1201 1334 1228 eum
1362 1187 1590 1230 necessario
1619 1189 1755 1245 ipsum
1783 1203 1866 1248 quo

310 1263 566 1306 continentem·
603 1262 800 1320 opuscula
838 1262 1037 1315 codicevm
1085 1278 1194 1305 nunc
1228 1264 1272 1305 in
1309 1264 1512 1307 tabulario
1552 1264 1869 1310 Mona-ctericus·

310 1347 571 1393 asservatum,
605 1339 799 1382 adhibere
828 1340 1067 1394 statuissem,
1099 1341 1135 1382 is
1165 1341 1336 1398 benique
1362 1356 1412 1384 ac
1430 1342 1652 1386 liberaliter
1670 1342 1750 1387 lmc
1766 1344 1864 1387 mio-

308 1433 376 1460 sus
416 1425 454 1460 et
491 1418 549 1460 ad
584 1417 763 1460 tollenda
800 1432 883 1459 non
915 1432 1055 1474 pauca
1094 1418 1194 1460 vitia
1230 1419 1393 1476 sinqula
1430 1426 1470 1462 et
1506 1420 1564 1463 ad
1591 1421 1712 1464 totius
1739 1421 1866 1466 libella·

275 1543 277 1545 ,
301 1502 447 1553 partes
477 1495 782 1552 distinyaendas
804 1494 1032 1552 plurimum
1061 1494 1163 1538 mila·
1183 1495 1361 1553 profuit.

430 1573 567 1616 Codex
605 1573 732 1629 iyitur
760 1572 1112 1627 membranaceus,
1150 1580 1312 1616 notatus
1342 1572 1361 1616 I
1389 1571 1437 1616 B.
1461 1574 1571 1630 243,
1611 1590 1732 1634 quem
1760 1592 1862 1636 quo-

306 1650 428 1692 modo
468 1665 577 1692 αηηο
609 1649 727 1693 1634
765 1650 816 1693 ab
846 1651 1011 1692 interitu
1037 1649 1136 1708 fors
1162 1649 1342 1708 fortwna
1380 1651 1604 1695 detraxerit
1637 1654 1682 1696 in
1719 1653 1863 1714 charta

307 1728 473 1785 teymini
503 1728 700 1770 anteriori
731 1727 986 1785 ayylutinata
1014 1727 1238 1771 monachus
1269 1728 1519 1772 Gor-beiensis
1548 1731 1762 1789 diliqenter
1790 1748 1861 1776 ca:-

298 1801 476 1863 posuit4,
507 1805 629 1848 hodie
650 1805 864 1848 duodecim
884 1804 999 1862 folia
1019 1805 1324 1863 comprehendit
1344 1808 1504 1864 partim
1522 1808 1683 1867 inteqra
1702 1811 1863 1868 partim

401 1909 435 1945 1.
466 1909 505 1945 in
535 1908 780 1946 Monumentis
809 1907 996 1945 historicis
1025 1908 1146 1946 adhuc
1174 1909 1335 1947 ineditis.
1369 1910 1659 1959 Braunschweig
1690 1913 1793 1951 1⁷58.
1829 1914 1866 1952 1..

309 1968 435 2004 1—45.
507 1969 542 2004 2.
567 1968 605 2004 in
629 1967 770 2004 Archiv
794 1967 855 2004 fiir
877 1968 1100 2006 Geschichte
1124 1969 1200 2005 und
1223 1968 1578 2008 Alterthumskuude
1600 1971 1862 2020 Weatphalem

305 2027 351 2064 V.
378 2028 519 2064 1-26.
591 2029 626 2065 3.
651 2027 690 2064 in
712 2028 936 2064 Monument.
955 2028 1078 2065 Germ.
1094 2028 1179 2066 hist.
1198 2028 1262 2066 SS.
1281 2029 1348 2065 ΙΠ.
1369 2030 1441 2065 1-
1454 2030 1510 2066 18.
1579 2031 1615 2068 4.
1639 2031 1710 2069 hoc
1731 2036 1858 2080 pacto:

305 2087 593 2133 „Fragmentum
623 2087 695 2124 hoc
724 2087 810 2123 libri
840 2088 1061 2134 pervetusti,
1094 2089 1132 2124 in
1163 2099 1236 2135 quo
1266 2088 1387 2125 adhuc
1416 2089 1519 2126 varia
1548 2090 1742 2128 ecclesiam
1764 2091 1860 2130 hanc
1903 2138 1906 2140 ¹

305 2145 563 2183 Corbeiensem
587 2147 845 2183 concernentia
873 2150 912 2184 et
941 2147 1013 2184 alia
1038 2147 1214 2185 historica
1243 2150 1418 2185 annotata
1446 2148 1638 2196 leguntur,
1667 2150 1859 2190 inventum

305 2206 439 2242 dicitur
463 2205 562 2252 apud
586 2206 833 2253 bibliopegam
858 2207 904 2242 M,
922 2207 1071 2243 Petrum
1096 2208 1220 2254 Pilger
1242 2208 1426 2244 Huxariae
1456 2218 1552 2245 auno
1577 2210 1686 2256 1634,
1717 2211 1860 2251 scilicet

305 2268 390 2311 post
413 2265 722 2312 expugnationem
746 2265 955 2311 praedictae
979 2266 1094 2303 urbis.
1129 2267 1209 2311 Quo
1232 2270 1397 2314 tempore
1421 2278 1444 2304 a
1458 2267 1655 2306 victorioso
1679 2269 1796 2308 milite
1817 2270 1857 2308 in

304 2325 422 2371 prima
451 2324 548 2361 furia
578 2325 674 2361 inter
702 2328 848 2362 caetera
877 2325 988 2362 etiam
1019 2326 1284 2372 pretiosissima
1313 2337 1478 2373 quaeque
1509 2329 1717 2366 monasterii
1740 2330 1858 2369 nostrl

305 2385 551 2430 Corbeiensis,
585 2395 680 2430 quae
704 2385 1028 2422 reverendissimus
1051 2386 1222 2423 dominus
1244 2386 1358 2423 abbas
1381 2386 1434 2423 ibi
1455 2397 1569 2433 penes
1593 2398 1650 2434 se,
1680 2391 1856 2437 tauquam

304 2444 342 2479 in
367 2454 497 2480 secura
521 2444 688 2481 custodia
711 2443 908 2490 detinebat,
933 2455 998 2491 pro
1023 2445 1138 2492 dolor,
1163 2445 1306 2492 direpta
1330 2448 1426 2483 sunt.
1462 2446 1652 2493 Reliquam
1668 2448 1753 2486 libri
1774 2460 1856 2496 par-

303 2507 377 2540 tem
402 2503 611 2550 praedictus
633 2503 845 2550 bibliopega
867 2504 940 2541 iam
964 2507 1043 2541 tum
1068 2505 1298 2542 consciderat
1315 2508 1354 2542 et
1368 2509 1651 2552 consumpserat.
1690 2508 1856 2557 Cumque

303 2563 432 2600 eodem
465 2567 630 2609 tempore
661 2562 882 2600 documenta
911 2567 1037 2601 nostra
1065 2564 1226 2602 literaria
1254 2575 1278 2602 a
1306 2563 1449 2602 furente
1478 2565 1594 2603 milite
1621 2577 1668 2603 ex
1691 2567 1794 2605 cistis
1816 2569 1855 2606 vi

303 2622 464 2660 effractis
488 2626 527 2659 et
549 2623 823 2669 perscrutandis
847 2623 965 2660 eiecta
982 2626 1021 2660 et
1036 2623 1202 2670 dispersa
1217 2624 1302 2670 sint,
1325 2624 1411 2661 hinc
1426 2625 1556 2662 mirum
1573 2635 1647 2663 uon
1662 2629 1730 2673 est,
1754 2627 1855 2675 quod

304 2682 418 2718 multa
441 2682 563 2729 sigilla
586 2682 660 2719 sint
683 2682 870 2720 confracta
893 2686 958 2720 aut
981 2684 1128 2730 penitus
1158 2695 1180 2721 a
1205 2684 1320 2722 literis
1343 2686 1527 2731 separata,
1558 2694 1643 2722 cum
1674 2685 1856 2725 iacuerint

303 2740 372 2777 sub
396 2741 553 2787 pedibus
578 2742 871 2779 conculcantium
902 2745 941 2779 et
969 2743 1269 2781 tumultuantium
1299 2743 1471 2790 militum,
1503 2743 1620 2781 donec
1643 2744 1759 2783 altera
1780 2746 1853 2794 die,

303 2800 430 2837 sedato
453 2801 602 2847 paulum
626 2802 796 2847 tumultu,
821 2801 893 2848 illa,
919 2813 1013 2849 quae
1037 2803 1159 2840 ablata
1182 2806 1221 2840 et
1243 2803 1386 2850 direpta
1404 2813 1478 2840 non
1496 2802 1651 2850 fuerant,
1676 2805 1807 2843 iterum
1830 2817 1855 2845 a

303 2860 438 2896 nostris
469 2861 543 2897 sint
573 2862 739 2898 collecta.
795 2862 852 2898 Ita
887 2863 1013 2899 notavi
1048 2873 1094 2899 ex
1124 2862 1300 2900 relatione
1334 2863 1517 2901 seniorum
1548 2867 1754 2903 nostrorum
1781 2871 1852 2914 ego

304 2917 415 2955 frater
437 2919 645 2957 Fridericus
668 2920 982 2966 (Sc)henckhausz
1004 2932 1100 2960 anno
1124 2921 1251 2958 1670‘2
