1924 3288
584 197 784 230 wmALm
810 197 1032 230 nmsrom
1061 196 1112 228 8⁶.
1550 184 1634 229 115

68 291 123 338 in
144 290 386 338 corbeiensi
414 292 669 337 monasterio
699 292 790 338 Deo
820 292 1019 349 militant,
1050 291 1247 337 devotam
1277 291 1562 337 obedientiam
1593 294 1635 335 et
1661 295 1752 331 1147

69 370 243 427 exiguas
272 370 483 415 orationes
514 370 560 414 in
588 370 784 415 Domino.
1668 345 1741 383 Ap*

187 447 412 493 Sanctitati
440 451 580 493 vestre
611 449 888 505 suggerimus,
920 449 1032 506 quod
1061 451 1159 507 post
1179 448 1485 507 depositionem
1505 446 1635 492 Hein-

67 525 146 572 rici
175 526 386 584 quondam
417 526 581 571 abbatis
610 527 759 583 nostri,
791 527 864 583 qui
895 527 920 571 a
946 526 1178 572 venerabili
1207 526 1346 583 legato
1366 529 1521 582 vestro,
1554 525 1635 569 sci-

66 603 168 650 licet
202 605 405 661 magistro
436 604 616 660 Thema,
653 617 731 662 pro
771 604 1006 649 manifestis
1046 605 1181 663 culpis
1219 604 1306 649 suis
1337 607 1380 648 et
1409 603 1635 648 confessis¹¹

6 735 7 738 Ἰ
67 682 266 728 canonice
296 682 350 727 ad
379 683 508 727 totius
538 682 784 727 monasterii
812 682 971 727 nostrib
1003 683 1196 739 salutem,
1229 682 1340 740 quod
1369 682 1461 740 ipse
1490 681 1635 726 multis

67 761 204 806 modis
234 760 449 817 vastabat,
488 761 714 805 destitutus
747 763 829 817 est,
862 761 1133 805 convenimus
1164 762 1209 804 in
1238 774 1466 818 personam
1496 760 1635 805 cuius-

69 839 168 884 dam
202 838 348 884 fratris
384 839 521 883 nostri
550 838 774 895 Heinrici⁰‚
815 839 887 896 qui
918 838 1103 883 officium
1132 840 1425 897 prepositurae
1456 838 1636 882 admini-

69 917 249 974 strabat,
290 920 334 961 et
363 916 563 973 elegimus
595 931 711 973 eum,
744 917 995 974 quibusdam
1025 917 1101 962 de‘¹
1131 917 1332 961 fratribus
1363 916 1521 960 nostris
1551 930 1637 960 non

69 995 391 1041 assentientibus
421 999 464 1040 et
491 995 635 1039 multis
667 1009 720 1039 ex
749 994 856 1039 laico
888 995 1034 1039 ordine
1063 995 1404 1051 reclamantibus,
1437 995 1510 1052 qui
1537 1009 1636 1053 par-

67 1073 181 1119 tibus
218 1073 399 1132 depositi
432 1073 547 1117 illius
583 1073 836 1131 pertinatius
874 1074 1078 1118 faverant.
1142 1073 1223 1126 Qui
1242 1067 1243 1070 '
1259 1076 1357 1133 post
1388 1087 1509 1117 suam
1538 1087 1637 1130 pro-

68 1151 297 1196 motionem
332 1151 478 1209 paucis
514 1151 730 1211 mensibus
764 1151 932 1208 vivens,
972 1152 1062 1196 vita
1098 1151 1279 1196 decessit
1309 1155 1352 1196 et
1381 1164 1458 1195 nos
1488 1150 1636 1208 plenos

69 1243 232 1275 merore
270 1242 320 1274 ac
349 1229 650 1286 sollicitudine,
687 1243 773 1273 non
803 1230 894 1274 sine
926 1229 1067 1287 aliqua
1096 1229 1307 1274 discordia
1335 1229 1518 1286 reliquit.
1580 1229 1639 1273 Et

70 1308 269 1366 quoniam
303 1321 382 1366 per
420 1308 620 1352 abbatum
655 1310 898 1352 nostrorum
934 1307 1235 1363 negligentiam
1271 1321 1350 1365 per
1388 1321 1519 1351 annos
1549 1307 1638 1351 fere

71 1385 375 1444 quinquaginta
410 1399 478 1430 res
516 1385 763 1430 monasterii
792 1386 930 1430 nostri
959 1389 1002 1430 et
1031 1385 1215 1442 dignitas
1245 1389 1335 1430 tam
1363 1386 1478 1429 intus
1510 1399 1638 1442 quam

69 1464 171 1509 foris
207 1463 321 1508 ultra
357 1478 484 1521 quam
522 1464 637 1508 credi
672 1464 809 1521 possit
845 1463 1079 1508 inminutae
1120 1467 1219 1508 sunt
1258 1467 1301 1508 et
1344 1478 1421 1508 nos
1466 1463 1637 1521 penitus

70 1542 295 1587 concordes
331 1556 416 1586 non
454 1556 642 1598 eramus,
680 1541 799 1585 nulla
836 1545 938 1586 tunc
973 1542 1020 1585 in
1050 1542 1254 1586 aecclesia
1281 1545 1429 1586 nostra
1457 1555 1640 1599 persona

70 1620 253 1665 inveniri
281 1621 434 1678 potuit,
467 1634 574 1677 quae
604 1619 795 1664 sufficere
824 1623 970 1677 posset
1001 1620 1054 1663 ad
1085 1619 1318 1676 alligandas
1341 1620 1615 1664 contritiones
1629 1616 1640 1636 ¹

70 1701 251 1755 nostras,
283 1701 326 1742 et
354 1701 424 1742 ut⁸
451 1696 530 1741 filii
549 1697 631 1742 Dei
661 1701 703 1742 et
733 1697 958 1742 aecclesiae
989 1701 1173 1754 nostrae,
1206 1698 1278 1755 qui
1300 1698 1483 1755 dispersi
1504 1701 1637 1753 erant,

71 1779 424 1833 congregarentur
460 1775 507 1819 in
544 1772 709 1819 unum².
772 1776 850 1821 His
887 1776 1210 1821 necessitatibus
1251 1777 1405 1832 coacti,
1443 1776 1639 1820 invocata

71 1855 206 1899 sancti
235 1853 417 1912 Spiritus
447 1854 585 1909 gratia
615 1857 658 1897 et
687 1853 874 1899 adhibito
905 1855 1198 1911 religiosorum
1229 1857 1271 1898 et
1300 1855 1556 1912 sapientium
1575 1854 1638 1898 vi-

70 1946 216 1977 rorum
244 1931 433 1987 consiliu,
465 1931 678 1975 communi
707 1932 896 1976 omnium
925 1932 1132 1976 desiderio
1164 1932 1255 1976 sine
1286 1931 1412 1975 ullius
1432 1945 1638 1989 personae

71 2023 249 2066 magnae
279 2009 347 2054 vel
376 2023 533 2067 parvae
564 2009 907 2066 contradictione,
939 2010 1068 2054 immo
1099 2009 1342 2054 favorabilif
1363 2010 1552 2054 omnium
1571 2023 1638 2053 as-

73 2102 212 2145 sensu,
242 2090 438 2147 presente
470 2091 512 2131 et
542 2087 785 2132 consulente
814 2088 936 2132 nobis
966 2088 1013 2131 in
1043 2088 1089 2132 id
1118 2088 1260 2145 ipsum
1289 2087 1521 2132 venerabili
1549 2086 1637 2131 filio

72 2169 212 2211 vestro
242 2165 520 2221 B(ernhard0)
547 2164 933 2210 Patherbrunnensi
964 2166 1159 2223 episcopo
1167 2162 1196 2221 ³,
1228 2165 1430 2222 elegimus
1449 2166 1572 2210 nobis
1592 2166 1638 2208 in

72 2243 255 2302 capitulo
285 2246 430 2288 nostro
459 2242 660 2287 Corbeiae
687 2243 734 2287 in
762 2247 928 2301 patrem
959 2246 1002 2287 et
1029 2246 1269 2300 pastorem⁸
1296 2244 1532 2287 animarum
1562 2257 1638 2287 no-

73 2325 269 2378 strarum,
299 2322 346 2366 in
375 2321 570 2366 abbatem
601 2320 760 2364 scilicet
781 2324 823 2364 et
842 2321 1058 2365 dominum
1078 2323 1271 2365 nostrum
1281 2321 1310 2377 ¹⁸,
1345 2320 1638 2365 Stabulensem

73 2399 267 2445 abbatem
297 2399 497 2443 domnum
516 2397 784 2453 wiboldum¹‚
816 2398 934 2442 cuius
962 2397 1166 2454 religione
1196 2402 1239 2443 et
1265 2398 1516 2456 prudentiak
1536 2398 1638 2442 Cor-

71 2477 240 2522 beiense
269 2477 571 2521 monasterium
601 2476 655 2519 ad
684 2475 912 2532 pristinum
942 2489 1043 2519 suae
1073 2475 1290 2530 dignitatis
1322 2479 1480 2520 statum
1506 2476 1638 2519 refor-

73 2555 182 2599 mari
224 2555 371 2612 possit.
433 2554 553 2606 Quod
598 2567 693 2597 cum
732 2553 871 2596 facere
912 2555 955 2596 et
994 2552 1188 2596 electioni
1224 2556 1394 2597 nostrae
1433 2553 1639 2597 assentire

72 2632 216 2677 multis
256 2633 402 2677 diebus
431 2632 641 2676 renuisset
673 2634 715 2675 et
743 2644 820 2688 per
849 2633 1016 2674 nostros
1046 2629 1206 2686 legatos
1238 2630 1425 2675 abstrahi
1456 2631 1510 2674 ad
1540 2644 1637 2675 con-

171 2778 198 2800 a.
221 2770 252 2800 et
272 2769 420 2800 confessis
435 2780 491 2799 om.
507 2770 536 2799 1.
598 2768 629 2799 b.
643 2768 742 2798 nostri
755 2779 815 2798 om.
825 2768 854 2797 2.
918 2775 943 2797 c.
958 2766 1093 2797 Heinrici
1108 2779 1165 2797 om.
1177 2768 1207 2798 2.
1271 2767 1300 2797 d.
1323 2776 1359 2797 ex
1374 2768 1403 2797 2.
1466 2777 1492 2798 e.
1506 2769 1597 2807 prout
1609 2769 1637 2798 1.

72 2821 94 2854 f.
121 2821 248 2853 favorali
276 2823 305 2853 1.
397 2831 426 2860 g.
454 2823 560 2852 nostro
586 2822 619 2852 in
645 2823 763 2861 patrem
790 2822 821 2850 et
846 2821 999 2859 pastorem
1026 2819 1169 2851 Corbeiae
1200 2821 1228 2850 1.
1318 2819 1350 2851 11.
1376 2821 1514 2851 nostrum
1536 2833 1593 2852 om.
1608 2823 1637 2852 1.

73 2875 95 2907 i.
115 2875 306 2907 Wieboldum
328 2877 357 2906 2.
439 2874 470 2906 k.
491 2874 667 2914 religionem
689 2875 720 2905 et
739 2873 931 2913 prudentiam
952 2875 981 2904 1.

171 2952 205 2987 1.
237 2950 293 2988 Cf.
317 2951 378 2987 Ps.
398 2950 476 2995 146,
494 2951 529 2987 3.
625 2952 658 2986 2.
690 2949 769 2987 1011.
788 2950 843 2995 11,
861 2948 918 2985 52.
1015 2949 1049 2985 3.
1077 2949 1338 2986 1128-1160.

1298 3013 1353 3051 8-1ε
