1924 3288
507 214 708 247 wmALm
736 213 986 246 nP1s‘r0LAn
1015 212 1086 244 200.
1110 211 1181 244 201.
1540 197 1628 242 319

59 310 267 368 volumus,
297 314 359 367 ut,
379 309 546 355 rediens
566 309 657 354 Deo
677 312 954 368 prosperante
975 308 1029 352 ad
1047 321 1125 352 nos
1138 304 1162 364 ¹,
1189 305 1296 351 nulli
1314 303 1556 350 mortalium
1577 305 1628 349 de

60 403 190 439 causa
215 392 376 446 nostra,
406 388 490 432 nisi
519 388 654 444 nobis,
686 387 938 444 quidquam⁸
968 385 1210 444 patefacias.
1258 384 1377 438 Quod
1403 387 1630 442 propterea

61 467 331 526 prudentiam
350 470 467 512 tuam
489 479 729 510 ammonere
748 465 1004 523 putavimuS,
1037 463 1148 520 quod
1166 463 1241 507 illa
1260 462 1630 520 impudentissima

61 545 114 595 de
133 542 313 590 Giseka²
331 559 544 589 rumorem
573 544 619 588 in
648 543 804 602 populo
827 542 997 600 sparsit,
1028 556 1073 586 se
1093 541 1152 597 id,
1185 541 1297 599 quod
1318 537 1455 598 fecit³,
1486 544 1630 584 aucto-

60 623 186 669 ritate
216 627 260 668 et
287 624 407 668 iussu
436 622 580 668 domni
609 622 721 678 regis
751 621 922 676 fecisse3
955 620 1068 677 quod
1087 619 1228 664 nullus
1248 619 1520 664 honestorum
1539 633 1630 664 cre-

61 701 161 756 dere
179 701 315 747 debet.
413 701 622 747 Perduces
642 714 741 745 vero
761 703 902 744 tecum
922 700 1182 757 presentium
1202 698 1393 755 latorem,
1416 698 1489 756 qui
1507 698 1630 742 fami-

59 779 235 827 fiaribus
271 779 428 824 nostris
468 779 520 824 de
558 779 676 823 curia
713 779 873 836 scripta
910 775 1079 823 nostra⁴
1118 778 1326 836 perferat,
1366 779 1409 822 et
1447 777 1500 821 ad
1538 790 1630 833 noS,

62 871 307 916 quecunque
335 857 561 914 inveneriS,
591 855 773 901 fideliter
803 856 971 901 referat.

67 1018 185 1067 201.
209 1021 422 1065 Wbaldus
452 1037 480 1064 a
511 1020 703 1064 Conrado
734 1019 809 1063 III
828 1035 924 1077 φερε
947 1021 1072 1077 petit,
1110 1026 1157 1062 ut
1193 1020 1371 1062 iniurias
1409 1034 1437 1061 a
1464 1016 1633 1062 Iuditha

213 1100 420 1144 abbatissa
452 1098 664 1142 Gisekensi
692 1098 771 1141 sibi
799 1097 938 1141 illatas
967 1098 1094 1141 tollat.
1417 1095 1489 1152 (M.
1512 1095 1632 1150 200.)

184 1187 332 1232 Inclito
362 1187 662 1245 triumphatori
682 1187 708 1231 a
726 1186 817 1231 Deo
838 1189 1035 1230 coronato
1060 1189 1103 1230 et
1133 1185 1331 1242 exaltato,
1364 1186 1632 1230 serenissimo

65 1267 234 1311 domino
274 1280 350 1310 suo
389 1265 615 1320 C(onrado)
653 1264 939 1308 Romanorum
985 1265 1233 1322 imperatori
1277 1267 1455 1320 augusto
1502 1265 1634 1308 frater

66 1345 318 1399 W(ibaldus)
339 1343 421 1388 Dei
442 1344 580 1400 gratia
598 1343 655 1400 id,
687 1343 799 1400 quod
821 1346 886 1387 est
914 1343 960 1386 in
981 1342 1185 1387 aecclesia
1203 1342 1422 1400 catholica,
1454 1342 1633 1387 salutem

65 1423 112 1468 in
142 1436 205 1480 eo,
237 1423 311 1480 qui
340 1422 413 1466 dat
443 1421 623 1466 salutem
651 1421 821 1477 regibus
831 1419 859 1465 ⁵.

185 1500 413 1558 Postquam
444 1500 470 1544 a
497 1503 640 1544 vestra
673 1499 922 1544 celsitudine
956 1499 1202 1543 mandatum
1233 1499 1493 1556 accepimus,
1531 1513 1634 1556 qua-

66 1580 181 1624 tinus
212 1578 429 1623 ordinatis'
446 1578 572 1623 rebus
602 1578 758 1622 nostris
788 1579 850 1622 ita
879 1577 1066 1635 expediti
1101 1581 1144 1621 et
1171 1578 1312 1635 parati
1343 1591 1550 1633 essemus,
1588 1580 1637 1621 ut

67 1657 322 1714 legationem
351 1659 536 1701 vestram
567 1656 621 1700 ad
651 1656 855 1713 domnum·
880 1670 1038 1714 papam
1069 1659 1112 1700 et
1142 1656 1195 1700 ad
1225 1657 1373 1701 urbem
1402 1656 1637 1700 Romanam

68 1749 165 1780 cum
203 1734 450 1780 cancellario
484 1731 649 1778 vestro⁶
678 1735 724 1778 in
762 1734 881 1778 brevi
917 1738 1107 1791 tempore
1143 1735 1448 1792 perferremus,
1489 1748 1636 1778 versus

71 1812 363 1858 Stabulensem
393 1811 652 1867 aecclesiam,
685 1826 791 1868 quae
823 1812 1003 1856 assiduis
1033 1813 1175 1870 predis
1207 1816 1249 1856 et
1276 1813 1437 1870 rapinis
1457 1813 1637 1856 nimium

71 1892 124 1937 ab
154 1891 357 1949 improbis
387 1893 580 1945 vexatur,
610 1891 949 1947 properavimus,
981 1893 1048 1946 ut,
1081 1891 1359 1948 qualicunque
1388 1904 1493 1948 pace
1524 1904 1636 1935 com—

69 1970 229 2028 posita,
268 1969 323 2013 ad
351 1967 646 2012 Corbeiensem
684 1968 929 2012 aecclesiam
967 1969 1154 2013 securius
1192 1969 1374 2013 transire
1403 1982 1634 2026 possemus.

70 2048 120 2092 In
149 2061 231 2104 quo
261 2047 464 2104 temporis
495 2045 729 2102 intervallo,
760 2046 956 2090 videlicet
974 2047 1020 2090 in
1039 2046 1187 2102 vigilia
1211 2047 1446 2091 nativitatis
1467 2050 1638 2091 sanctae

71 2125 254 2182 Mariae,
293 2125 506 2170 abbatissa
542 2124 618 2168 illa
654 2124 705 2168 de
736 2122 914 2168 Giseka⁷
943 2125 989 2168 in
1018 2124 1362 2169 Kaminatensem
1392 2125 1638 2170 aecclesiam

73 2207 236 2248 armata
271 2218 402 2248 manu
438 2203 630 2247 introivit
668 2205 729 2258 et,
768 2203 911 2246 eiectis
940 2203 1040 2246 inde
1069 2202 1275 2247 violenter
1303 2203 1504 2248 fratribus
1536 2203 1638 2248 Cor-

73 2281 326 2338 beiensibus,
358 2295 461 2338 quos
494 2280 547 2324 ad
578 2279 844 2324 serviendum
873 2280 964 2324 Deo
996 2294 1050 2324 ex
1078 2284 1218 2324 vestro
1249 2281 1449 2325 mandato
1481 2282 1638 2326 ibidem

74 2360 430 2415 ordinaveramus,
462 2358 723 2416 prepositum
753 2358 998 2402 monasterii
1027 2358 1072 2402 in
1098 2357 1256 2403 flumen
1277 2359 1427 2403 iactari
1449 2359 1640 2418 precepit

74 2450 124 2482 ac
151 2437 304 2482 turrim
335 2436 534 2482 ecclesiae
562 2436 773 2494 impositis
805 2436 977 2480 armatis
1002 2449 1051 2480 ac
1069 2436 1322 2481 victualibus
1343 2437 1637 2482 incastellavit.

74 2501 111 2560 E
142 2519 288 2560 contra
317 2514 589 2559 Corbeienses
619 2517 709 2558 tam
737 2513 862 2558 liberi
881 2528 1008 2571 quam
1035 2515 1347 2570 ministeriales,
1379 2528 1475 2558 cum
1494 2518 1641 2560 nostra

74 2594 290 2651 presentia
319 2596 510 2637 carerent
538 2606 674 2649 neque
704 2595 848 2635 nostro
880 2591 1052 2635 consilio
1083 2593 1147 2636 uti
1175 2595 1362 2650 possent,
1393 2606 1520 2650 super
1550 2606 1640 2636 eos-

76 2670 171 2715 dem
201 2671 489 2716 malefactores
520 2671 735 2714 irruerunt
767 2672 820 2725 et,
852 2669 938 2713 vim
959 2670 1003 2712 vi
1021 2669 1286 2727 repellentes,
1319 2684 1389 2714 eos
1411 2670 1462 2713 de
1484 2670 1640 2714 aeccle-

76 2748 142 2793 sia
170 2752 214 2794 et
240 2748 332 2793 loco
362 2762 458 2794 cum
486 2748 718 2805 ignominia
747 2746 1000 2804 expulerunt
1029 2749 1071 2791 et
1101 2747 1305 2804 quosdam
1334 2750 1479 2805 captos
1499 2761 1640 2793 secum

175 2859 203 2881 a.
231 2851 395 2891 quipquam
415 2863 441 2882 c.

172 2914 206 2950 1.
231 2914 435 2952 Corbeiam.
530 2915 566 2951 2.
590 2912 739 2950 Iuditha
761 2911 959 2949 abbatissa.
1047 2911 1080 2948 3.
1108 2911 1201 2948 1149
1226 2911 1329 2958 Sept.
1347 2912 1379 2948 7.
1412 2911 1460 2950 V.
1480 2922 1539 2958 ep.
1557 2913 1639 2950 201.

79 2973 115 3010 4.
140 2984 224 3020 epp.
242 2975 309 3010 201
329 2977 367 3010 et
382 2975 465 3011 202.
561 2974 596 3010 5.
622 2974 682 3010 Ps.
702 2973 780 3018 143,
800 2973 857 3008 10.
953 2972 988 3008 6.
1013 2971 1190 3008 Amoldo.
1287 2972 1321 3008 7.
1346 2971 1505 3009 Iuditha.

1685 308 1777 344 1149

1653 357 1718 389 Oct.
1730 358 1807 389 Nov.

1687 1191 1781 1227 1149

1656 1240 1722 1272 Oct.
1734 1241 1810 1271 Nov.

1662 2058 1746 2097 Sept.
1760 2059 1779 2088 7
