1930 3242
339 196 397 240 52
755 206 1158 241 onnonoownns
1187 205 1481 241 commem

209 306 303 341 1146
338 302 456 346 cuius
486 306 529 347 et
558 302 626 347 hic
655 302 909 346 maiusculus
946 315 1079 359 pagus
1110 301 1307 359 dicionis,
1346 303 1487 359 regiae
1515 304 1727 361 presentie
1755 301 1896 350 suain-

190 354 253 385 D⁶⁰
256 355 315 385 ¹⁰
337 383 570 436 gesserunt,
602 383 666 424 set
695 393 780 423 non
812 393 859 423 eo
889 392 1077 435 numero,
1109 381 1226 436 quoti
1256 384 1354 424 sunt
1383 381 1540 436 egressi
1568 381 1637 426 de
1643 393 1727 426 suo
1741 387 1896 426 mme-

337 458 488 512 sterio;
527 471 627 501 nam
658 457 956 512 Theodericus,
986 456 1183 501 mulionis
1214 457 1412 502 beneficio
1441 458 1630 515 functus,
1660 458 1776 517 apud
1799 457 1895 503 m

337 535 561 579 deslariam
600 538 814 590 egrotans,
851 537 949 591 post
978 534 1189 579 modicum
1220 538 1284 580 est
1313 538 1356 579 et
1393 535 1633 592 defunctus,
1642 538 1713 581 et
1728 535 1809 581 18
1807 543 1894 581 iios

334 625 467 669 usque
497 612 712 667 deductus,
743 611 790 655 in
818 611 1158 656 ministerialium
1187 613 1415 657 cimiterio·
1435 625 1531 657 cum
1554 613 1642 658 suis
1660 616 1728 659 est
1754 612 1894 673 0019ss

335 692 455 733 turae
485 689 678 732 traditus.
1632 708 1633 711 ¹
1674 706 1676 709 ·

207 768 279 799 Dec·
292 769 312 800 ⁹
454 766 595 810 Pridie
626 769 780 821 autem,
813 779 939 823 quam
968 766 1203 812 Wineheim
1232 770 1447 824 venerant,
1476 768 1523 812 in
1542 715 1894 823 qumemj

335 843 516 888 condicti
545 841 651 887 vici¹
681 844 943 888 diverterunt
970 845 1127 901 nostri,
1163 845 1238 890 nbi
1273 846 1360 890 iam
1396 846 1654 903 frequentius
1690 845 1894 891 mm

333 925 452 965 verat
492 921 685 965 dominus
723 935 823 966 suus
861 921 1030 966 electus.
1092 922 1149 966 Et
1186 923 1232 966 in
1266 922 1474 968 familiare
1505 923 1587 968 sibi
1615 915 1893 968 diversorium

332 998 577 1055 introibant,
609 999 774 1044 abunde
804 1000 907 1044 satis
936 1000 1184 1044 necessariis
1205 1001 1441 1058 preparatis
1461 1001 1585 1045 modo
1604 1014 1683 1059 per
1698 992 1893 1059 μεηιιις

333 1090 459 1133 quem
489 1077 617 1121 abbas
647 1077 694 1120 in
722 1077 826 1122 haec
856 1081 1059 1135 oportune
1079 1078 1342 1135 premiserat,
1375 1082 1417 1123 et
1436 1093 1514 1136 per
1533 1078 1743 1136 quendam
1758 1078 1893 1123 maio-⁶

331 1167 423 1198 rem
451 1155 585 1212 ipsius
616 1155 728 1212 pagi,
758 1158 865 1199 nutu
895 1155 1039 1199 domni
1067 1155 1180 1211 regis
1210 1155 1289 1200 hoc
1308 1156 1593 1214 precipientis,
1625 1156 1831 1213 quatinus
1846 1157 1895 1201 *ot

330 1231 376 1275 in
405 1232 640 1277 forensibus
673 1231 727 1276 ad
756 1233 1085 1290 comparandum
1115 1232 1365 1278 sufficerent.
1414 1233 1533 1278 ‘Talis
1564 1233 1678 1278 enim
1701 1226 1893 1290 dimo

332 1308 495 1352 abbatis
533 1309 662 1353 talem
701 1310 948 1354 commeruit
983 1310 1307 1355 sollicitudinem
1337 1311 1450 1355 circa
1477 1312 1619 1369 ipsum
1639 1314 1692 1356 et
1708 1309 1892 1356 r-dileeoio

330 1386 463 1442 regis;
494 1400 594 1430 nam
624 1390 667 1431 et
695 1387 794 1431 inde
824 1387 1095 1432 nihilominus
1126 1389 1359 1433 evidentius
1390 1389 1540 1444 claret,
1572 1388 1685 1446 quod
1712 1387 1773 1434 de
1787 1387 1893 1434 Wil-

331 1463 539 1508 zenbroch
585 1464 639 1508 ad
676 1463 1028 1521 Frank(enevurt)
1068 1469 1246 1522 quatuor
1283 1465 1444 1510 dietas*
1483 1465 1678 1510 estivalee
1711 1469 1760 1511 et
1792 1472 1893 1524 W

329 1540 500 1586 lixiores
531 1542 577 1585 in
608 1555 827 1585 occursum
855 1543 988 1599 ipsius
1019 1543 1252 1598 descendit3
1291 1544 1465 1601 insuper
1502 1546 1546 1587 et
1581 1543 1665 1588 alia
1692 1539 1897 1588 nonnulla

329 1618 483 1663 talibus
514 1619 637 1675 longe
668 1620 1036 1677 supereminentia,
1067 1621 1156 1665 loco
1189 1625 1231 1665 et
1259 1625 1448 1678 tempore
1478 1634 1554 1664 suo
1583 1621 1835 1666 referendas

448 1696 550 1740 Post
579 1697 682 1741 haec
711 1698 846 1741 nostri
871 1698 917 1741 in
937 1698 1206 1754 introgressis
1226 1699 1527 1754 mansionibus,
1557 1702 1629 1755 ut,
1648 1697 1891 1757 compositis

330 1774 438 1830 suis,
478 1775 630 1830 quietis
661 1788 833 1832 operam
863 1775 1006 1833 adepti
1035 1777 1121 1819 iam
1150 1776 1369 1820 hilariores
1399 1776 1557 1832 forent,
1597 1776 1730 1821 abbas
1752 1773 1889 1831 venitg

329 1852 531 1895 aliorsum
561 1852 613 1897 ab
643 1852 726 1896 illis
757 1853 985 1897 mansitare
1006 1854 1189 1898 divertit.
1236 1853 1356 1906 Quod
1375 1857 1423 1897 ut
1442 1857 1662 1898 senserunt
1679 1848 1889 1910 commoti,

330 1930 591 1974 sciscitantes
622 1931 659 1973 si
690 1944 734 1974 se
764 1931 927 1975 iuberet
957 1931 1038 1975 sibi
1069 1932 1229 1988 adesse,
1259 1931 1306 1975 in
1335 1931 1566 1976 erastinum
1594 1930 1892 1976 ᾶὶετιιὶὶῢτῑὸεῐ

180 2013 305 2045 Dec-10
330 2007 560 2051 crastinum
589 2008 695 2052 inibi
723 2022 808 2052 non
838 2009 949 2053 fecit.
996 2009 1106 2052 Nam
1144 2022 1251 2066 pene
1290 2009 1424 2053 noctis
1462 2009 1614 2053 medio>
1636 2007 1890 2054 abbaszeum

330 2085 416 2128 suis
448 2085 689 2141 abscedenS,
720 2100 862 2142 regem
894 2086 1010 2131 adire
1040 2087 1281 2131 absentibus
1310 2086 1395 2130 illis
1426 2086 1695 2131 accelerabat.
1746 2086 1889 2144 Ipsum

330 2166 484 2219 autem,
504 2163 615 2220 quod
628 2163 809 2208 intendit
823 2163 924 2220 illis,
940 2165 1032 2222 ipse
1046 2178 1197 2222 passus
1213 2167 1288 2208 est.
1319 2163 1439 2208 Licet
1452 2164 1584 2220 igitur
1599 2163 1696 2208 illos
1714 2163 1890 2222 proisel-it

328 2241 420 2298 ipse
449 2241 670 2297 maturius,
708 2242 967 2299 optabilioris
998 2246 1139 2286 tamen
1170 2242 1323 2287 erroris
1352 2242 1526 2298 viaeque
1555 2241 1888 2300 intercapedines

330 2319 458 2363 abbas
490 2319 682 2377 arripuit,
714 2322 756 2363 et
787 2319 847 2363 sic
878 2319 989 2376 quod
1018 2320 1272 2376 decreverat,
1304 2318 1452 2363 effectu
1473 2318 1612 2363 minus
1640 2317 1885 2364 trutinabat

327 2396 437 2440 Nam
467 2397 602 2441 nostri
631 2400 870 2453 noscentes,
902 2397 1000 2441 inde
1030 2398 1170 2455 ipsum
1201 2397 1251 2442 de
1281 2396 1510 2441 diversorio
1542 2395 1699 2453 abisse,
1730 2396 1887 2442 accele-

328 2478 425 2518 rant
454 2475 536 2519 iter
566 2475 766 2533 arripere,
798 2475 901 2519 satis
932 2475 1157 2519 admodum
1185 2478 1227 2519 et
1247 2486 1513 2532 prepropere.
1558 2473 1617 2518 Et
1645 2474 1745 2518 dum
1772 2475 1887 2520 inde-

329 2556 514 2609 quuntur
535 2552 729 2597 abbatem
748 2553 1030 2608 itinerantem,
1047 2552 1267 2596 inveniunt
1286 2552 1500 2596 dominum
1519 2555 1710 2596 nostrum
1728 2563 1883 2626 regem.

200 2644 272 2677 Dec.
285 2647 304 2678 s
447 2629 589 2674 Pridie
625 2633 768 2674 tamen
808 2644 934 2687 quam
972 2630 1055 2688 ipsi
1091 2629 1439 2684 Frank(enevurt)
1478 2628 1764 2686 advenissent,
1807 2622 1885 2676 rex·

328 2707 424 2753 inde
454 2708 680 2766 profectus,
713 2707 766 2751 ad
785 2707 975 2752 Alceiam
995 2708 1076 2752 iter
1095 2708 1252 2764 dirigit,
1282 2706 1354 2751 ubi
1381 2706 1554 2751 fratrem
1584 2720 1706 2751 suum
1734 2707 1883 2753 ducem

327 2785 593 2830 Alimanniae
638 2785 837 2829 domnum
880 2785 913 2829 F
914 2786 1139 2830 ndencum
1183 2785 1237 2829 ad
1279 2787 1456 2828 mortem
1504 2798 1635 2842 usque
1678 2784 1883 2830 infirmari

424 2894 451 2916 a.
474 2886 663 2917 cimimiterio
792 2885 823 2916 b.
844 2886 893 2917 (lie
894 2887 941 2917 tes

424 2950 457 2984 1.
482 2949 519 2985 in
544 2898 716 2986 condicto
741 2949 835 2986 vieo.
