1924 3288
491 187 691 219 wmALm
718 186 968 220 nns'rom
994 187 1065 219 433.
1091 186 1163 219 484.
1519 177 1607 223 569

47 282 298 339 maritimum
334 285 377 327 et
404 282 603 341 precipue
633 297 780 342 nuper,
812 297 909 328 eum
939 283 993 328 ad
1022 283 1287 329 sanctitatem
1316 287 1501 330 vestram
1530 299 1608 343 pro

47 360 365 409 newsitafibus
384 361 540 406 nostris
562 364 604 406 et
624 361 828 418 angustiis
847 362 1077 420 peticiones
1096 365 1262 407 nostras
1275 363 1607 419 transmisimus;

47 451 152 497 quas
189 441 234 484 et
269 439 596 484 misericorditer
632 440 852 498 accepistis
884 443 927 485 et
955 440 1133 497 benigne
1162 441 1606 500 adimpleri⁸‘fecisti8.

45 516 167 563 Nunc
197 530 296 574 ergo
320 517 593 562 excellentiae
611 521 777 563 vestrae
801 521 960 563 attente
979 519 1318 564 commendamus
1339 519 1607 565 Heribertum

47 594 310 654 capellanum
340 595 484 640 domni
513 596 638 652 regie,
669 599 717 644 ut
747 610 843 640 eum
865 596 1102 641 venientem
1132 597 1186 641 ad
1215 597 1517 643 beatitudinem
1535 612 1607 644 ve-

46 676 180 719 stram
209 673 279 732 pie
308 673 547 732 suscipiatis
579 677 621 718 et
649 673 829 730 benigne
858 675 1037 720 teneatis
1069 678 1112 720 et
1141 689 1237 720 eum
1260 675 1306 720 in
1327 677 1414 721 suis
1433 676 1607 734 peticio-

45 751 169 797 nibus
199 751 426 797 clementer
455 752 703 797 exaudiatis.

46 893 166 943 434.
191 897 406 940 Adrianus
424 896 496 940 IV
511 913 634 955 papa
657 897 845 941 Wibaldo
867 912 961 940 suos
982 898 1041 940 ad
1058 863 1319 942 Fridericum
1334 898 1365 942 I
1385 863 1523 958 mycen
1549 901 1607 944 le-

190 981 310 1032 qatos
339 975 605 1018 commendat.
1389 975 1460 1030 (Μ.
1486 977 1606 1032 429.)

162 1062 376 1108 Adrianus
413 1064 633 1122 episcopus
672 1077 817 1108 servus
849 1077 1065 1108 servorum
1095 1063 1176 1108 Dei
1205 1063 1358 1109 dilecto
1387 1064 1474 1110 filio
1505 1066 1607 1111 Cor-

44 1141 206 1187 beiensi
234 1141 377 1187 abbati
407 1141 585 1187 salutem
617 1145 659 1187 et
690 1141 963 1200 apostolicam
992 1142 1337 1187 benedictionem.

162 1220 438 1266 Devotionem
474 1234 523 1265 ac
559 1221 858 1276 reverentiam,
904 1233 1031 1276 quam
1068 1224 1357 1266 sacrosanctae
1395 1221 1609 1268 Romanae

46 1298 271 1344 aecclesiae
299 1299 426 1343 matri
455 1302 553 1344 tuae
581 1299 782 1344 hactenus
813 1298 1071 1356 dependisti,
1103 1302 1145 1343 et
1173 1313 1250 1344 nos
1281 1299 1365 1357 ipsi
1395 1302 1608 1357 cognosci-

45 1391 139 1422 mus
170 1381 213 1422 et
241 1377 393 1422 fratres
423 1378 579 1434 nostri,
611 1378 683 1435 qui
712 1377 878 1435 plenius
909 1379 1076 1432 norunt,
1108 1377 1229 1421 nobis
1259 1377 1425 1435 plenius
1455 1379 1609 1424 retule-

45 1458 156 1500 runt.
199 1454 459 1500 Conveniens
491 1456 685 1513 equidem
715 1459 780 1500 est
800 1459 843 1501 et
862 1459 1187 1500 consentaneum
1207 1457 1374 1513 rationi,
1405 1461 1453 1501 ut
1473 1458 1610 1502 eidem

48 1534 286 1591 aecclesiae,
318 1548 424 1592 quae
453 1537 541 1578 tam
570 1548 648 1592 pro
669 1538 742 1579 tua
763 1548 889 1592 quam
908 1548 986 1592 pro
1007 1538 1250 1579 cunctorum
1270 1534 1404 1580 salute
1422 1534 1609 1581 fidelium

46 1612 210 1657 laborat
240 1613 419 1669 assidue,
450 1615 492 1657 te
523 1612 719 1657 devotum
749 1616 792 1657 et
822 1613 1055 1657 subiectum
1082 1613 1233 1657 debeas
1254 1613 1463 1670 exhibere,
1496 1618 1538 1659 et
1557 1615 1609 1660 de

48 1691 136 1735 eius
168 1704 334 1749 semper
363 1690 520 1734 honore
553 1694 677 1748 atque
707 1690 903 1747 utilitate,
935 1691 1044 1734 sicut
1073 1690 1287 1748 hucusque
1316 1691 1465 1737 fecisse
1491 1693 1609 1737 dino-

47 1769 196 1825 sceris,
235 1768 412 1813 sollicite
442 1769 637 1825 cogitare.
701 1767 902 1826 Superest
932 1771 1092 1824 autem,
1131 1772 1180 1812 ut
1208 1769 1365 1814 bonum
1393 1770 1610 1829 inceptum

3 1868 19 1886 ·
48 1850 173 1904 atque
209 1846 471 1904 propositum
508 1847 570 1890 ita
603 1846 869 1891 laudabiliter
900 1846 1163 1903 exsequaris,
1201 1850 1249 1890 ut
1277 1861 1354 1892 nos
1386 1851 1428 1892 et
1457 1848 1608 1894 fratres

45 1926 200 1981 nostri,
240 1925 312 1982 qui
347 1924 504 1969 bonum
540 1925 592 1968 de
621 1927 664 1969 te
694 1924 916 1983 perhibent
944 1925 1252 1981 testimonium,
1290 1924 1536 1971 fidelitatem
1566 1931 1608 1972 et

47 2004 311 2048 devotionem
339 2005 458 2046 tuam
486 2002 579 2060 ipso
609 2002 674 2048 rei
703 2002 854 2047 effectu
883 2003 1091 2060 possimus
1122 2003 1337 2048 evidenter
1368 2017 1605 2060 agnoscere.

45 2082 103 2126 Et
135 2082 230 2126 ideo
261 2080 475 2125 dilectioni
503 2083 600 2125 tuae
630 2095 706 2138 per
738 2081 967 2140 apostolica
997 2082 1155 2139 scripta
1183 2081 1431 2126 mandamus
1464 2086 1506 2127 et
1535 2097 1607 2127 ex-

47 2160 264 2204 hortamur
292 2160 338 2203 in
359 2159 554 2216 Domino,
586 2159 782 2217 quatinus
802 2159 1033 2204 Romanam
1064 2159 1322 2216 aecclesiam,
1353 2160 1420 2204 cui
1441 2174 1608 2206 omnem

47 2238 327 2282 obedientiam
364 2237 489 2282 debes
530 2240 574 2282 et
610 2238 909 2282 subiectionem
945 2237 1208 2295 impendere,
1247 2239 1361 2282 omni
1390 2239 1608 2285 conanime

48 2316 217 2361 studeas
253 2315 459 2360 honorare
499 2318 541 2359 et
581 2315 635 2359 ad
670 2315 760 2360 eius
794 2315 1020 2359 utilitatem
1049 2318 1174 2373 atque
1204 2316 1423 2361 servitium
1451 2321 1494 2362 te
1523 2332 1608 2362 non

49 2394 213 2438 dubites
242 2393 604 2451 promptissimum
635 2393 842 2438 exhibere.
938 2393 1113 2437 Inventa
1139 2393 1282 2451 itaque
1311 2394 1389 2439 hoc
1418 2398 1608 2454 tempore

49 2472 351 2530 oportunitate,
383 2471 495 2529 apud
524 2471 724 2515 dilectum
752 2472 797 2515 in
828 2470 994 2516 Christo
1023 2470 1157 2515 filium
1186 2475 1377 2516 nostrum
1405 2472 1607 2527 F(rideri-

48 2551 159 2606 cum)
189 2550 397 2595 illustrem
416 2549 699 2593 Romanorum
728 2563 870 2605 regem
900 2548 961 2592 ita
991 2549 1127 2594 eidem
1157 2549 1381 2595 aecclesiae
1404 2550 1606 2597 sollicitus

49 2629 106 2672 sis
137 2629 333 2673 assistere
364 2631 406 2672 et
434 2628 495 2672 ita
526 2640 618 2672 eam
648 2627 729 2671 sibi
757 2627 923 2671 assidue
943 2628 1234 2672 commendare
1255 2631 1378 2685 atque
1398 2642 1494 2673 cum
1513 2629 1606 2687 ipso

49 2706 100 2750 de
132 2706 220 2751 eius
250 2706 432 2750 utilitate
463 2709 504 2750 et
534 2706 791 2750 incremento
822 2708 1016 2761 tractare,
1048 2708 1095 2750 ut
1125 2706 1269 2750 eadem
1299 2709 1435 2751 mater
1463 2710 1539 2751 tua
1563 2711 1606 2753 te

49 2784 273 2841 specialem
304 2788 346 2828 et
376 2784 692 2829 devotissimum
721 2782 854 2827 filium
883 2783 976 2841 ipso
1006 2783 1069 2828 rei
1098 2783 1246 2828 effectu
1264 2787 1456 2842 patenter
1477 2799 1606 2841 agno-

50 2866 152 2918 scat,
184 2865 226 2906 et
254 2866 302 2906 tu
332 2863 582 2921 apostolicae
613 2862 724 2907 sedis
755 2861 972 2919 auxilium,
1003 2862 1194 2919 quotiens
1225 2862 1302 2907 tibi
1331 2862 1459 2908 fuerit
1482 2877 1604 2922 opor-

146 2966 172 2988 α.
200 2957 355 2998 adimpleti
375 2970 401 2989 c.

1681 288 1775 326 1154

1621 348 1648 370 c.
1661 338 1750 371 Mart.
1759 339 1833 379 Apr.

1652 1075 1745 1112 1154

1631 1124 1705 1156 Dec.
1721 1126 1760 1157 29
