1924 3288
559 165 758 195 wissALm
787 164 1036 196 EPISTOLAE
1065 164 1136 195 466.
1161 163 1231 194 467.
1589 155 1676 198 599

111 257 231 305 466.
258 259 480 303 Heinricus
510 261 599 304 Leo
630 261 818 304 Wibaldo
855 263 994 305 scribit
1035 263 1085 304 de
1124 268 1235 304 curte
1265 261 1522 320 Papenheim
1561 271 1598 306 et
1628 263 1679 306 de

122 338 123 341 ’
256 337 484 382 Widilcindi
506 340 727 396 promissa.
1462 339 1534 393 (M.
1557 341 1676 394 435.)

227 425 455 481 W(ibaldo)
488 428 718 472 venerabili
755 431 924 472 sanctae
957 427 1222 472 Corbeiensis
1260 428 1484 472 aecclesiae
1521 429 1677 486 abbati,
1704 438 1794 473 1157

108 504 381 549 dilectissimo
429 505 596 549 domino
644 519 742 562 suo,
789 506 1047 561 H(einricus)
1088 506 1169 550 Dei
1206 507 1344 562 gratia
1378 506 1596 551 Bawariae
1637 511 1679 551 et
1706 488 1783 525 Aug'

109 582 318 626 Saxoniae
354 583 440 626 dux
471 584 668 627 devotum
700 585 946 641 obsequium
978 598 1073 628 cum
1104 585 1218 628 omni
1249 585 1411 628 sincera
1441 584 1675 629 dilectione.

228 660 346 713 Quod
377 662 531 717 omnia,
565 676 671 718 quae
702 662 754 705 ad
785 662 955 706 honoris
984 662 1137 706 vestri‘¹
1169 663 1552 718 augmentationem
1583 677 1677 721 spe-

107 741 241 794 ctant,
281 752 386 795 equo
418 740 563 783 ordine
594 740 842 797 procedant,
873 743 963 784 toto
995 741 1120 784 corde
1151 740 1363 796 diligimus
1395 744 1438 784 et
1467 745 1675 799 optamus.

106 816 172 861 De
203 820 387 872 caetero,
420 817 471 861 de
502 820 619 861 curte
650 821 792 862 vestra
820 817 1092 876 Papenheim,
1125 819 1234 862 sicut
1263 819 1384 862 nobis
1415 819 1675 876 insinuastis,

106 894 384 939 libentissime
432 896 768 952 providebimus;
816 899 858 940 et
901 897 1009 940 hanc
1058 910 1201 940 curam
1241 897 1479 941 castellanis
1518 898 1676 941 nostris

107 972 354 1029 Dasenberg
385 974 607 1029 diligenter
637 974 915 1030 iniungemus.
1013 974 1132 1026 Quod
1164 979 1304 1019 autem
1335 975 1513 1019 domnus
1543 975 1677 1020 Widi-

107 1051 232 1095 kinus
264 1065 406 1095 coram
436 1052 557 1096 nobis
588 1050 807 1110 promisit¹
839 1056 880 1097 et
908 1066 994 1096 non
1022 1053 1239 1110 persolvit,
1271 1057 1369 1111 post
1397 1054 1581 1098 reditum
1601 1068 1676 1098 no-

107 1132 243 1173 strum
282 1130 334 1174 ab
375 1131 641 1187 expeditione
650 1128 678 1186 ²,
718 1132 797 1175 etsi
835 1145 919 1174 non
957 1131 1109 1187 gratis,
1148 1134 1292 1175 tamen
1330 1132 1376 1175 in
1414 1132 1675 1190 beneplacito

105 1211 246 1252 vestro
277 1212 320 1252 et
348 1212 492 1253 nostro
522 1208 745 1266 persolvet.

106 1385 225 1432 467.
253 1388 493 1431 Fridericus
514 1389 542 1431 I
563 1390 790 1447 imperator
822 1388 1016 1431 Heinrico
1049 1390 1186 1432 comiti
1216 1389 1266 1431 de
1289 1389 1501 1447 Lemburq
1521 1389 1676 1433 Wibal-

224 1467 321 1509 dwm
352 1458 725 1525 wlonasteriwmque
758 1467 999 1510 Stabulense
1030 1467 1297 1509 commendat.
1459 1466 1530 1520 (M.
1554 1466 1674 1522 436.)

221 1555 496 1610 F(ridericus)
537 1555 619 1600 Dei
659 1557 796 1611 gratia
833 1555 1119 1600 Romanorum
1155 1557 1389 1614 imperator
1427 1559 1469 1599 et
1508 1571 1674 1614 semper
1698 1569 1789 1605 1157

39 1680 43 1683 ,
106 1637 307 1690 augustus
339 1633 572 1689 H(einrico)
605 1634 655 1677 de
675 1633 888 1689 Lemburg
918 1635 1099 1690 gratiam
1130 1649 1251 1678 suam
1282 1637 1324 1678 et
1351 1648 1474 1678 omne
1502 1635 1671 1679 bonum.

147 1695 152 1699 ¹
222 1713 418 1770 Aequum
450 1715 514 1755 est
545 1715 587 1755 et
616 1711 738 1756 valde
768 1712 1031 1769 imperialem
1061 1711 1417 1767 magnificentiam
1449 1713 1588 1769 decet,
1627 1717 1675 1757 ut

103 1805 323 1849 personae,
356 1804 461 1847 quae
491 1790 669 1847 imperio
696 1793 841 1833 nostro
862 1790 1114 1848 promptiori
1134 1790 1353 1834 devotione
1374 1791 1673 1848 obsequuntur,

105 1873 147 1913 et
186 1869 212 1912 a
247 1869 368 1913 nobis
402 1868 533 1911 artius
565 1867 794 1923 diligantur
826 1871 867 1912 et
898 1868 948 1912 ab
981 1868 1197 1923 omnibus,
1238 1869 1310 1925 qui
1339 1869 1509 1926 imperii
1539 1871 1675 1913 nostri

103 1947 305 1991 honorem
337 1946 530 2002 diligunt,
563 1959 658 1989 cum
689 1946 830 1990 debita
859 1946 1095 1990 reverentia
1126 1950 1436 1991 conserventur.
1490 1946 1672 1991 Proinde

103 2026 355 2069 industriam
385 2028 502 2068 tuam
534 2027 692 2068 attente
722 2024 930 2068 monendo
960 2038 1178 2080 rogamus,
1207 2028 1256 2068 ut
1284 2024 1451 2068 fidelem
1479 2029 1672 2070 nostrum

103 2103 344 2148 Wibaldum
377 2102 667 2146 Stabulensem
698 2102 906 2158 abbatem,
938 2102 1010 2159 qui
1038 2101 1215 2145 multum
1250 2104 1292 2145 et
1322 2103 1395 2146 diu
1423 2103 1469 2146 in
1499 2104 1671 2148 servitio

102 2185 247 2225 nostro
280 2185 321 2225 et
350 2180 518 2238 imperii
547 2180 798 2224 utilitatibus
829 2180 915 2223 iam
944 2180 1164 2235 laboravit,
1195 2180 1402 2224 honorare
1434 2184 1475 2225 et
1497 2181 1671 2237 diligere

104 2260 272 2303 studeas
305 2262 347 2302 et
379 2258 621 2302 aecclesiam
655 2257 968 2314 Stabulensem,
1000 2259 1068 2301 cui
1098 2261 1259 2315 preest,
1291 2259 1401 2302 tueri
1431 2262 1473 2303 et
1503 2273 1670 2304 conser-

102 2351 201 2381 vare
232 2351 316 2380 non
348 2350 495 2381 cesses.
539 2336 831 2380 Interdicimus
863 2336 988 2379 etiam
1020 2336 1098 2379 tibi
1130 2339 1253 2392 atque
1282 2337 1358 2381 sub
1381 2340 1554 2395 optentu
1574 2352 1669 2394 gra-

101 2415 186 2459 tiae
216 2418 385 2458 nostrae
415 2414 684 2472 precipimus,
716 2428 770 2457 ne
800 2414 1148 2471 possessionibus,
1182 2414 1318 2458 eidem
1339 2415 1564 2460 aecclesiae
1585 2416 1669 2460 col-

100 2494 198 2538 latis
231 2494 256 2538 a
285 2493 368 2537 tuis
399 2492 745 2547 antecessoribus,
778 2491 962 2548 aliquam
980 2492 1223 2536 violentiam
1243 2493 1399 2536 inferas
1419 2507 1554 2550 neque
1575 2508 1668 2538 eam

103 2572 241 2629 aliquo
272 2571 396 2615 modo
417 2584 571 2615 vexare
603 2573 841 2627 attemptes,
875 2570 1009 2613 sciens
1040 2570 1186 2627 procul
1217 2571 1356 2627 dubio,
1389 2572 1498 2628 quod
1520 2573 1667 2616 eadem

103 2649 304 2694 aecclesia
349 2663 444 2693 cum
490 2649 576 2692 suis
623 2648 814 2691 omnibus
854 2647 930 2691 sub
967 2647 1100 2691 tutela
1138 2651 1180 2692 et
1217 2649 1457 2694 defensione
1498 2650 1667 2707 imperii

100 2729 235 2772 nostri
256 2728 484 2771 constituta
504 2730 586 2781 est3
617 2726 728 2770 unde
749 2729 803 2781 et,
826 2726 1061 2783 quicunque
1082 2740 1175 2769 eam
1194 2726 1351 2783 leserit,
1381 2742 1459 2771 nos
1480 2727 1664 2772 offendit.

198 2875 225 2896 a.
253 2865 350 2896 nostri
372 2877 397 2895 c.

197 2924 229 2959 1.
254 2934 290 2959 v.
316 2933 373 2969 ep.
390 2923 461 2959 462
485 2932 595 2969 supra
618 2933 654 2968 p.
672 2921 753 2958 595.
850 2922 884 2958 2.
908 2921 1090 2957 Polonica.
