1924 3262
583 196 782 228 wmALm
810 196 1031 228 nmsrrom
1062 195 1111 226 14.
1578 182 1636 226 95

71 290 150 338 14.
178 291 394 338 wibaldus
417 293 703 337 casinensibus
721 295 871 348 scribit,
903 309 947 337 se
975 308 1060 336 non
1088 308 1166 335 sua
1195 292 1269 335 sed
1299 306 1440 334 eorum
1461 306 1589 334 causa
1610 306 1637 334 a

180 372 430 414 monasterio
461 372 683 424 recessisse,
718 372 776 414 ad
805 387 873 414 eos
903 387 1116 430 nunquam
1144 385 1415 413 reversurum.
1461 370 1533 412 Ad
1560 384 1636 411 no-

181 465 279 493 vwm
309 449 497 493 abbatem
530 449 760 507 eliqendum
793 465 860 492 eos
891 450 1128 493 cohortatur
1136 455 1162 492 ⁶¹.
1480 445 1552 501 (M.
1576 446 1635 500 3.)

183 542 416 589 Guibaldus
455 543 536 588 Dei
582 543 720 600 gratia
759 545 894 588 sancti
933 543 1174 587 Casinensis
1212 542 1402 587 coenobii
1440 542 1636 586 minister

65 621 262 679 indignus
301 621 466 666 dilectis
496 622 542 665 in
573 621 740 666 Christo
770 620 868 666 filiis
901 625 943 666 et
972 620 1174 665 fratribus
1205 621 1251 664 in
1282 621 1429 665 eadem
1460 620 1636 665 ecclesia

65 699 156 746 Deo
186 700 481 757 militantibus,
515 700 669 757 spiritu
700 700 866 744 consilii
897 703 938 743 et
967 700 1228 743 fortitudinis
1259 699 1516 744 habundare.

184 778 398 824 Hactenus
427 779 474 822 in
505 791 604 834 agro
637 778 870 822 dominicae
902 777 1105 834 culturae,
1136 778 1181 821 id
1213 781 1276 822 est
1297 778 1344 821 in
1363 780 1530 822 vestrae
1549 777 1635 821 fra-

64 857 276 902 ternitatis
314 856 595 915 praelatione,
635 856 759 900 arbor
797 856 992 900 umbram
1031 859 1073 900 et
1108 869 1193 899 non
1231 856 1416 900 fructum
1453 856 1611 900 faciens
1624 853 1636 873 ¹

63 938 223 980 terram
242 935 457 993 occupavi,
488 948 575 979 non
595 934 685 978 sine
705 934 857 979 timore
877 947 1023 978 vocem
1045 934 1218 978 audiens
1239 934 1413 978 Domini
1433 935 1632 979 dicentis:

67 1013 244 1059 Succide
275 1010 401 1070 eam²,
435 1030 542 1073 quae
574 1021 612 1057 et
642 1030 693 1057 ex
721 1030 764 1057 se
784 1013 974 1073 fructum
1004 1030 1087 1056 non
1117 1014 1273 1069 reddit,
1308 1022 1346 1057 et
1373 1016 1452 1058 sibi
1480 1030 1634 1072 suppo-

64 1095 186 1138 sitam
215 1101 369 1137 terram
389 1092 655 1153 fructificare
685 1093 867 1150 impedit.
915 1090 1124 1143 Quoniam
1154 1092 1284 1147 igitur
1313 1092 1471 1136 securis
1493 1091 1548 1135 ad
1566 1105 1635 1135 ra-

65 1169 202 1215 dicem
231 1170 319 1214 iam
347 1170 489 1228 posita
519 1166 619 1225 est¹,
651 1172 699 1213 ut
726 1169 862 1213 omnis
885 1170 1022 1226 arbor,
1055 1184 1162 1227 quae
1182 1170 1367 1214 fructum
1387 1184 1474 1214 non
1492 1170 1634 1227 faeiat,

66 1248 326 1306 succidatur,
363 1263 440 1293 nos
479 1249 702 1293 consilium
738 1248 1035 1306 propheticum
1065 1249 1223 1292 diutius
1255 1249 1521 1293 dissimulare
1550 1263 1636 1293 non

66 1327 301 1386 potuimus3
334 1327 409 1372 sed
439 1327 539 1384 quia
561 1330 738 1385 propter
764 1340 832 1371 me
861 1327 1098 1384 periculosa
1119 1330 1161 1371 et
1181 1327 1308 1390 plena
1329 1328 1635 1386 desperationis

65 1408 295 1464 tempestas
327 1410 421 1450 orta
452 1409 528 1462 est,
560 1405 701 1449 nautis
733 1406 1006 1462 cessantibus,
1038 1405 1131 1463 ipse
1161 1420 1230 1450 me
1260 1407 1305 1450 in
1329 1421 1447 1451 mare
1467 1407 1634 1451 mittere

65 1497 150 1528 11011
174 1484 323 1540 refugi.
371 1484 531 1542 Itaque,
565 1484 664 1541 quia
684 1484 745 1528 sic
767 1498 792 1528 a
811 1484 930 1528 vobis
951 1482 1143 1541 recessi³,
1175 1485 1266 1529 Deo
1287 1488 1395 1530 teste
1415 1500 1500 1529 non
1520 1490 1636 1529 metu

66 1562 229 1619 mortis,
262 1563 336 1607 sed
367 1563 479 1620 quod
508 1577 622 1606 mors
648 1576 744 1607 mea
771 1563 902 1606 nichil
920 1564 1039 1608 vobis
1068 1564 1341 1608 emolumenti
1371 1565 1473 1622 quin
1492 1565 1635 1622 potius

66 1640 247 1684 multum
283 1641 462 1699 periculi
499 1640 648 1686 afferre
686 1644 872 1698 poterat,
916 1645 964 1686 ut
1002 1642 1116 1686 ultra
1155 1643 1209 1686 ad
1245 1657 1319 1687 vos
1357 1656 1444 1687 non
1479 1643 1637 1687 reverti

66 1718 368 1776 disposuerim,
409 1720 623 1777 praecipio
656 1719 774 1763 vobis
804 1720 850 1763 in
879 1720 1036 1765 virtute
1067 1725 1237 1765 sanctae
1269 1722 1550 1778 obedientiae,
1589 1725 1637 1765 ut

65 1797 314 1855 postpositis
345 1798 534 1855 partium
565 1798 730 1854 studiis,
761 1802 924 1842 remota
947 1800 1062 1842 omni
1083 1800 1311 1844 ambitione
1333 1803 1374 1844 et
1395 1800 1635 1856 venalitate,

69 1875 225 1933 absque
257 1875 394 1932 gratia
424 1875 492 1920 vel
531 1875 626 1919 odio
666 1879 738 1919 aut
771 1877 1013 1934 acceptione
1045 1877 1221 1922 alicuius
1252 1892 1458 1936 personae
1489 1892 1636 1923 secun—

67 1953 169 1997 dum
206 1953 398 2010 regulam
436 1954 571 1997 sancti
599 1953 817 1998 Benedicti
855 1969 1080 2012 personam
1117 1957 1367 2001 catholicam
1399 1961 1440 2002 et
1470 1957 1636 2013 regula-

65 2045 158 2076 rem
188 2031 240 2076 de
271 2045 445 2090 corpore
475 2035 640 2076 vestrae
672 2033 1021 2090 congregationis,
1058 2034 1253 2079 invocata
1283 2036 1419 2079 sancti
1451 2035 1634 2094 Spiritus

65 2110 216 2166 gratia,
246 2110 292 2154 in
323 2110 518 2155 abbatem
548 2111 666 2155 vobis
699 2114 741 2154 et
770 2114 985 2169 pastorem
1006 2113 1243 2157 animarum
1263 2117 1514 2171 vestrarum,
1547 2128 1634 2158 ser-

66 2191 166 2232 vata
188 2187 429 2233 Casinensis
461 2189 651 2234 coenobii
680 2189 888 2246 libertate,
921 2191 1011 2234 sine
1041 2205 1160 2236 mora
1191 2192 1368 2248 eligatis.
1419 2192 1635 2236 Statutum

65 2265 274 2323 siquidem
302 2267 424 2311 nobis
455 2270 532 2324 est,
564 2271 611 2311 ut
642 2267 679 2311 si
708 2267 817 2312 hanc
845 2268 1026 2312 formam
1055 2269 1101 2313 in
1132 2270 1322 2326 eligendo
1343 2270 1462 2315 vobis
1483 2271 1634 2315 abbate

66 2345 356 2401 servaveritis,
387 2347 435 2388 ut
466 2359 556 2401 nOS,
588 2346 778 2389 remissis
808 2346 926 2390 vobis
959 2347 1158 2392 ecclesiae
1188 2353 1354 2393 vestrae
1383 2349 1633 2404 insignibus,

66 2434 140 2466 vos
179 2422 231 2467 ab
271 2422 508 2467 obedientia
540 2426 582 2467 et
613 2423 870 2468 subiectione
900 2428 1046 2469 nostra
1076 2440 1220 2470 omnes
1251 2427 1412 2484 pariter
1443 2426 1633 2470 absolva-

67 2512 161 2544 mus
193 2503 235 2545 et
264 2515 339 2545 vos
371 2501 425 2544 ad
455 2486 764 2559 promotionem
794 2502 926 2546 futuri
958 2503 1120 2548 abbatis
1151 2504 1306 2548 liberos
1339 2518 1364 2547 a
1393 2505 1514 2548 nobis
1546 2503 1634 2548 effi-

66 2578 239 2622 ciamus.
287 2578 407 2631 Quod
437 2580 486 2636 si,
519 2579 630 2637 quod
652 2579 774 2636 absit,
808 2581 920 2638 apud
939 2595 1013 2624 vos
1036 2581 1266 2625 diabolicae
1288 2586 1330 2626 et
1349 2583 1633 2627 contentiosae

65 2655 163 2700 illae
191 2656 498 2702 coniurationes
520 2661 562 2702 et
582 2658 914 2716 conspirationes
934 2659 979 2702 in
999 2658 1078 2703 hac
1099 2659 1262 2716 aliquid,
1277 2673 1405 2704 causa
1425 2664 1632 2718 temptare

163 2785 190 2807 ι.
211 2778 252 2807 Et
272 2777 351 2807 hanc
371 2783 400 2807 el
422 2777 501 2809 duas
523 2789 602 2818 quae
621 2784 783 2818 sequuntur
803 2779 949 2817 epistolae
971 2779 1075 2817 repetii
1093 2790 1132 2808 ex
1150 2781 1285 2818 principe
1309 2782 1413 2821 (quam
1434 2786 1569 2811 caeterae
1589 2792 1633 2812 sc-

67 2835 154 2861 ema·
174 2834 256 2865 sunt)
280 2831 408 2861 editione
432 2832 544 2873 Augeln'
563 2832 601 2862 de
623 2833 706 2862 Nuce
727 2832 749 2862 l.
762 2832 784 2862 l.
802 2842 835 2870 p.
850 2832 900 2868 26,
923 2833 977 2872 qui
997 2832 1098 2862 codiee
1122 2834 1282 2864 eminenti
1300 2845 1371 2864 utus
1393 2839 1446 2865 eet.

161 2900 196 2936 1.
220 2899 348 2936 Matth.
365 2901 475 2946 3,1o.
570 2902 604 2937 2.
631 2900 688 2938 of.
705 2902 795 2937 Luc.
815 2901 870 2947 13,
889 2901 921 2937 7.
1007 2902 1042 2938 3.
1072 2906 1231 2949 „quarto
1255 2903 1379 2940 Nonas
1402 2903 1631 2952 Novembris,

66 2957 193 2996 insciis
217 2958 391 2997 fratribus
400 2959 427 2996 “.
466 2961 565 2997 Petr.
581 2960 675 2998 diac.
695 2960 829 2998 Chi-on.
847 2961 967 2998 Oasin.
994 2962 1035 2998 L.
1054 2962 1119 2999 IV.
1145 2973 1175 2999 c.
1196 2963 1275 2999 127.
1301 2974 1339 3009 p.
1356 2964 1439 3000 842.

1709 543 1801 579 1137

1659 593 1760 632 paullo
1779 594 1850 632 post

1700 635 1777 665 Nov.
1790 636 1809 665 2

1659 1495 1735 1525 Nov.
1748 1496 1767 1525 2
