1930 3242
484 178 889 212 emzouoemrms
920 177 1215 211 connumnffls
1576 164 1634 208 49

66 274 286 320 defunctus
298 271 323 331 ¹,
363 274 473 319 sicut
509 278 552 319 et
583 275 764 319 Thomas
805 271 1054 319 cardinalis²
1083 274 1130 317 in
1168 271 1346 317 confinio
1377 271 1635 316 Nariciensis
1662 274 1754 310 1146

65 353 250 398 civitatis
287 353 334 397 in
369 366 517 412 campo
548 354 625 398 sub
657 354 753 398 divo
783 353 1102 408 miserabiliter,
1142 351 1241 408 quia
1271 354 1314 395 et
1342 351 1557 408 insperate
1588 363 1637 394 ac
1660 324 1725 355 ⁰⁰t'
1740 325 1759 355 8

65 431 148 476 heu
176 431 407 488 subitanee,
439 446 465 476 a
495 446 575 489 quo
605 432 720 476 idem
750 430 900 475 abbas⁸
923 434 987 475 est
1007 430 1233 488 depositus.
1281 429 1476 486 Reliquid
1496 432 1637 472 autem

66 513 111 556 et
148 509 361 555 abbatiam
397 514 438 555 et
468 510 778 568 preposituram
808 509 933 553 rebus
964 509 1107 567 pastui
1136 508 1345 553 habilibus
1375 507 1637 565 permaxime

67 591 317 645 attenuatas,
351 589 454 633 adeo
484 592 533 633 ut
563 591 606 633 et
635 588 708 632 vix
737 587 889 631 fratres
921 590 1271 643 sustentarentur,
1304 586 1403 643 quia
1422 589 1465 630 et
1485 585 1637 630 debitis

67 670 111 712 et
139 667 310 711 statutis
339 681 417 725 per
446 666 581 711 multa
610 666 830 719 carebant3
864 669 929 709 set
959 669 1001 709 et
1031 666 1108 709 hec
1126 666 1306 709 nimium
1326 678 1484 721 angens
1504 665 1637 708 fames

68 744 283 802 effecerat,
324 759 405 802 que
439 759 546 802 pene
578 748 620 788 et
648 747 785 788 totum
815 743 1020 787 mundum
1050 744 1416 788 vehementissime
1446 743 1635 799 urgebat.

66 823 164 881 Ipso
195 837 305 868 anno
337 823 532 868 obierunt
560 822 873 880 Liupprandus,
906 822 979 878 qui
1010 825 1052 866 et
1083 835 1274 866 camerae
1304 822 1485 866 fratrum
1505 825 1549 866 et
1568 834 1638 865 cu-

67 902 230 946 stodiae
265 902 513 947 monasterii
550 901 711 945 sollerti
740 901 962 957 vigilantia
999 901 1241 956 insistebat,
1284 904 1326 945 et
1355 900 1638 944 Herimannus

67 980 282 1037 Eresburg
311 981 570 1038 prepositus,
604 980 675 1036 qui
683 986 711 1035 ⁸,
750 993 826 1037 pro
860 978 1062 1036 qualitate
1101 979 1305 1036 temporis
1349 977 1638 1022 accurationeh

67 1059 291 1117 providus,
329 1059 464 1103 multa
500 1059 660 1115 ingenii
699 1071 748 1102 ac
783 1058 940 1102 laboris
977 1057 1043 1101 sui
1075 1061 1117 1101 et
1146 1071 1302 1114 magna
1332 1057 1489 1101 indicia
1518 1057 1640 1100 nobis

69 1137 313 1195 dereliquid.
361 1137 457 1181 Toti
486 1140 573 1181 tres
602 1137 689 1192 isti,
720 1136 907 1181 liberalis
939 1137 1139 1180 scientiae
1171 1149 1220 1180 ac
1250 1136 1408 1180 multae
1429 1135 1641 1179 sollertiae

70 1215 207 1272 ditati,
237 1215 320 1260 loci
349 1216 471 1260 istius
502 1215 856 1260 honorabiliores⁰
889 1218 930 1259 et
962 1215 1083 1272 quasi
1113 1214 1282 1259 lucerne
1313 1214 1425 1258 clare
1454 1214 1641 1257 lucentes

68 1296 113 1338 et
140 1294 257 1339 velut
286 1294 479 1338 columne
509 1294 727 1338 solidiores
758 1293 898 1338 locum
928 1294 1233 1338 sustentabant.
1336 1292 1409 1337 Set
1440 1295 1482 1336 et
1512 1293 1644 1336 frater

69 1375 213 1417 noster
243 1372 519 1429 Heriboldus,
551 1373 788 1417 admirandi
821 1375 862 1417 et
893 1372 1159 1416 subtilissimi
1190 1386 1266 1429 per
1297 1371 1440 1415 omnia
1468 1370 1642 1426 ingenii,

71 1454 114 1495 et
149 1451 347 1495 facundia
382 1455 424 1496 et
454 1452 631 1496 scientia
659 1451 835 1495 litterali
865 1465 972 1508 pene
1003 1449 1373 1508 inequiparabilis,
1414 1463 1485 1493 eos
1516 1448 1642 1506 paulo

72 1533 169 1574 ante
198 1530 412 1574 inmatura
441 1534 576 1574 morte
608 1530 801 1574 sacerdos
832 1533 1104 1586 prevenerat3
1138 1532 1181 1572 et
1209 1529 1340 1572 frater
1360 1531 1505 1572 noster
1525 1541 1644 1585 pres-

71 1607 181 1653 biter
210 1607 445 1664 Routulfus,
477 1609 684 1652 medicine
715 1609 797 1651 arti
828 1608 1008 1663 deditus,
1040 1607 1295 1665 hydropicus
1327 1607 1443 1650 obiit.

189 1686 397 1731 Dominus
437 1690 578 1731 autem
607 1689 751 1730 noster
781 1700 858 1730 rex
889 1686 1129 1742 Conradus,
1169 1686 1221 1729 de
1251 1682 1486 1729 Polemica⁴
1517 1699 1644 1742 expe·
1669 1699 1734 1729 cet.

72 1765 235 1809 dicione
271 1778 466 1809 reversus
505 1769 547 1808 et
578 1764 838 1808 Goslariensi
879 1765 1061 1808 statione
1101 1764 1278 1820 degens,
1317 1767 1366 1807 ut
1401 1764 1563 1807 audivit
1594 1764 1644 1808 de

73 1844 191 1888 obitu
229 1843 451 1898 H(einrici)
490 1843 675 1899 abbatis,
715 1842 976 1887 honestiores
1012 1844 1193 1886 fratrum
1231 1845 1273 1886 et
1302 1842 1645 1886 ministerialium

0 1972 6 1977 ,
73 1921 272 1966 ecclesiae
302 1924 470 1965 nostrae
502 1922 556 1965 ad
576 1935 621 1965 se
643 1922 869 1978 accersitis,
902 1922 1048 1977 suasit,
1080 1921 1246 1976 rogavit
1266 1920 1365 1976 eligi
1384 1921 1428 1963 in
1451 1921 1645 1965 abbatem

72 2013 299 2058 personam
318 2000 527 2055 idoneam,
560 2000 807 2057 sapientem,
841 1999 1118 2056 eloquentem,
1140 1999 1302 2055 utilem,
1323 1999 1511 2043 moribus
1533 2013 1645 2043 com-

73 2081 208 2135 ptum,
239 2078 440 2122 domnum
460 2077 738 2134 Wicboldum,
772 2077 1033 2121 stabulensis
1066 2077 1265 2122 ecclesiae
1295 2077 1518 2134 prelatum.
1574 2077 1647 2121 Set

75 2159 118 2200 et
148 2156 374 2214 principes,
407 2157 547 2200 curiae
577 2156 740 2212 inserti,
772 2156 907 2199 multa
936 2156 1060 2200 laude
1088 2156 1473 2200 conmendaverunt
1492 2156 1645 2210 virum,

76 2236 118 2278 et
146 2233 258 2278 infra
287 2234 383 2278 illos
413 2235 519 2278 inibi
549 2233 776 2278 nobiliores
808 2247 856 2277 ac
886 2234 1043 2277 milites
1074 2234 1313 2289 constituti3
1345 2237 1517 2290 totaque
1539 2247 1646 2289 pene

75 2312 192 2356 curia
212 2313 363 2356 extulit
383 2327 479 2356 eum
498 2312 622 2355 laude
643 2312 887 2367 multifaria,
919 2313 1061 2356 dicens
1083 2315 1311 2369 postremo,
1344 2315 1504 2355 semoto
1526 2325 1645 2367 pror—

76 2404 146 2434 sus
184 2391 299 2434 omni
330 2391 455 2435 dubio
488 2390 599 2447 quod
630 2403 777 2447 parem
806 2390 1032 2434 virtutibus
1063 2394 1152 2434 tota
1181 2394 1328 2434 nostra
1358 2404 1442 2433 non
1473 2389 1647 2433 haberet

74 2468 202 2524 regio.
257 2469 402 2512 Tantis
435 2469 589 2513 auditis
622 2468 758 2512 causis
790 2468 841 2511 de
872 2469 962 2511 viro
993 2468 1185 2524 laudum,
1225 2468 1380 2523 nostri,
1419 2468 1518 2510 licet
1550 2480 1646 2521 egre

75 2549 290 2590 tantorum
321 2547 480 2591 creduli
511 2548 805 2602 assencientes,
838 2544 1036 2589 differunt
1065 2546 1111 2589 in
1140 2546 1252 2589 diem
1284 2548 1336 2589 13
1362 2544 1646 2588 Kalendarum
1670 2556 1734 2586 cet.
1749 2556 1787 2586 20

76 2623 378 2670 Novembrium
407 2626 453 2670 in
483 2625 622 2670 locum
653 2638 797 2680 suum,
837 2637 932 2668 cum
963 2624 1050 2668 suis
1081 2624 1304 2669 consilium
1336 2627 1378 2667 et
1409 2623 1646 2667 consultum

174 2759 201 2781 a.
223 2750 275 2790 qui
297 2751 419 2782 addidi.
502 2751 532 2782 b.
555 2751 740 2782 accuratiore
764 2761 814 2789 ap.
832 2750 992 2780 Perezium.
1077 2759 1103 2780 c.
1125 2749 1332 2780 honobiliores
1355 2761 1382 2779 c.

174 2821 208 2856 1.
232 2820 428 2858 Heinricus
460 2821 496 2857 II
527 2821 641 2858 abbas
672 2820 765 2857 obiit
794 2819 831 2855 d.
855 2820 878 2855 8
902 2819 982 2856 Oct.
1001 2819 1105 2855 1146.
1202 2820 1235 2854 2.
1269 2818 1390 2864 presb.
1415 2817 1512 2855 card.
1531 2819 1590 2855 tit.
1608 2817 1645 2855 S.

78 2880 272 2927 Vestinae,
297 2892 406 2928 quem
431 2881 542 2918 etiam
568 2881 628 2917 die
655 2882 698 2916 16
725 2891 773 2915 m.
794 2879 891 2915 Iunii
916 2890 948 2914 a.
967 2879 1059 2914 1146
1084 2879 1123 2914 in
1147 2879 1243 2915 vivis
1267 2878 1393 2924 fuisse,
1419 2878 1554 2915 docent
1578 2878 1645 2914 Re-

79 2944 186 2988 gesta
210 2945 310 2987 pont.
329 2942 434 2977 Rom.
459 2951 496 2986 p.
514 2941 596 2977 616.
693 2941 727 2976 3.
753 2939 948 2976 Heinricus
973 2939 1000 2974 I.
1098 2938 1134 2975 4.
1159 2938 1346 2976 Polonica.

138 3005 242 3042 «lanx-3,
264 3008 453 3037 Bibliotheca
473 3009 495 3036 1.
1312 3004 1336 3040 4
