1924 3288
303 182 392 227 544
754 198 952 231 wmALm
980 199 1228 234 nris'ronm
1254 201 1326 234 405.
1347 202 1419 234 406.

169 293 263 330 1152
303 290 472 335 statutis
509 290 655 336 diebus
689 292 948 349 negligentes
976 295 1160 353 fueritis,
1198 311 1275 354 pro
1305 297 1382 341 tali
1413 311 1587 344 excessu
1615 298 1684 345 vel
1710 299 1860 346 iuditio

141 342 226 382 Sept.
241 343 280 373 29

301 367 487 413 familiae
522 369 567 413 in
607 369 842 419 Castiniaco
880 372 947 417 vel
980 373 1134 418 iudicio
1163 375 1502 421 ministerialium
1538 380 1778 424 nostrorum
1813 378 1861 424 111

302 444 536 491 caminata¹
573 451 718 492 nostra
748 448 943 507 Corbeie,
981 452 1227 497 utrumlibet
1262 453 1413 498 horum
1448 455 1569 500 nobis
1603 456 1738 512 magis
1767 455 1859 515 pla·

302 525 454 580 cuerit,
492 526 798 583 respondebitis
833 531 876 572 et
903 529 950 572 in
978 531 1278 588 compositione
1307 531 1527 577 duodecim
1555 533 1709 579 solidos
1737 548 1860 580 num-

301 615 467 646 morum
495 603 755 660 persolvetis
804 605 1094 665 Quaecumque
1125 612 1266 653 autem
1295 623 1426 667 nepos
1456 613 1553 656 tuus
1581 610 1859 658 Loudowicus

300 679 369 724 vel
405 681 451 724 111
486 681 662 738 pignore
692 683 760 727 vel
794 683 841 728 in
880 684 1077 730 beneficio
1108 686 1160 730 de
1189 687 1313 731 rebus
1343 688 1429 732 iam
1458 689 1698 734 nominatae
1726 690 1857 735 curtis

301 756 564 804 Castiniacae
599 763 689 804 tam
725 761 771 805 in
807 762 918 818 agris
958 777 1084 820 quam
1121 765 1166 807 in
1195 765 1328 810 vineis
1365 766 1434 810 vel
1471 768 1599 812 etiam
1627 763 1757 813 censu
1784 770 1860 814 aut

302 835 408 880 silva
445 836 645 893 obligavit
674 838 742 883 vel
781 839 998 898 alienavit,
1035 842 1189 886 iudicio
1228 844 1368 888 curiae
1403 847 1572 890 nostrae
1609 845 1657 890 111
1689 846 1858 890 irritum

301 913 426 958 ducta
461 918 579 972 sunt,
619 919 661 961 et
690 921 802 962 stare
838 933 922 963 non
959 933 1083 977 posse
1121 924 1218 978 post
1248 921 1409 967 obitum
1437 923 1569 968 villici
1598 923 1857 979 adiudicata3

301 1007 408 1050 quae
428 994 546 1039 vobis
566 995 628 1040 ita
647 996 927 1052 recolligenda
947 998 1246 1043 committimus
1256 1006 1283 1055 ¹,
1314 1003 1374 1056 ut,
1400 1000 1438 1044 si
1456 1001 1568 1046 infra
1586 1001 1710 1046 huius
1732 1000 1859 1047 anni*

276 1098 277 1101 =
301 1072 491 1128 spacium
520 1087 605 1117 non
633 1074 829 1131 feceritis,
861 1075 887 1119 a
905 1075 1158 1120 villicatione
1189 1080 1231 1120 et
1258 1080 1347 1121 toto
1377 1082 1500 1135 pacto
1527 1079 1698 1124 cadatis.
1739 1078 1860 1132 Quod

300 1152 441 1194 autem
485 1149 596 1195 filiae
637 1152 847 1209 quondam
881 1152 1123 1198 Loudowici
1160 1154 1460 1200 villicationem
1494 1160 1593 1214 post
1628 1157 1859 1202 discessum

299 1230 421 1272 tuum
450 1229 744 1286 concessimus,
774 1244 859 1275 non
889 1245 942 1275 ex
972 1246 1020 1276 eo
1052 1235 1129 1288 est,
1161 1233 1272 1289 quod
1301 1233 1598 1279 hereditariam
1628 1235 1668 1280 ei
1695 1248 1858 1280 succes-

300 1306 460 1351 sionem
479 1307 547 1352 vel
575 1307 622 1351 in
639 1307 894 1353 villicatione
914 1309 981 1354 vel
1009 1310 1055 1354 in
1085 1310 1283 1355 beneficio
1313 1313 1448 1369 patris
1480 1313 1639 1370 aliquid
1659 1326 1858 1370 recogno-

300 1398 486 1441 scamus,
524 1399 620 1430 cum
648 1386 726 1430 hoc
757 1387 782 1430 a
809 1388 965 1431 nostris
995 1388 1340 1433 ministerialibus
1370 1390 1664 1436 universaliter
1693 1391 1860 1437 abiudi-

298 1466 439 1506 catum
469 1463 545 1519 sit,
581 1467 644 1508 set
672 1467 845 1522 propter
874 1469 994 1510 tuum
1025 1470 1068 1510 et
1097 1467 1327 1512 amicorum
1355 1471 1524 1514 tuorum
1554 1469 1773 1514 servitium
1802 1469 1858 1515 ad

297 1539 377 1584 hoc
404 1541 642 1585 faciendum
670 1542 862 1587 inclinati
891 1557 1048 1588 sumus.

299 1693 418 1742 406.
443 1697 654 1742 Wibaldus
674 1698 967 1742 Bernhardum
999 1702 1233 1758 episcopum
1253 1701 1631 1747 Paderbornensem
1656 1703 1854 1760 hortatur,

447 1783 492 1818 ut
527 1791 569 1818 se
601 1791 627 1818 a
658 1776 855 1835 Folquini
885 1784 922 1819 et
951 1777 1176 1822 Widikindi
1206 1786 1243 1822 et
1273 1780 1449 1823 aliomm
1477 1781 1641 1824 iniuriis
1670 1782 1855 1826 vindicet.

447 1853 643 1908 Nuntiat,
690 1855 734 1896 in
776 1855 893 1897 curia
922 1855 1249 1914 Wirzeburyensi
1284 1859 1363 1901 sibi
1399 1873 1630 1902 concessum
1666 1874 1768 1914 esse,
1811 1866 1858 1903 ut

447 1929 665 1974 Huxariae
696 1933 936 1975 munitiones
965 1942 1271 1991 repararentur.
1641 1934 1713 1990 (Μ.
1735 1935 1855 1991 360.)

416 2018 657 2063 Reverendo
701 2020 748 2063 in
791 2019 956 2065 Christo
1000 2023 1114 2079 patri
1157 2036 1232 2067 suo
1277 2027 1319 2067 et
1365 2023 1543 2074 domino*
1577 2023 1858 2080 B(ernhardo)

299 2099 468 2141 sanctae
512 2096 887 2143 Patherburnensis
939 2099 1163 2145 aecclesiae
1208 2101 1437 2146 venerabili
1484 2102 1680 2161 episcopo
1722 2103 1854 2148 frater

298 2173 549 2230 W(ibaldus)
572 2174 653 2219 Dei
681 2176 818 2231 gratia
846 2177 904 2234 id,
937 2178 1047 2234 quod
1077 2182 1140 2223 est
1168 2179 1214 2223 in
1237 2178 1412 2224 ecclesia
1433 2179 1650 2237 catholica,
1681 2180 1853 2237 exiguas

301 2252 508 2297 orationes
539 2256 581 2296 et
611 2253 808 2298 devotum
837 2256 1067 2300 servitium.

419 2330 674 2375 Confidimus
706 2331 758 2376 de
787 2333 1075 2377 misericordia
1098 2333 1180 2378 Dei
1211 2338 1254 2379 et
1272 2338 1412 2379 vestra
1442 2335 1711 2392 benignitate,
1742 2335 1854 2393 quod

299 2409 525 2454 memoriae
554 2412 719 2454 vestrae
753 2411 940 2455 tenacius
969 2411 1179 2469 inhereat,
1219 2416 1375 2470 quanta
1404 2413 1684 2458 benivolentia
1710 2416 1852 2471 pater-

300 2487 477 2532 nitatem
505 2490 690 2532 vestram
728 2501 780 2532 ex
818 2487 941 2544 longo
978 2492 1166 2548 tempore
1206 2490 1428 2535 dileximus
1459 2494 1502 2535 et
1530 2490 1640 2548 quod
1669 2490 1852 2548 quietem

300 2569 484 2610 vestram
518 2579 732 2622 nunquam
769 2567 1014 2623 perturbare
1049 2568 1302 2623 studuimus3
1341 2572 1405 2612 set
1434 2571 1477 2613 et
1504 2582 1580 2612 nos
1609 2569 1852 2614 memoriter

301 2646 344 2688 et
380 2643 556 2688 iocunde
592 2643 878 2700 recordamur,
919 2645 1030 2702 quod
1058 2646 1154 2703 pari
1180 2646 1467 2690 vicissitudine
1495 2646 1648 2702 iugiter
1677 2660 1704 2690 a
1730 2646 1849 2691 vobis

302 2720 443 2766 dilecti
472 2735 628 2766 sumus.
688 2721 816 2766 Novit
845 2725 984 2766 autem
1014 2722 1208 2768 discretio
1238 2727 1391 2781 vestra,
1422 2737 1547 2782 quam
1575 2723 1779 2769 violenter
1806 2728 1850 2769 et

302 2812 427 2856 quam
464 2799 682 2844 inhoneste
718 2799 944 2858 propinqui
974 2801 1105 2845 vestri
1142 2804 1185 2847 et
1219 2801 1407 2847 homines
1442 2804 1530 2846 tam
1560 2802 1689 2847 vestri
1722 2816 1848 2860 quam

397 2903 426 2926 ι.
451 2895 651 2926 commitimus
673 2906 699 2926 c.
779 2894 810 2926 b.
837 2895 908 2927 811111
929 2906 985 2927 om.
1000 2896 1068 2927 cod.

395 2954 429 2989 1.
454 2963 608 2990 camera.
