1924 3288
597 231 799 263 wmALm
826 230 1048 263 nnsmom
1078 230 1150 262 136.
1569 218 1655 262 213

83 327 221 375 efflari
249 327 474 384 desiderat,
510 326 696 385 plurima
725 327 845 372 nobis
877 326 1114 371 sollicitudo
1144 327 1350 383 imminet,
1383 326 1476 383 quis
1509 339 1656 370 sensus

83 420 216 464 queve
260 406 470 451 sententia
516 406 593 450 sub
641 406 768 450 verbo
815 405 1168 450 reconciliationis
1212 406 1489 450 contineatur.
1545 404 1655 456 Quo-

81 485 197 530 niam
226 485 348 530 testis
379 488 443 529 est
461 484 582 529 nobis
605 484 862 529 conscientia
891 487 1050 540 nostra,
1085 484 1196 541 quod
1225 484 1332 528 nihil
1360 484 1406 527 in
1438 497 1535 528 eum
1556 496 1655 540 pec-

80 563 282 608 cavimus.
332 562 378 607 Si
409 576 508 607 vero
538 563 632 620 ipse
661 563 707 606 in
736 577 814 606 nos
845 562 1042 619 deliquit,
1081 565 1218 606 totum
1249 563 1288 606 ei
1320 577 1372 606 ex
1403 562 1528 606 corde
1557 575 1655 619 per-

79 642 189 688 fecto
220 641 274 686 ob
304 641 439 686 divini
467 644 707 699 respectum
739 641 893 684 amoris
923 640 1212 697 indulgemus,
1245 645 1288 685 et
1317 644 1407 685 tam
1435 641 1482 684 in
1514 640 1655 684 anima

81 734 209 778 quam
237 720 284 764 in
313 733 488 777 corpore
517 733 620 763 vera
649 719 689 763 01
719 719 829 763 bona
852 719 1076 776 provenire
1098 723 1361 777 exoptamus,
1394 733 1472 763 nec
1491 718 1655 763 invide-

79 812 174 843 mus
206 798 265 854 ei,
298 798 349 854 si,
382 797 500 842 salva
528 810 635 855 pace
665 800 813 842 nostra
843 800 886 841 et
915 798 1161 842 monasterii
1191 799 1327 842 nostri
1358 797 1535 853 cautela,
1567 797 1654 840 foe-

79 876 256 921 cundior
294 876 334 920 ei
372 876 490 933 quies
530 875 672 932 aliqua
709 876 982 930 concedatur3
1025 876 1234 932 siquidem
1272 879 1313 920 et
1349 890 1426 921 nos
1462 875 1653 919 homines

79 969 224 1000 sumus
265 957 308 999 et
345 967 441 998 cum
478 954 717 998 hominibus
755 953 956 1010 flagellati
994 957 1036 998 et
1071 954 1246 998 humani
1277 955 1437 1012 aliquid
1469 954 1654 998 alienum

80 1047 107 1078 a
141 1033 263 1078 nobis
301 1046 386 1077 non
418 1033 636 1077 sentimus.
762 1032 836 1076 Set
867 1033 918 1076 de
948 1032 1102 1076 litteris
1134 1030 1393 1076 1110101110111ι
1421 1032 1652 1076 Adelberto

81 1125 207 1170 super
243 1111 379 1170 ipsius
415 1111 585 1167 negotio
623 1111 863 1167 mittendiS,
904 1125 989 1155 non
1025 1111 1162 1155 facilis
1193 1111 1314 1155 nobis
1347 1111 1401 1155 ad
1432 1110 1654 1154 consilium

78 1191 150 1236 via
185 1190 267 1234 fuit
302 1203 380 1248 pro
420 1203 490 1246 eo,
523 1189 634 1247 quod
668 1189 783 1233 idem
813 1189 1014 1246 marchio,
1047 1190 1113 1234 vir
1144 1204 1245 1234 sane
1275 1190 1483 1247 prudens,
1523 1189 1654 1233 totius

78 1268 311 1314 honestatis
342 1271 385 1313 et
415 1267 661 1325 disciplinae
693 1268 924 1325 speculum,
955 1282 1033 1312 nos
1064 1282 1331 1326 nequaquam
1360 1282 1488 1325 super
1509 1268 1655 1312 eodem

77 1347 206 1392 verbo
236 1346 460 1403 consuluit,
491 1359 588 1390 cum
607 1349 751 1390 tamen
772 1346 829 1391 sit
847 1347 968 1391 nobis
999 1347 1152 1391 intima
1174 1346 1279 1391 fide⁶
1301 1350 1344 1391 et
1363 1346 1653 1390 familiaritate

79 1426 338 1471 coniunctus.
459 1423 591 1468 Porro
632 1425 835 1469 aecclesia
863 1424 1055 1470 Romana
1083 1426 1163 1470 hoc
1193 1440 1270 1483 pre
1301 1425 1462 1469 cunctis
1493 1429 1652 1469 morta-

77 1504 188 1550 libus
226 1503 497 1562 privilegium
533 1503 579 1546 in
618 1504 744 1547 terris
782 1506 881 1561 post
918 1503 1057 1548 Deum
1095 1504 1297 1560 obtinuit,
1341 1507 1390 1547 ut
1429 1503 1520 1547 sola
1557 1517 1652 1548 cum

76 1584 170 1641 ipso
201 1583 340 1627 dicere
369 1581 527 1639 possit:
560 1581 656 1640 Eyo
691 1584 876 1626 occidam
907 1590 946 1626 et
970 1599 1043 1641 eqo
1065 1585 1199 1626 vivere
1211 1583 1390 1642 faciam,
1416 1585 1655 1641 percutiam

79 1670 118 1706 et
155 1677 228 1720 eqo
266 1662 423 1704 sanabo
433 1656 461 1703 ².
509 1658 598 1711 Que
635 1662 700 1703 est
733 1659 865 1716 igitur
894 1660 1098 1704 fortitudo
1129 1663 1276 1704 nostra
1308 1664 1381 1704 aut
1409 1661 1567 1716 virtus,
1605 1667 1654 1704 ut

79 1739 238 1796 erigere
266 1738 492 1797 possimuS,
525 1751 651 1795 quem
680 1751 831 1782 manus
864 1738 976 1782 elisit
1000 1739 1437 1796 omnipotentissima?
1479 1739 1537 1782 Et
1559 1738 1652 1796 ipse

79 1817 249 1876 quidem
271 1817 450 1861 domnus
471 1815 710 1872 Heinricus,
732 1830 828 1860 cum
854 1817 983 1861 fuerit
1004 1817 1055 1861 ab
1079 1817 1334 1874 apostolicae
1357 1817 1468 1861 sedis
1488 1813 1651 1873 legato³

78 1895 465 1942 excommunicatus
505 1898 547 1939 et
584 1894 636 1938 ab
675 1895 790 1938 omni
820 1897 909 1938 tam
940 1895 1133 1939 abbatiae
1165 1895 1369 1951 dignitate
1401 1910 1529 1952 quam
1560 1908 1652 1939 aec-

78 1973 312 2019 clesiastico
352 1972 488 2017 officio
525 1973 762 2030 deposituS,
801 1972 938 2016 nullas
969 1973 1324 2018 reconciliationis
1356 1987 1457 2018 suae
1486 1974 1649 2019 litteras

1682 329 1776 366 1148

79 2067 105 2097 a
133 2052 346 2096 Romanae
377 2051 604 2096 aecclesiae
635 2051 859 2095 clementia
887 2051 1044 2107 retulit,
1076 2052 1269 2096 fortassis
1301 2053 1399 2109 quia
1420 2052 1650 2096 secundum
1707 2058 1711 2059 ’

77 2144 238 2175 morem
276 2133 319 2174 et
355 2130 553 2174 instituta
591 2129 702 2173 sedis
744 2129 998 2187 apostolicae
1036 2130 1178 2174 iurare
1214 2131 1338 2174 tactis
1370 2131 1649 2175 sacrosanctis

79 2209 308 2265 euangeliis
344 2208 501 2264 noluit,
542 2207 654 2264 quod
692 2207 743 2251 de
783 2210 920 2251 cetero
952 2207 1248 2252 Corbeiensem
1289 2209 1535 2253 aecclesiam
1572 2223 1650 2254 nec

77 2301 155 2346 per
186 2301 231 2332 se
260 2300 340 2331 nec
368 2301 446 2344 per
467 2286 721 2331 submissam
741 2299 967 2343 personam
986 2290 1173 2331 vexaret.
1222 2287 1329 2331 Tum
1360 2302 1459 2332 vero
1489 2289 1535 2331 in
1563 2289 1649 2332 sin-

79 2366 159 2410 odo
195 2365 415 2422 Remensi,
465 2378 545 2421 que
584 2364 778 2422 proxime
816 2363 1028 2408 celebrata
1066 2368 1148 2421 est,
1197 2365 1374 2409 domnus
1409 2380 1523 2424 papa
1560 2369 1650 2410 tam

78 2444 206 2488 verbo
238 2457 365 2501 quam
396 2443 566 2501 scriptis
599 2439 887 2486 confirmavit*
917 2443 1169 2487 sententiam
1199 2443 1328 2500 legati
1359 2445 1424 2488 sui
1454 2444 1649 2500 magistri

79 2522 277 2578 Thomas,
311 2536 437 2579 quam
458 2522 502 2566 in
523 2521 761 2579 predictum
782 2520 1060 2576 H(einricum)
1084 2522 1337 2576 dictaverat3
1371 2525 1435 2566 set
1463 2522 1568 2578 ipse,
1600 2525 1649 2566 ut

80 2601 240 2646 dictum
271 2603 347 2656 est,
380 2603 423 2644 et
454 2614 479 2644 a
509 2600 643 2656 gradu
675 2602 717 2643 et
748 2599 800 2643 ab
832 2599 977 2643 ordine
1006 2600 1312 2645 aecclesiastico
1338 2613 1434 2644 eum
1454 2599 1648 2656 deposuit

83 2682 144 2736 et,
178 2682 380 2736 tanquam
410 2678 721 2723 inobedientem
749 2677 879 2721 immo
910 2691 1009 2722 vero
1042 2682 1186 2736 aperte
1216 2677 1435 2733 rebellem,
1475 2677 1646 2721 anathe-

80 2757 207 2802 matis
248 2757 455 2801 sententia
492 2756 685 2814 perculit.
734 2754 945 2807 Quantum
980 2770 1080 2801 vero
1115 2756 1329 2814 piaculum
1359 2755 1416 2799 sit
1444 2754 1549 2798 illud
1578 2769 1645 2800 re-

80 2837 220 2894 cipere
261 2835 373 2892 quod
401 2835 591 2879 Romana
630 2833 832 2879 aecclesia
867 2835 1047 2892 respuit,
1087 2848 1302 2879 sacrorum
1331 2847 1539 2878 canonum
1568 2847 1644 2891 pa-

176 2946 203 2967 a.
231 2936 310 2967 fidae
333 2948 359 2967 c.

178 3001 211 3037 1.
236 2999 596 3047 Brandenburgensi.
663 3001 696 3037 2.
723 3000 832 3037 Deut.
851 3000 908 3045 32,
925 2999 982 3037 39.
1043 3000 1078 3036 3.
1103 2999 1254 3037 Thoma.
1315 2999 1349 3036 4.
1377 2998 1494 3048 ep.84
1510 3009 1545 3046 p.
1562 2999 1642 3038 158,

1672 2376 1745 2415 Apr.
1762 2377 1781 2407 5
