1924 3288
300 191 387 233 486
739 202 937 232 ΜΒΑΙᾸΠ
966 201 1214 234 nmsromn
1243 202 1430 234 352—355.

186 301 276 336 1152
301 295 505 340 sessiones
543 296 658 353 ipsas
695 296 923 339 restituant
961 298 1004 340 et
1042 295 1094 340 ab
1125 297 1310 341 eiusdem
1342 295 1567 342 aecclesiae
1595 291 1861 344 infestatione

185 349 245 380 Ian.
259 351 276 381 ⁹
300 374 514 418 desistant.
581 373 738 425 Quodsi
780 373 889 417 forte
936 374 1020 417 tuis
1065 374 1237 418 monitis
1283 374 1477 419 oboedire
1521 376 1859 442 contempserint,

298 452 541 497 canonicam
573 451 624 495 de
654 451 759 508 ipsis
787 451 997 495 iusticiam
1027 451 1169 496 facias.
1232 451 1430 496 Preterea
1458 452 1752 499 nichilomintts
1781 454 1861 499 tibi

297 530 568 585 mandamus,
605 532 654 572 ut
687 529 887 572 fratribus
919 522 1180 574 Corbeiensis
1213 530 1438 574 aecclesiae
1467 530 1520 575 de
1548 531 1780 588 piscatione
1806 531 1862 579 de

298 607 496 662 Hokwar,
528 620 634 664 quae
665 606 691 650 a
719 606 1009 663 parrochianis
1039 607 1137 663 tuiS,
1169 608 1279 651 sicut
1309 609 1558 666 accepimus,
1588 608 1735 654 illicite
1755 609 1861 654 deti-

297 687 434 740 netur,
467 684 577 740 quod
606 684 764 728 iustum
793 684 934 741 fuerit,
964 684 1093 728 facias
1125 685 1326 732 exhiberi.
1373 685 1487 731 Data
1517 685 1687 743 Signiae
1713 687 1742 732 ὅ
1761 686 1861 733 Idne

297 762 492 806 Ianuarii.
1796 776 1801 780 ’

301 903 418 951 353.
445 904 662 962 Euyenius
671 905 755 948 III
755 921 876 964 papa
887 904 1082 948 Heinrico
1100 906 1406 964 archiepiscopo
1419 900 1661 964 Moyuntiho
1676 909 1860 964 mandat,

445 990 491 1024 ut-
504 984 750 1026 monasterio
769 983 999 1026 Corbeiensi
1015 984 1065 1026 de
1076 984 1256 1041 praedio
1274 984 1409 1027 ablato
1426 986 1491 1027 ius
1506 985 1627 1028 dicat.
1659 984 1860 1042 (M.331.)

181 1080 272 1115 1152
416 1071 556 1115 Idem
592 1071 888 1126 H(einrico)
929 1071 1234 1127 Maguntino
1276 1073 1688 1132 archiepiscopo.
1775 1085 1796 1101 ⁰

183 1129 243 1159 ¹⁸¹¹·
256 1130 274 1158 ⁹
416 1148 763 1206 Unumquemque
807 1149 991 1206 propriis
1030 1163 1201 1194 manere
1239 1153 1482 1194 contentum
1519 1165 1598 1196 nec
1633 1151 1687 1197 ad
1707 1151 1862 1199 *aliena

296 1226 452 1270 nedum
482 1226 535 1270 ad
573 1227 853 1271 ecclesiastica
881 1226 1027 1270 illicite
1057 1241 1206 1271 manus
1238 1228 1461 1272 extendere
1470 1235 1498 1285 ⁸,
1529 1229 1740 1275 naturalia
1763 1230 1862 1277 iura

298 1307 340 1349 et
369 1307 610 1348 sanctorum
639 1308 810 1362 patrum
841 1305 947 1348 scita
972 1305 1132 1362 pariter
1152 1309 1450 1350 contestantur.
1493 1306 1582 1359 Quo
1603 1310 1752 1353 contra
1768 1309 1861 1366 quis

297 1382 394 1425 dam
423 1382 692 1439 parrochiani
721 1383 786 1426 tui
814 1383 1008 1440 predium
1039 1383 1206 1439 Ostohf,
1244 1384 1374 1440 quod,
1405 1388 1532 1442 prout
1561 1385 1682 1430 nobis
1711 1389 1860 1444 sugge-

297 1463 410 1511 stum
441 1462 517 1515 est,
549 1460 603 1503 ad
623 1459 917 1504 Corbeiensem
948 1461 1192 1505 aecclesiam
1215 1462 1386 1519 proprie
1405 1465 1595 1520 spectare
1616 1463 1860 1522 dinoscitur,

296 1537 378 1580 Dei
406 1537 558 1580 timore
587 1539 835 1595 postposito,
867 1541 1012 1582 contra
1041 1539 1105 1582 fas
1136 1543 1282 1583 contra
1308 1540 1518 1584 iusticiam
1537 1541 1783 1586 invaserunt
1804 1546 1859 1599 et,

297 1614 342 1658 in
373 1628 451 1658 sua
478 1615 667 1671 nequitia
696 1616 985 1673 perdurantes,
1018 1616 1205 1674 prefatae
1236 1617 1460 1662 aecclesiae
1482 1619 1704 1664 restituere
1723 1618 1860 1665 m'odi‘s'

297 1692 489 1736 omnibus
526 1693 829 1737 contradicunt.
892 1693 998 1746 Quia
1027 1695 1176 1750 igitur,
1214 1698 1262 1739 ut
1292 1695 1668 1742 ecclesiasticarum
1696 1711 1860 1756 posses-

297 1770 461 1813 sionum
492 1774 683 1828 raptores
715 1772 767 1816 ab
799 1771 1056 1816 alienarumb
1076 1786 1218 1816 rerum
1248 1773 1412 1818 discant
1438 1774 1655 1820 invasione
1683 1789 1859 1834 cessare,

296 1847 521 1904 pastoralis
552 1849 737 1893 maxime
769 1863 868 1893 cura
899 1849 1022 1894 debet
1053 1851 1247 1906 existere,
1277 1864 1355 1908 per
1373 1853 1588 1909 presentia
1606 1853 1684 1898 tibi
1703 1854 1861 1912 scripta

297 1925 559 1982 mandamus,
591 1927 788 1983 quatinus
819 1927 872 1972 de
901 1928 1165 1972 invasoribus
1189 1928 1341 1973 dilecto
1361 1928 1447 1974 filio
1467 1934 1612 1975 nostro
1631 1930 1857 1988 Wfibaldo)

298 2002 540 2047 Corbeiensi
580 2004 721 2048 abbati
761 2008 804 2050 et
839 2006 1040 2050 fratribus
1077 2006 1210 2063 ipsius
1248 2006 1432 2051 debitam
1468 2008 1678 2054 iusticiam
1713 2009 1857 2055 facias.

297 2080 409 2124 Data
438 2084 486 2124 ut
515 2095 656 2139 supra.

181 2213 274 2292 {alf}
301 2216 416 2262 354.
445 2217 582 2262 Idem
620 2218 878 2276 scriptum
919 2223 999 2264 est
1039 2218 1313 2266 Guonrado
1348 2221 1712 2268 Wormaciensi
1748 2224 1857 2284 epi-

447 2308 626 2353 scope,
659 2297 792 2352 quod
821 2297 1136 2354 MaguntinO.

302 2453 418 2502 355.
446 2455 660 2514 Euqenius
670 2457 750 2500 III
755 2473 873 2515 papa
891 2458 1111 2502 Ber-nardo
1130 2462 1317 2519 episcopo
1331 2462 1661 2506 Paderbmemi
1672 2463 1856 2518 mandat,

446 2541 566 2591 coyat
587 2534 878 2589 Widilcindum,
910 2543 958 2579 ut
984 2540 1231 2581 monasterio
1265 2540 1496 2583 Corbeiensi
1524 2554 1630 2597 quae
1650 2541 1859 2585 abstulerit

445 2612 604 2655 reddat.
1638 2615 1710 2670 (M.
1735 2617 1854 2674 332.)

182 2706 275 2785 {³¹²5}
417 2700 641 2744 Domnus
671 2713 803 2758 papa
829 2699 1096 2757 Eugenius
1125 2702 1386 2750 Bernardo
1406 2703 1855 2752 Patherburnensi

299 2791 562 2835 eplscopo.

417 2854 598 2899 Veniens
630 2854 683 2898 ad
706 2858 891 2899 nostram
914 2858 1169 2913 presentiam
1191 2859 1365 2903 dilectus
1385 2858 1494 2903 filius
1517 2864 1660 2905 noster
1679 2860 1853 2916 W(ibal-

394 2959 421 2982 a·
450 2949 560 2982 debere
581 2951 730 2982 excidisse
750 2951 875 2982 videtur.
958 2951 988 2982 b.
1015 2952 1140 2983 aliarum
1161 2965 1188 2984 c.
