1930 3242
409 218 562 250 NOTAE
593 218 907 251 s'rABnLENsns
935 219 998 250 Dn-
1027 219 1239 251 wmALDO
1551 208 1605 251 75

162 311 260 357 Idus
279 312 454 370 Aprilis.
502 313 582 357 Hic
613 314 790 358 domnus
822 315 950 359 abbas
971 314 1188 359 Wibaldus
1219 315 1442 359 investitus
1472 319 1536 359 est
1556 315 1606 359 de
1644 318 1744 379 1131Λ

43 390 214 436 abbatia.
251 389 489 436 Stabulensi
527 390 751 436 Stabulaus
790 393 843 437 ab
883 394 1136 451 imperatore
1172 392 1372 437 Lothario
1410 393 1605 450 secundo,
1632 368 1703 408 Apr.
1717 369 1755 398 1³

43 481 152 513 anno
181 468 293 513 infra
323 469 492 527 scripto.

163 547 218 591 12
247 546 340 591 Kal.
364 547 478 591 Maii.
526 547 606 591 Hic
636 548 813 592 domnus
833 548 1052 593 Wiboldus
1084 549 1212 594 abbas
1244 553 1510 594 consecratus
1543 554 1607 594 est
1627 566 1700 605 Apr.
1711 567 1751 596 20

40 624 87 668 in
116 624 311 669 abbatem
342 624 634 670 stabulensem
664 625 888 670 Stabulaus
921 627 973 671 ab
999 627 1242 672 Alexandro
1263 627 1486 673 Leodiensi
1517 628 1605 686 epi-

41 700 191 760 scopo¹
221 717 330 747 anno
360 703 532 747 Domini
566 705 692 759 1131,
725 705 875 748 aetatis
908 719 1007 748 suae
1038 719 1146 749 anno
1178 707 1248 750 34.

172 782 224 825 13
262 780 354 824 Kal.
395 781 599 825 Octobris
674 781 864 826 Domnus
912 782 1173 827 Stabulensis
1220 784 1348 828 abbas
1386 783 1604 829 Wiboldus
1648 791 1738 827 1137

42 857 196 903 electus
235 861 299 903 est
334 859 380 902 in
419 859 614 903 abbatem
650 860 696 903 in
733 859 876 904 Monte
906 860 1059 904 Casino
1098 862 1260 906 absens.
1322 862 1380 906 Et
1415 862 1606 919 sequenti
1629 840 1712 880 δεμ
1726 842 1764 872 19

41 936 110 980 die
139 936 362 981 investitus
394 940 458 981 est
489 938 540 982 de
571 938 718 982 eadem
749 938 918 982 abbatia
948 939 974 983 a
991 938 1192 983 Lothario
1220 940 1475 998 imperatore
1496 955 1604 985 anno
1630 954 1713 995 Sept.
1726 955 1765 985 20

40 1014 214 1059 Domini
246 1016 372 1060 1136.

163 1094 218 1138 13
248 1093 341 1137 Kal.
373 1093 636 1138 Novembris.
699 1094 779 1138 Hic
818 1094 995 1139 domnus
1034 1095 1163 1139 abbas
1194 1095 1412 1140 Wibaldus
1450 1097 1605 1141 electus
1635 1109 1727 1144 1146

42 1174 106 1215 est
135 1170 336 1216 Corbeiae
366 1171 516 1215 absens
546 1172 592 1215 in
623 1171 917 1216 Corbeiensem
949 1174 1157 1230 abbatem,
1190 1187 1299 1218 anno
1331 1175 1606 1219 ordinationis
1630 1157 1746 1189 ⁰⁰t‘20

41 1262 142 1294 suae
170 1250 216 1293 in
238 1249 461 1294 Stabulaus
488 1251 554 1305 16,
587 1250 820 1294 dominicae
851 1254 993 1295 autem
1019 1253 1322 1296 incarnationis
1343 1266 1452 1296 anno
1477 1255 1603 1298 1146.

160 1329 188 1372 2
218 1327 316 1372 Idus
347 1328 605 1372 Decembris,
660 1328 851 1372 Domnus
884 1330 1011 1374 abbas
1032 1329 1250 1375 Wibaldus
1287 1332 1511 1375 investitus
1543 1335 1608 1376 est
1628 1343 1752 1376 Deme

41 1405 94 1450 de
133 1405 302 1450 abbatia
330 1405 571 1450 Corbeiensi
606 1407 652 1450 in
681 1407 785 1451 villa
814 1407 1026 1452 Winheim
1065 1422 1174 1452 anno
1215 1423 1344 1467 supra
1374 1410 1531 1467 scripto
1561 1410 1607 1453 in

40 1483 252 1528 electione.

162 1563 216 1606 15
236 1561 328 1605 Kal.
351 1561 549 1606 Ianuarii.
595 1562 676 1606 Hic
702 1567 924 1621 susceptus
953 1567 1018 1609 est
1038 1564 1215 1611 domnus
1238 1565 1367 1611 abbas
1386 1565 1606 1612 Wibaldus
1628 1576 1701 1609 Dec.
1715 1579 1753 1610 18

40 1638 251 1684 Corbeiae.

135 1745 170 1782 1.
203 1745 459 1782 1128—1135.
