1924 3288
315 191 398 235 188
755 202 953 233 wmALm
977 201 1228 256 amsa-onan
1256 201 1327 233 112.
1348 202 1419 233 113.

194 300 288 339 1148
429 297 624 342 Reditum
651 300 837 341 vestrm
867 297 921 340 ad
949 310 1026 341 nos
1055 297 1239 352 gratanti
1269 297 1408 341 animo
1438 297 1680 356 accipimus,
1708 296 1865 356 quippe

312 376 429 420 cuius
466 376 698 420 absentiam
735 378 825 418 tam
860 375 1101 419 diuturnam
1134 378 1307 432 propter
1336 374 1520 432 plurima
1546 376 1668 421 nobis
1695 375 1865 432 nogotia

312 454 549 498 communia
579 453 681 497 satis
713 466 810 508 egre
838 452 1024 497 tulimus.
1077 452 1287 509 Rogamus
1316 453 1459 510 itaque
1488 457 1532 498 et
1558 454 1713 498 iterum
1740 466 1864 510 roga·

311 546 426 587 mus,
467 531 661 588 quatinus
690 530 807 574 nulla
835 531 1136 574 interveniente
1167 531 1382 575 occasione
1411 531 1711 589 hospitalitatis
1738 543 1866 577 causa.

313 610 367 654 ad
395 623 472 653 nos
502 608 739 664 declinetis,
778 608 1071 665 omnibusque,
1111 622 1191 665 que
1220 608 1266 652 in
1297 609 1420 653 domo
1450 612 1598 654 nostra
1624 611 1746 666 sunt,
1778 621 1865 654 non

311 691 477 731 tantum
515 687 568 730 ad
602 686 895 730 'necessitatem
932 700 1079 730 verum
1116 686 1244 730 etiam
1284 686 1340 730 ad
1371 686 1629 732 voluntatem
1663 690 1866 745 tanqum

311 765 494 822 propriis
524 764 713 808 utamini.
761 763 999 808 Habeamus
1029 764 1157 808 etiam
1184 763 1423 808 libertatem
1453 765 1504 810 de
1535 763 1711 822 singulis
1728 748 1865 811 veollo-

313 843 467 899 quendi
494 845 723 899 presentes,
756 855 933 898 quorum
960 841 1144 899 plurima
1172 855 1250 886 nec
1277 843 1520 888 meminisse
1538 855 1618 888 nec
1634 842 1751 900 loqui
1766 855 1869 902 poa-

312 934 455 964 sumus
487 920 690 964 absentes.
737 919 847 964 Huic
871 919 1071 977 peticioni
1090 920 1128 964 si
1148 920 1499 978 contradixeritis,
1530 921 1584 967 de
1601 923 1743 967 vestra
1761 919 1868 967 ami-

310 999 416 1043 cicia
442 1012 520 1042 nos
550 997 738 1042 diffidere
767 997 935 1053 cogetis.

316 1135 339 1182 1
351 1135 374 1181 l
385 1134 429 1183 3.
454 1137 665 1181 Wibaldus
683 1136 867 1180 Guidoni
886 1136 1130 1180 cancellario
1141 1136 1294 1194 papali
1307 1137 1506 1180 Amilimn
1521 1137 1710 1180 abbatem
1721 1134 1867 1181 Brun-

456 1215 714 1258 wilarensem
751 1214 1023 1268 commendat,
1063 1215 1135 1272 qui
1173 1215 1223 1257 ob
1259 1214 1533 1258 valetudinem
1573 1213 1632 1257 ad
1666 1213 1868 1273 synodum

457 1293 698 1337 Remensem
727 1307 810 1334 non
839 1293 1002 1334 venerit·
1679 1289 1752 1345 (Μ.
1773 1290 1865 1347 96.)

194 1382 287 1419 1148
428 1374 669 1419 Reverendo
700 1369 813 1431 patri
843 1387 918 1417 suo
950 1376 992 1417 et
1021 1373 1188 1417 domino
1220 1372 1434 1428 G(uidoni)
1465 1377 1635 1419 sanctae
1653 1373 1866 1419 Romanae

311 1453 533 1499 aecclesiae
562 1452 790 1496 venerabili
821 1451 1024 1495 cardinali
1054 1451 1228 1495 diacono
1241 1448 1265 1507 ¹,
1298 1451 1551 1509 apostolicae
1572 1452 1683 1496 sedis
1702 1451 1866 1502 canoel-

309 1533 428 1588 lario,
459 1531 590 1575 frater
609 1529 860 1585 W(ibaldus)
880 1529 961 1574 Dei
982 1529 1118 1585 gratia
1136 1529 1194 1584 id,
1225 1529 1336 1586 quod
1356 1533 1420 1573 est
1437 1530 1484 1574 in
1504 1529 1706 1578 aecclesia
1723 1529 1867 1575 catho-

308 1610 403 1666 lica,
434 1609 604 1653 devotas
635 1609 844 1652 orationes
875 1610 918 1652 et
948 1621 993 1651 se
1022 1607 1175 1664 ipsum.

427 1687 606 1731 Divinae
641 1686 848 1742 largitatis
887 1684 1205 1728 similitudinem
1243 1684 1351 1740 gerit
1387 1684 1486 1741 hoc,
1525 1685 1637 1742 quod
1669 1685 1718 1729 in
1745 1684 1867 1731 nobis

310 1769 451 1810 vestra
488 1764 684 1809 exhibere
721 1777 806 1807 non
843 1766 980 1807 cessat
1013 1762 1245 1806 clementia.
1309 1760 1525 1818 Siquidem
1553 1762 1680 1808 nullis
1709 1763 1866 1808 nostris

312 1843 571 1888 exstantibus
602 1842 778 1898 meritis,
809 1844 929 1885 tanta
950 1841 995 1884 in
1015 1854 1092 1883 nos
1112 1838 1407 1884 beneficiorum
1427 1844 1663 1885 vestrorum
1681 1840 1868 1889 abundat

309 1921 554 1976 liberalitas,
589 1923 637 1964 ut
665 1933 750 1964 non
778 1919 975 1963 inmerito
1006 1931 1102 1962 cum
1132 1917 1420 1962 admirationis
1450 1917 1739 1974 magnitudine
1767 1931 1866 1979 pro-

309 1999 458 2044 testari
497 2011 714 2054 cogamur:
755 1998 868 2051 Quid
903 1998 1127 2040 retribuam
1157 1997 1321 2039 domino
1346 2012 1430 2054 pro
1461 1998 1658 2051 omnibus,
1690 2012 1769 2056 que
1797 2012 1865 2040 re·

311 2079 452 2122 tribuit
479 2073 629 2120 mihi?²²
676 2075 761 2120 Sub
790 2077 909 2118 tanta
927 2074 1069 2131 itaque
1089 2073 1322 2117 indefessae
1341 2073 1510 2130 pietatis
1529 2075 1694 2118 vestrae
1713 2071 1869 2119 fiducia

311 2158 479 2200 nostrae
509 2153 709 2212 parvitati
740 2151 990 2196 confidentia
1019 2151 1182 2207 crescit,
1211 2153 1259 2194 ut
1289 2150 1415 2194 etiam
1444 2163 1522 2208 pro
1543 2150 1688 2195 amicis
1708 2150 1866 2196 nostris

310 2232 568 2277 intercedere
597 2243 909 2288 presumamus,
948 2243 1044 2274 cum
1073 2229 1193 2273 nobis
1223 2231 1367 2286 posset
1395 2226 1585 2272 sufficere
1615 2231 1659 2273 et
1687 2226 1866 2273 arduum

311 2310 519 2368 reputari,
558 2309 669 2367 quod
706 2311 870 2352 vestrae
910 2307 1143 2351 dilectionis
1182 2305 1443 2350 dulcedinem
1479 2304 1621 2362 aliqua
1657 2319 1710 2350 ex
1745 2309 1866 2364 parte

312 2389 593 2444 degustamus.
641 2385 988 2429 Commendamus
1020 2385 1150 2440 igitur
1175 2384 1293 2428 vobis
1319 2382 1456 2427 virum
1482 2382 1762 2427 venerabilem
1792 2382 1865 2428 ab-

312 2467 452 2511 batem
480 2459 895 2518 Brunwilerensem³,
931 2462 1025 2519 qui,
1057 2463 1166 2506 sicut
1195 2464 1355 2506 certum
1385 2463 1468 2516 est,
1498 2459 1743 2506 infirmitate
1773 2472 1866 2507 cor-

312 2543 446 2601 porali
476 2543 668 2587 detentus
693 2541 746 2585 ad
767 2541 959 2584 sinodum
979 2540 1227 2584 Remensem
1246 2538 1389 2583 venire
1407 2551 1493 2582 non
1513 2537 1665 2595 potuit,
1696 2540 1739 2582 et
1757 2537 1866 2582 sicut

312 2621 364 2665 ab
393 2620 486 2678 ipso
517 2619 681 2676 plenius
712 2619 903 2674 audietis,
935 2618 986 2662 de
1015 2617 1107 2673 hoc,
1139 2616 1250 2673 quod
1279 2616 1359 2660 sibi
1379 2615 1431 2659 ab
1453 2614 1601 2659 emulis
1620 2614 1864 2673 impositum

312 2701 396 2754 est,
437 2711 603 2741 omnem
640 2697 686 2740 in
723 2696 892 2740 modum
931 2696 1128 2739 innocens
1167 2694 1260 2738 fuit.
1312 2692 1395 2737 Vos
1431 2692 1561 2748 igitur
1589 2706 1667 2751 pro
1696 2694 1865 2738 nostrae

311 2775 530 2832 peticionis
561 2774 716 2845 intuitu
745 2774 878 2831 ipsius
909 2777 951 2818 et
979 2776 1100 2831 pater
1131 2775 1173 2816 et
1201 2774 1402 2829 patronus
1433 2769 1563 2813 eritis.

406 2852 437 2886 1.
464 2849 528 2887 SS.
546 2849 699 2887 Cosmae
717 2852 756 2886 et
773 2849 954 2885 Damiani.
1048 2849 1083 2884 2.
1108 2848 1168 2884 Ps.
1187 2846 1266 2890 115,
1287 2846 1344 2882 12.
1439 2846 1474 2881 3.
1499 2844 1688 2882 Amilium.
1714 2843 1771 2883 Cf.
1787 2843 1863 2882 An·

312 2908 414 2947 nales
436 2909 746 2946 Brunwilarenses
773 2908 864 2945 1148
889 2908 999 2950 (Mon.
1017 2906 1139 2943 Germ.
1158 2905 1220 2942 SS.
1238 2903 1338 2942 XVI.
1356 2903 1453 2950 727).
