1924 3288
528 211 727 242 wmALDI
755 210 1005 243 EPISTOLAE
1034 209 1104 241 111.
1128 209 1198 240 172.
1558 197 1642 241 291

87 303 200 354 171.
232 306 443 351 Wibaldus
461 306 703 350 Heinricum
735 309 971 365 episcopum
991 307 1248 350 Mindensem
1277 313 1411 364 νομαί,
1443 313 1489 349 ut
1517 306 1561 349 in
1582 321 1645 349 ee-

228 385 351 428 alesia
380 385 670 430 Kaminatensi
697 401 818 430 saera
842 401 1076 443 procurare
1107 385 1312 428 concedat.
1431 382 1503 438 (M.
1530 383 1645 438 155.)

197 473 440 519 Reverendo
479 475 594 532 patri
631 488 705 518 suo
744 478 786 519 et
816 474 983 518 domino
1014 474 1245 529 H(einrioo)
1277 474 1508 519 venerabili
1538 473 1647 518 Min·
1671 477 1764 534 1149

81 551 222 596 densis
256 552 456 597 ecclesiae
488 553 682 611 episcopo
713 553 845 596 frater
869 552 1121 607 W(ibaldus)
1153 553 1234 597 Dei
1263 553 1402 608 gratia
1430 553 1495 609 id,
1536 552 1648 610 quod
1687 527 1758 558 Μαι

82 633 146 674 est
168 631 214 674 111
234 631 436 675 aecclesia
456 631 674 687 catholica,
707 632 879 686 exiguas
901 631 1110 675 orationes
1132 634 1174 675 et
1194 631 1392 675 devotum
1412 631 1644 676 servitium.

199 708 370 754 Fratres
400 709 547 766 nostri,
580 710 680 753 dum
710 709 830 753 iuxta
850 710 1097 753 mandatum
1122 710 1264 753 domni
1285 723 1421 767 papae
1443 713 1485 754 et
1504 709 1649 754 domni

81 787 193 843 regis
224 787 277 831 ad
306 788 657 832 restaurationem
676 787 989 831 Kaminatensis
1022 788 1220 832 ecclesiae
1251 788 1458 844 laborant,
1491 788 1542 833 ab
1567 789 1648 832 ini-

81 865 189 909 mico
219 866 348 909 totius
379 865 527 910 salutis
558 866 755 923 temptati
786 871 828 909 et
856 866 1095 910 exacerbati
1116 866 1299 910 fuerunt.
1346 866 1457 911 Nam
1478 867 1650 924 quidam

80 956 187 1001 puer
221 943 450 988 monachus
490 944 541 988 de
576 944 757 989 culmine
787 944 955 1001 templi,
997 945 1065 988 cui
1094 948 1196 989 tunc
1225 945 1450 1000 retegendo
1481 946 1650 989 insiste-

81 1021 195 1078 bant,
226 1021 384 1080 lapsus,
414 1023 460 1066 in
490 1022 731 1079 pavimento
763 1022 963 1066 ecelesiae
993 1022 1164 1066 collisus
1194 1024 1417 1080 expiravit,
1449 1023 1564 1067 nullo
1586 1027 1650 1067 ta-

81 1114 180 1145 men
208 1108 355 1145 0111010
386 1099 528 1144 effuso.
576 1100 696 1144 Unde
728 1100 915 1145 advoluti
945 1101 1084 1144 animo
1112 1101 1289 1158 pedibus
1311 1105 1476 1154 vestrae
1497 1103 1650 1146 sancti-

82 1180 182 1224 tatis
219 1193 437 1236 rogamus,
476 1183 524 1223 ut
559 1193 636 1236 pro
674 1180 911 1224 reverentia
949 1179 1094 1223 domni
1131 1194 1267 1238 papae
1307 1184 1349 1225 et
1385 1195 1462 1238 pro
1493 1181 1652 1225 honore

83 1257 234 1302 domni⁴
255 1258 366 1313 regis
398 1261 440 1302 et
468 1257 589 1313 regni
618 1258 739 1302 iuxta
769 1258 1065 1302 discretionem
1092 1258 1211 1302 vobis
1239 1259 1264 1302 a
1290 1258 1380 1303 Deo
1410 1272 1653 1304 concessam

82 1336 352 1393 provideatis,
383 1349 436 1379 ne
466 1335 582 1380 locus
612 1336 684 1380 ille
716 1336 869 1380 divinis
900 1351 978 1394 pro
1003 1337 1081 1381 hoc
1102 1336 1250 1381 officiis
1270 1338 1473 1395 privetur.
1566 1338 1652 1382 Do-

81 1413 216 1458 lemus
246 1414 382 1470 valde,
414 1414 525 1471 quod
554 1414 790 1458 desiderato
823 1418 864 1459 et
894 1416 1048 1459 totiens
1075 1416 1261 1473 expetito
1285 1416 1491 1473 colloquio
1513 1420 1653 1460 vestro

82 1493 167 1536 frui
204 1507 290 1542 non
319 1494 553 1550 potuimus,
592 1506 689 1537 011111
719 1493 837 1537 vobis
868 1495 912 1537 in
943 1494 1123 1538 veritate
1153 1495 1312 1539 servire
1345 1498 1387 1539 et
1416 1509 1491 1539 vos
1522 1495 1653 1539 hono-

83 1585 178 1616 rare
207 1572 347 1629 parati
377 1572 521 1616 simus.

91 1713 204 1759 172.
236 1716 446 1760 Wibaldus
475 1716 926 1761 Malmundariensibus
948 1719 1179 1775 praecipit,
1219 1725 1266 1761 ut
1297 1718 1554 1773 Liebertum,
1593 1720 1656 1761 rei

232 1794 495 1837 monachicae
526 1796 784 1849 desertorem,
818 1803 1066 1838 aversentur.
1439 1794 1510 1849 (M.
1538 1795 1652 1849 156.)

204 1883 352 1927 Frater
374 1882 626 1938 W(ibaldus)
658 1883 739 1927 Dei
777 1884 914 1939 gratia
946 1883 1206 1928 Stabulensis
1246 1885 1471 1929 aecclesiae
1510 1899 1654 1929 servus
1681 1892 1773 1928 1149

86 1961 249 2005 dilectis
279 1962 325 2005 in
346 1961 512 2005 Christo
543 1962 744 2005 fratribus
777 1965 819 2006 et
845 1961 942 2006 filiis
964 1962 1418 2007 Malmundariensibus
1439 1963 1654 2008 monachis

85 2040 419 2085 benedictionem
450 2043 491 2084 et
521 2040 653 2084 vitam
682 2054 815 2096 usque
844 2041 889 2083 in
921 2041 1119 2084 seculum.

205 2119 453 2163 Venientem
485 2118 538 2161 ad
567 2132 644 2162 nos
674 2119 849 2162 fratrem
879 2119 1089 2175 quondam
1109 2123 1301 2163 nostrum
1320 2118 1564 2164 Liebertum
1585 2120 1656 2164 be-

86 2197 233 2253 nigne,
264 2200 392 2254 prout
421 2196 560 2252 licuit,
592 2197 838 2254 recepimus.
887 2197 1019 2249 Quem
1050 2210 1145 2241 oum
1176 2212 1317 2241 coram
1347 2198 1549 2242 fratribus
1582 2199 1656 2242 de⁸

87 2275 167 2332 his,
199 2275 347 2332 quibus
377 2288 454 2318 nos
486 2278 527 2318 et
559 2274 778 2318 ecclesiam
809 2275 949 2331 sepius
981 2275 1223 2332 offenderat,
1254 2280 1430 2334 paterne
1454 2278 1557 2321 satis
1577 2291 1655 2334 pro

87 2357 276 2411 tempore
307 2357 349 2397 et
371 2367 416 2397 re
441 2352 832 2410 increpavissemus,
862 2353 1122 2397 iniunximus
1145 2355 1184 2398 ei
1204 2369 1281 2412 pro
1302 2369 1424 2412 pena,
1458 2356 1496 2399 si
1514 2359 1657 2399 tamen

87 2445 198 2489 pena
234 2432 317 2476 dici
354 2431 509 2488 possit,
557 2434 605 2474 ut
643 2430 860 2474 nobiscum
899 2432 1011 2488 apud
1051 2431 1275 2477 Stabulaus
1313 2447 1430 2477 more
1469 2434 1655 2477 fraterno

87 2512 296 2565 maneret,
328 2509 481 2565 donec,
513 2509 705 2565 inspecta
737 2509 824 2552 eius
855 2508 1114 2566 humilitate,
1155 2511 1256 2567 quid
1287 2511 1495 2566 agendum
1532 2515 1655 2567 esset,

88 2586 177 2631 Deo
203 2590 371 2631 auctore
391 2588 640 2632 videremus.
688 2586 782 2630 Non
813 2587 948 2630 solum
979 2601 1064 2631 non
1095 2589 1317 2645 acquievit,
1350 2593 1414 2633 set
1437 2590 1482 2632 in
1502 2589 1657 2633 furiam

90 2669 132 2710 et
161 2666 206 2709 in
237 2679 342 2721 eam,
375 2680 458 2722 qua
489 2665 702 2723 arrepticii
722 2665 927 2720 feruntur,
959 2667 1174 2710 vesaniam
1195 2680 1434 2723 conversus,
1466 2667 1655 2711 cultellos

90 2746 131 2788 et
167 2757 306 2799 arma,
346 2744 496 2800 quibus
537 2758 581 2788 se
614 2747 654 2787 et
684 2757 760 2786 nos
790 2744 1072 2800 interimeret,
1117 2758 1310 2801 querere,
1351 2745 1655 2802 desperationis

88 2821 217 2865 verba
253 2835 324 2866 ore
356 2822 557 2878 sacrilego
588 2835 801 2879 promere,
841 2821 1051 2878 symb010,
1091 2822 1135 2865 id
1167 2826 1230 2866 est
1262 2823 1391 2867 Credo
1423 2827 1469 2867 in
1499 2825 1653 2878 Deum,

89 2898 290 2955 derogare
329 2903 390 2955 et,
433 2901 544 2957 quod
578 2913 807 2956 numquam
839 2899 1019 2956 amplius
1050 2900 1188 2944 Deum
1218 2902 1452 2958 invocaret,
1492 2903 1659 2947 seviens

187 2992 213 3013 a.
243 2985 274 3013 et
296 2995 322 3014 c.

1295 3043 1372 3079 191Ε
