1924 3288
332 183 420 228 426
779 197 978 230 wmALm
1005 197 1254 230 nms'rom
1281 197 1352 230 298.
1375 198 1446 230 299.

167 293 261 330 1150
331 291 501 349 fuisset,
534 306 582 336 eo
612 305 745 349 usque
773 295 1023 349 perventum
1053 296 1134 348 est,
1166 297 1234 349 ut,
1265 293 1351 337 iam
1381 294 1520 350 parati
1550 297 1594 338 et
1621 293 1808 352 expediti
1833 293 1892 339 ad

108 341 314 383 θῦμ’-ΒΜ
330 369 691 428 proficiscendum,
721 369 1039 427 Lotharingiam
1067 371 1305 414 exierimus.
1348 370 1506 422 Quodsi
1530 372 1666 416 nostri
1689 356 1891 428 ingenioli

330 449 513 492 tenuitas
549 447 784 504 intelligere
821 448 907 492 ullo
944 449 1068 492 modo
1105 450 1330 506 potuisset,
1369 449 1479 505 quod
1517 449 1640 494 huius
1669 449 1891 505 legationis

329 525 449 570 labor
482 525 691 570 ullatenus
723 526 941 583 expediret
970 526 1198 570 catholicae
1229 526 1453 570 aecclesiae
1485 539 1533 571 ac
1561 529 1726 572 vestrae
1755 526 1892 583 digni-

330 604 409 649 tati
448 604 536 649 sive
566 603 744 647 Romani
778 604 947 661 imperii
981 605 1261 660 incremento,
1298 604 1537 648 nullatenus
1573 604 1699 649 rebus
1734 604 1892 649 nostris

331 685 404 726 aut
431 695 637 739 personae
666 685 835 726 nostrae
864 683 1208 740 pepercissemus.
1309 681 1573 726 Presentium
1602 681 1712 726 lator
1740 681 1893 726 Stabu-

330 759 438 803 lensi
467 759 691 804 aecclesiae
721 761 815 815 iure
844 761 1123 818 proprietario
1153 760 1364 818 pertinere
1394 760 1637 804 dinoscitur.
1686 758 1768 812 Qui
1796 772 1914 804 cum>

331 838 385 881 ad
413 851 490 881 nos
519 838 824 894 querimoniam
844 837 1075 894 detulisset,
1108 838 1218 894 quod
1240 837 1410 894 quidam
1431 836 1567 894 God.·‚
1598 837 1780 882 decanus
1800 849 1893 882 aec·-

330 915 481 960 clesiae
511 916 658 960 beatae
689 915 847 960 Mariae
877 916 922 959 in
962 916 1116 973 oppido
1147 915 1404 959 Traiectensi
1416 913 1439 971 ¹,
1478 915 1669 971 domum,
1708 927 1822 972 quae*
1851 915 1893 960 ei

328 994 468 1052 patrio
499 997 542 1038 et
571 994 683 1038 avito
713 994 804 1038 iure
833 994 1086 1038 hereditario
1118 994 1331 1051 competit,
1361 993 1566 1037 violenter
1589 992 1785 1049 auferret,
1814 1006 1892 1037 nos

329 1086 406 1130 pro
444 1085 492 1116 eo
532 1072 767 1116 sanctitatis
806 1074 971 1116 vestrae
1010 1071 1096 1114 filio
1133 1070 1366 1126 H(einrico)
1403 1070 1634 1114 venerabili
1669 1069 1894 1115 Leodiensi

329 1150 526 1207 episcopo
561 1150 826 1207 scripsimus,
865 1149 1145 1206 postulantes,
1183 1152 1232 1192 ut
1261 1149 1464 1192 decanum
1495 1161 1618 1192 suum
1647 1148 1676 1192 a
1701 1150 1895 1193 tantasset

328 1227 500 1271 insolita
518 1228 718 1272 violentia
746 1231 955 1286 potestate
986 1227 1128 1270 debita
1155 1230 1403 1270 removeret.
1446 1226 1519 1270 Set
1547 1239 1644 1270 cum
1670 1224 1892 1270 idemne-

327 1306 440 1349 ricus
461 1306 513 1350 ab
533 1306 688 1350 iniusto
709 1306 925 1364 proposito
945 1305 1077 1348 nollet
1095 1318 1273 1360 cessare,
1305 1304 1462 1360 dicem,
1491 1303 1626 1359 illum,
1653 1303 1728 1361 qui
1746 1306 1893 1348 eontra

327 1397 372 1427 se
403 1384 566 1440 agebat,
598 1384 1005 1428 excommunicatum
1030 1396 1134 1437 esse,
1165 1382 1404 1439 compulsus
1427 1385 1492 1426 est
1509 1381 1624 1426 idem
1641 1381 1775 1425 laicus
1793 1393 1893 1439 pm-

325 1461 520 1506 tectionis
550 1465 715 1506 vestrae
753 1459 990 1519 appellareb
1029 1463 1071 1503 et
1107 1460 1223 1504 adire
1255 1460 1525 1517 presentiam.
1589 1459 1722 1504 Solita
1748 1458 1893 1516 itaque

327 1538 562 1596 clementia,
593 1543 715 1597 pater
733 1539 938 1597 piissime,
970 1551 1067 1581 eum
1086 1537 1286 1581 exaudire
1305 1537 1550 1593 dignemini,
1569 1550 1624 1581 ne
1642 1539 1709 1581 tot
1724 1533 1892 1581 labores

327 1620 369 1660 et
387 1617 576 1674 pericula
594 1618 753 1661 frustra
773 1621 816 1661 et
843 1617 889 1660 in
919 1629 1076 1660 vanum
1106 1629 1152 1659 se
1183 1615 1461 1672 assumpsisse
1481 1614 1634 1670 doleat,
1665 1618 1709 1658 et
1726 1617 1798 1658 ut·
1818 1613 1892 1658 alii

327 1696 518 1752 oppressi
548 1695 599 1740 de
619 1699 761 1739 vestra
788 1694 1077 1739 misericordia
1101 1693 1226 1737 huius
1247 1692 1440 1750 exemplo
1459 1705 1630 1750 sperare
1649 1692 1889 1737 docentur.

329 1836 446 1884 299.
474 1839 693 1884 Heinricus
723 1840 937 1897 epiecopus
967 1837 1209 1881 Leodiensis
1233 1836 1421 1880 Wibaldo
1449 1837 1659 1896 eiymfioat
1686 1836 1743 1881 dev
1757 1834 1890 1882 Ποία.-

474 1918 552 1960 rici
582 1918 739 1960 comitis
768 1917 820 1960 de
848 1917 972 1973 Rupe
1003 1925 1041 1959 et
1073 1914 1260 1958 Heinriot'
1289 1916 1446 1958 comitis
1472 1914 1746 1958 Namusa-emis
1774 1914 1820 1956 in
1847 1928 1892 1956 ee

473 1996 649 2038 inim-iis.
1674 1987 1748 2045 (Μ.
1771 1989 1890 2044 279.)

162 2093 255 2129 1150
445 2082 702 2137 H(einricus)
732 2081 813 2126 Dei
842 2081 980 2137 gratia
998 2081 1241 2126 Leodiensis
1262 2079 1487 2125 aecclesiae
1506 2079 1678 2124 humilis
1696 2079 1891 2125 minister

112 2141 303 2174 (Μ’-000·
327 2162 479 2205 domno
511 2160 739 2215 W(ibaldo)
780 2160 925 2204 eadem
955 2160 1092 2215 gratia
1121 2158 1352 2204 venerabili
1383 2157 1622 2203 Stabulensi
1651 2157 1794 2204 abbati
1822 2170 1891 2202 sa-

325 2239 458 2284 lutem
488 2242 531 2282 et
558 2238 790 2282 fraternam
817 2237 863 2282 in
893 2237 1061 2282 Christo
1090 2236 1369 2281 dilectionem.

444 2315 622 2373 Propter
651 2315 922 2359 necessitates
951 2315 1130 2371 grandes
1162 2328 1214 2358 ex
1244 2313 1459 2371 inproviso
1482 2312 1605 2358 nobie
1625 2313 1889 2358 occurrentes

326 2394 559 2439 minoribus
588 2393 772 2448 negociis
802 2406 1067 2450 nequaquam
1087 2405 1238 2437 vacare
1263 2404 1498 2449 possumus·
1538 2389 1635 2435 Non
1651 2389 1757 2436 latet
1767 2389 1888 2433 -enim

325 2471 594 2530 prudentiam
632 2473 838 2525 vestram,
875 2471 1066 2515 fomitem
1103 2471 1226 2515 huius
1260 2469 1384 2524 mali,
1422 2469 1623 2513 hactenus
1654 2466 1794 2525 specie
1822 2467 1887 2512 in-

327 2551 450 2595 vidae
478 2548 731 2593 adulationis
760 2549 953 2606 protecti,
983 2548 1146 2593 calcata
1175 2548 1252 2592 sub
1282 2546 1457 2604 pedibus
1479 2545 1632 2601 regalis
1653 2544 1889 2605 reverentia

327 2627 583 2683 maiestatis,
623 2639 767 2670 omnes
807 2626 971 2682 rupisse
1003 2627 1142 2671 aditus
1172 2624 1464 2670 simulationis.
1512 2623 1662 2668 Comes
1692 2622 1806 2668 enim
1833 2622 1887 2667 de

326 2706 446 2763 Rupe
476 2704 698 2750 Heinricus
729 2706 897 2758 treugas
928 2703 1044 2760 illas,
1085 2717 1189 2760 quas
1225 2717 1302 2760 per
1339 2715 1511 2746 manum
1541 2701 1705 2745 comitis
1727 2699 1884 2745 Namn-

310 2780 488 2843 ,censis'
521 2786 563 2826 et
593 2781 768 2826 aliorum
800 2794 971 2825 suorum
993 2782 1038 2826 in
1058 2795 1208 2826 manus
1228 2780 1466 2839 principum
1485 2782 1724 2824 nostrorum
1744 2777 1885 2823 stabili

425 2888 450 2908 a.
480 2874 556 2908 God'
574 2890 599 2907 c.
684 2877 713 2907 b.
741 2875 881 2916 appelare
904 2888 930 2906 c.
1006 2885 1033 2907 c.
1061 2878 1096 2907 nt
1117 2877 1237 2908 addidi.

426 2938 454 2971 1.
482 2934 705 2973 Maastricht.
802 2936 836 2970 2.
860 2933 1036 2969 Heinrici.
