1890 3216
289 189 369 220 vm
932 189 1206 220 PROOEMIUM

295 284 502 346 „Fontes
548 300 708 335 rerum
753 284 1193 346 Germanicarum“,
1240 285 1455 350 quamvis
1500 301 1598 336 non
1642 302 1842 353 prorsus

291 379 614 446 Scriptoribus
641 380 989 439 contineantur,
1016 379 1250 430 eiusmodi
1277 396 1383 430 esse
1401 384 1547 447 patet,
1572 381 1700 432 unde
1719 397 1842 448 quae

289 474 493 524 maxime
538 475 589 524 in
631 514 653 535 „
669 474 991 524 Monumentis
1008 476 1030 499 “
1071 475 1379 541 requiruntur
1422 475 1705 526 redundent.
1766 476 1842 527 Id-

290 570 420 620 circo
449 586 507 620 ea
530 570 715 619 ratione
740 568 969 618 utendum
1004 585 1109 619 esse
1136 569 1344 631 decrevi,
1371 574 1423 620 ut
1447 570 1646 634 singulis
1670 571 1842 622 biblio-

288 665 457 715 thecae
493 665 633 714 huius
669 663 990 714 voluminibus
1028 664 1378 730 quodammodo
1417 665 1680 716 defectibus
1710 665 1842 727 „Mo-

289 760 654 809 numentorum“
696 758 1029 820 subveniatur,
1067 775 1158 810 nec
1196 776 1319 826 quae
1357 761 1451 810 iam
1487 761 1539 810 in
1574 760 1658 811 illo
1696 777 1844 828 opere

289 855 452 904 insunt
488 853 780 915 devitentur,
825 855 1109 920 praesertim
1155 855 1220 915 si,
1268 856 1400 906 omni
1445 871 1622 919 genere
1658 857 1846 924 proprii

288 949 466 999 laboris
511 948 747 1010 adhibito,
801 953 1030 1015 putentur
1072 950 1234 1016 paullo
1285 951 1486 1001 meliora
1529 951 1635 1000 fieri
1679 967 1840 1018 posse.

288 1044 447 1109 Atque
483 1044 602 1094 haec
639 1047 692 1093 ut
728 1044 1006 1106 efficiantur,
1050 1046 1378 1111 unusquisque
1414 1046 1734 1097 bibliothecae
1769 1049 1843 1098 to-

288 1155 393 1189 mus
419 1139 489 1189 sic
515 1139 875 1190 constituendus
894 1140 1096 1201 videtur,
1123 1145 1175 1190 ut
1201 1156 1364 1191 earum
1387 1141 1561 1191 habeat
1582 1141 1846 1193 litterarum

288 1235 589 1295 varietatem,
637 1250 760 1300 quae
797 1238 878 1285 aut
923 1235 983 1285 ad
1019 1252 1167 1285 unum
1202 1236 1362 1286 locum
1399 1237 1500 1286 sive
1537 1236 1706 1287 urbem
1741 1237 1846 1288 sive

290 1330 577 1382 coenobium
620 1331 916 1396 pertineant,
974 1334 1055 1380 aut
1106 1332 1314 1382 hominis
1368 1331 1656 1398 praestantis
1700 1332 1845 1383 rebus

289 1427 437 1492 gestis
473 1426 636 1476 lumen
673 1426 885 1487 afferant,
925 1426 1158 1492 quibusve
1183 1443 1410 1491 magnum
1435 1426 1631 1492 aliquod
1653 1427 1846 1495 imperii

287 1527 476 1590 tempus
514 1525 846 1586 cognoscatur.

394 1618 543 1682 Igitur
567 1633 689 1684 quae
711 1617 963 1668 Corbeiam
983 1617 1347 1668 celeberrimum
1364 1617 1689 1684 Westphaliae
1705 1634 1844 1670 mon-

289 1715 516 1766 asterium
562 1717 802 1780 spectant,
849 1717 1159 1763 monumenta
1204 1714 1255 1763 in
1300 1714 1392 1764 hoc
1436 1714 1645 1780 primum
1682 1714 1845 1781 operis

288 1811 514 1861 volumen
551 1809 746 1860 contuli.
807 1809 911 1869 Quo
949 1809 1143 1874 quidem
1175 1810 1226 1859 in
1251 1809 1374 1860 libro
1401 1809 1701 1860 conficiendo
1725 1810 1847 1861 nihil

289 1906 407 1957 mihi
450 1905 607 1972 potuit
652 1905 831 1968 gratius
869 1905 1209 1970 acceptiusque
1258 1906 1561 1969 contingere,
1607 1921 1751 1971 quam
1794 1908 1848 1956 ut

292 2001 543 2053 Carolus
568 1999 917 2052 Wilhelmus
943 2000 1011 2050 de
1035 2000 1408 2061 Lancizolle,
1439 2000 1676 2050 universis
1699 1999 1843 2051 Prus-

291 2098 390 2147 siae
426 2096 670 2146 tabulariis
703 2096 851 2159 regiis
884 2096 1168 2161 praesectuS,
1208 2111 1374 2146 omnes
1400 2096 1571 2162 quibus
1597 2111 1718 2162 opus
1743 2100 1847 2146 erat

292 2196 340 2243 et
362 2191 689 2243 Berolinensis
728 2195 776 2240 et
798 2166 1199 2242 Monasteriensisf
1227 2195 1274 2241 et
1307 2190 1736 2258 Dusseldorpensis
1770 2194 1842 2242 ta-

290 2287 464 2339 bularii
510 2286 703 2338 codices
748 2302 893 2336 manu
939 2287 1144 2353 scriptos
1189 2302 1283 2352 qua
1328 2286 1519 2337 excellit
1561 2286 1843 2338 liberalitate

290 2384 409 2435 mihi
444 2382 794 2433 subministrari
828 2381 1030 2432 iuberet.

399 2501 614 2575 Berolini
655 2505 717 2551 14
754 2500 858 2550 Kal.
885 2499 1078 2550 Martias
1122 2503 1270 2550 1864.
