<?xml version="1.0" encoding="UTF-8"?>
<!DOCTYPE html PUBLIC "-//W3C//DTD XHTML 1.0 Transitional//EN"
    "http://www.w3.org/TR/xhtml1/DTD/xhtml1-transitional.dtd">
<html xmlns="http://www.w3.org/1999/xhtml" xml:lang="en" lang="en">
 <head>
  <title>
</title>
<meta http-equiv="Content-Type" content="text/html;charset=utf-8" />
  <meta name='ocr-system' content='tesseract 3.04.00' />
  <meta name='ocr-capabilities' content='ocr_page ocr_carea ocr_par ocr_line ocrx_word'/>
</head>
<body>
  <div class='ocr_page' id='page_1' title='image "bibliothecarerum01wattuoft_0044.png"; bbox 0 0 1930 3224; ppageno 0'>
   <div class='ocr_carea' id='block_1_1' title="bbox 226 278 296 314">
    <p class='ocr_par' dir='ltr' id='par_1_1' title="bbox 226 278 296 314">
     <span class='ocr_line' id='line_1_1' title="bbox 226 278 296 314; baseline 0 0"><span class='ocrx_word' id='word_1_1' title='bbox 226 278 296 314; x_wconf 83' lang='lat'>836</span> 
     </span>
    </p>
   </div>
   <div class='ocr_carea' id='block_1_2' title="bbox 120 327 299 358">
    <p class='ocr_par' dir='ltr' id='par_1_2' title="bbox 120 327 299 358">
     <span class='ocr_line' id='line_1_2' title="bbox 120 327 299 358; baseline -0.017 2"><span class='ocrx_word' id='word_1_2' title='bbox 120 327 124 334; x_wconf 82' lang='lat'><em>&#39;</em></span> <span class='ocrx_word' id='word_1_3' title='bbox 215 327 269 358; x_wconf 76' lang='lat'>1111.</span> <span class='ocrx_word' id='word_1_4' title='bbox 283 328 299 357; x_wconf 96' lang='grc'>1</span> 
     </span>
    </p>
   </div>
   <div class='ocr_carea' id='block_1_3' title="bbox 184 669 299 748">
    <p class='ocr_par' dir='ltr' id='par_1_3' title="bbox 184 669 299 748">
     <span class='ocr_line' id='line_1_3' title="bbox 203 669 273 704; baseline 0 0"><span class='ocrx_word' id='word_1_5' title='bbox 203 669 273 704; x_wconf 78' lang='grc'>837</span> 
     </span>
     <span class='ocr_line' id='line_1_4' title="bbox 184 717 299 748; baseline 0 0"><span class='ocrx_word' id='word_1_6' title='bbox 184 718 246 748; x_wconf 85' lang='lat' dir='ltr'>Iun.</span> <span class='ocrx_word' id='word_1_7' title='bbox 261 717 299 748; x_wconf 84' lang='lat'>15</span> 
     </span>
    </p>
   </div>
   <div class='ocr_carea' id='block_1_4' title="bbox 182 1061 298 1092">
    <p class='ocr_par' dir='ltr' id='par_1_4' title="bbox 182 1061 298 1092">
     <span class='ocr_line' id='line_1_5' title="bbox 182 1061 298 1092; baseline -0.009 0"><span class='ocrx_word' id='word_1_8' title='bbox 182 1061 246 1092; x_wconf 84' lang='lat' dir='ltr'>Iun.</span> <span class='ocrx_word' id='word_1_9' title='bbox 259 1061 298 1091; x_wconf 83' lang='lat'>22</span> 
     </span>
    </p>
   </div>
   <div class='ocr_carea' id='block_1_5' title="bbox 180 1530 295 1561">
    <p class='ocr_par' dir='ltr' id='par_1_5' title="bbox 180 1530 295 1561">
     <span class='ocr_line' id='line_1_6' title="bbox 180 1530 295 1561; baseline -0.009 0"><span class='ocrx_word' id='word_1_10' title='bbox 180 1531 244 1561; x_wconf 85' lang='lat' dir='ltr'>Iun.</span> <span class='ocrx_word' id='word_1_11' title='bbox 256 1530 295 1560; x_wconf 81' lang='lat'>23</span> 
     </span>
    </p>
   </div>
   <div class='ocr_carea' id='block_1_6' title="bbox 182 2541 299 2572">
    <p class='ocr_par' dir='ltr' id='par_1_6' title="bbox 182 2541 299 2572">
     <span class='ocr_line' id='line_1_7' title="bbox 182 2541 299 2572; baseline -0.009 0"><span class='ocrx_word' id='word_1_12' title='bbox 182 2542 246 2572; x_wconf 87' lang='lat' dir='ltr'>Iun.</span> <span class='ocrx_word' id='word_1_13' title='bbox 258 2541 299 2572; x_wconf 84' lang='lat'>24</span> 
     </span>
    </p>
   </div>
   <div class='ocr_carea' id='block_1_7' title="bbox 326 169 1331 214">
    <p class='ocr_par' dir='ltr' id='par_1_7' title="bbox 326 169 1331 214">
     <span class='ocr_line' id='line_1_8' title="bbox 326 169 1331 214; baseline -0.005 0"><span class='ocrx_word' id='word_1_14' title='bbox 326 169 383 214; x_wconf 93' lang='grc'><strong>26</strong></span> <span class='ocrx_word' id='word_1_15' title='bbox 865 178 1149 211; x_wconf 56' lang='lat' dir='ltr'>masma-10</span> <span class='ocrx_word' id='word_1_16' title='bbox 1179 178 1216 210; x_wconf 86' lang='lat' dir='ltr'>s.</span> <span class='ocrx_word' id='word_1_17' title='bbox 1237 179 1331 210; x_wconf 83' lang='lat' dir='ltr'>vm</span> 
     </span>
    </p>
   </div>
   <div class='ocr_carea' id='block_1_8' title="bbox 318 272 1878 2662">
    <p class='ocr_par' dir='ltr' id='par_1_8' title="bbox 323 272 1878 642">
     <span class='ocr_line' id='line_1_9' title="bbox 324 272 1878 334; baseline 0.001 -15"><span class='ocrx_word' id='word_1_18' title='bbox 324 275 441 320; x_wconf 86' lang='lat' dir='ltr'>venis</span> <span class='ocrx_word' id='word_1_19' title='bbox 471 275 612 319; x_wconf 84' lang='lat' dir='ltr'>dicens</span> <span class='ocrx_word' id='word_1_20' title='bbox 643 275 702 319; x_wconf 84' lang='lat' dir='ltr'>ei:</span> <span class='ocrx_word' id='word_1_21' title='bbox 742 276 881 329; x_wconf 83' lang='lat' dir='ltr'><strong><em>Quare</em></strong></span> <span class='ocrx_word' id='word_1_22' title='bbox 912 272 1093 316; x_wconf 69' lang='lat' dir='ltr'>dormis?</span> <span class='ocrx_word' id='word_1_23' title='bbox 1144 273 1291 331; x_wconf 70' lang='lat' dir='ltr'>Sur-qe.</span> <span class='ocrx_word' id='word_1_24' title='bbox 1341 273 1492 317; x_wconf 79' lang='lat' dir='ltr'>Nonne</span> <span class='ocrx_word' id='word_1_25' title='bbox 1522 274 1661 329; x_wconf 67' lang='lat' dir='ltr'>audie,</span> <span class='ocrx_word' id='word_1_26' title='bbox 1699 281 1878 334; x_wconf 62' lang='lat' dir='ltr'>quantae</span> 
     </span>
     <span class='ocr_line' id='line_1_10' title="bbox 324 348 1876 410; baseline -0.001 -13"><span class='ocrx_word' id='word_1_27' title='bbox 324 355 467 397; x_wconf 74' lang='lat' dir='ltr'>laudes</span> <span class='ocrx_word' id='word_1_28' title='bbox 495 355 540 397; x_wconf 74' lang='lat' dir='ltr'>in</span> <span class='ocrx_word' id='word_1_29' title='bbox 570 354 739 396; x_wconf 75' lang='lat' dir='ltr'>ecclesia</span> <span class='ocrx_word' id='word_1_30' title='bbox 767 352 861 395; x_wconf 84' lang='lat' dir='ltr'>Deo</span> <span class='ocrx_word' id='word_1_31' title='bbox 891 348 1129 393; x_wconf 65' lang='lat' dir='ltr'>sobvzmtur?</span> <span class='ocrx_word' id='word_1_32' title='bbox 1179 349 1296 393; x_wconf 86' lang='lat' dir='ltr'>Tunc</span> <span class='ocrx_word' id='word_1_33' title='bbox 1323 349 1399 393; x_wconf 84' lang='lat' dir='ltr'>illa</span> <span class='ocrx_word' id='word_1_34' title='bbox 1428 350 1573 394; x_wconf 79' lang='lat' dir='ltr'>statim</span> <span class='ocrx_word' id='word_1_35' title='bbox 1599 349 1751 396; x_wconf 79' lang='lat' dir='ltr'>timore</span> <span class='ocrx_word' id='word_1_36' title='bbox 1778 364 1876 410; x_wconf 78' lang='lat' dir='ltr'>per·</span> 
     </span>
     <span class='ocr_line' id='line_1_11' title="bbox 324 426 1875 487; baseline 0 -13"><span class='ocrx_word' id='word_1_37' title='bbox 324 429 460 485; x_wconf 90' lang='lat' dir='ltr'>culsa‚</span> <span class='ocrx_word' id='word_1_38' title='bbox 499 430 647 487; x_wconf 87' lang='lat' dir='ltr'>rapido</span> <span class='ocrx_word' id='word_1_39' title='bbox 688 442 812 473; x_wconf 89' lang='lat' dir='ltr'>cursu</span> <span class='ocrx_word' id='word_1_40' title='bbox 840 427 1033 485; x_wconf 89' lang='lat' dir='ltr'>pervenit</span> <span class='ocrx_word' id='word_1_41' title='bbox 1063 426 1117 470; x_wconf 89' lang='lat' dir='ltr'>ad</span> <span class='ocrx_word' id='word_1_42' title='bbox 1146 426 1364 471; x_wconf 89' lang='lat' dir='ltr'>ecclesiam</span> <span class='ocrx_word' id='word_1_43' title='bbox 1393 426 1456 471; x_wconf 88' lang='lat' dir='ltr'>ita</span> <span class='ocrx_word' id='word_1_44' title='bbox 1485 440 1606 484; x_wconf 89' lang='lat' dir='ltr'>sana,</span> <span class='ocrx_word' id='word_1_45' title='bbox 1644 431 1694 473; x_wconf 87' lang='lat' dir='ltr'>ut</span> <span class='ocrx_word' id='word_1_46' title='bbox 1719 428 1875 474; x_wconf 81' lang='lat' dir='ltr'>nullius</span> 
     </span>
     <span class='ocr_line' id='line_1_12' title="bbox 324 505 1877 564; baseline 0 -12"><span class='ocrx_word' id='word_1_47' title='bbox 324 511 464 563; x_wconf 81' lang='lat' dir='ltr'>egeret</span> <span class='ocrx_word' id='word_1_48' title='bbox 500 507 801 551; x_wconf 86' lang='lat' dir='ltr'>sustentatione</span> <span class='ocrx_word' id='word_1_49' title='bbox 810 512 837 561; x_wconf 81' lang='lat'>⁸,</span> <span class='ocrx_word' id='word_1_50' title='bbox 885 518 991 561; x_wconf 89' lang='lat' dir='ltr'>quae</span> <span class='ocrx_word' id='word_1_51' title='bbox 1029 507 1202 549; x_wconf 89' lang='lat' dir='ltr'>venerat</span> <span class='ocrx_word' id='word_1_52' title='bbox 1239 505 1387 549; x_wconf 90' lang='lat' dir='ltr'>sedens</span> <span class='ocrx_word' id='word_1_53' title='bbox 1423 505 1471 549; x_wconf 91' lang='lat' dir='ltr'>in</span> <span class='ocrx_word' id='word_1_54' title='bbox 1506 517 1699 562; x_wconf 80' lang='lat' dir='ltr'>carruca3</span> <span class='ocrx_word' id='word_1_55' title='bbox 1735 506 1877 564; x_wconf 79' lang='lat' dir='ltr'>ibique</span> 
     </span>
     <span class='ocr_line' id='line_1_13' title="bbox 323 582 1487 642; baseline -0.003 -13"><span class='ocrx_word' id='word_1_56' title='bbox 323 588 468 629; x_wconf 89' lang='lat' dir='ltr'>curata</span> <span class='ocrx_word' id='word_1_57' title='bbox 495 588 592 642; x_wconf 91' lang='lat' dir='ltr'>post</span> <span class='ocrx_word' id='word_1_58' title='bbox 623 584 780 639; x_wconf 84' lang='lat' dir='ltr'><strong>aliquot</strong></span> <span class='ocrx_word' id='word_1_59' title='bbox 809 582 898 626; x_wconf 90' lang='lat' dir='ltr'>dies</span> <span class='ocrx_word' id='word_1_60' title='bbox 929 582 983 626; x_wconf 84' lang='lat' dir='ltr'>ad</span> <span class='ocrx_word' id='word_1_61' title='bbox 1011 582 1185 640; x_wconf 91' lang='lat' dir='ltr'>propria</span> <span class='ocrx_word' id='word_1_62' title='bbox 1212 596 1383 626; x_wconf 89' lang='lat' dir='ltr'>reversa</span> <span class='ocrx_word' id='word_1_63' title='bbox 1411 585 1487 627; x_wconf 87' lang='lat' dir='ltr'>est.</span> 
     </span>
    </p>

    <p class='ocr_par' dir='ltr' id='par_1_9' title="bbox 318 659 1878 1494">
     <span class='ocr_line' id='line_1_14' title="bbox 440 659 1877 717; baseline 0 -11"><span class='ocrx_word' id='word_1_64' title='bbox 440 662 639 706; x_wconf 87' lang='lat' dir='ltr'>Vertente</span> <span class='ocrx_word' id='word_1_65' title='bbox 668 661 797 717; x_wconf 86' lang='lat' dir='ltr'>igitur</span> <span class='ocrx_word' id='word_1_66' title='bbox 826 659 976 704; x_wconf 88' lang='lat' dir='ltr'>dehinc</span> <span class='ocrx_word' id='word_1_67' title='bbox 1006 660 1107 704; x_wconf 87' lang='lat' dir='ltr'>anni</span> <span class='ocrx_word' id='word_1_68' title='bbox 1136 659 1366 704; x_wconf 64' lang='lat' dir='ltr'>curricfflob</span> <span class='ocrx_word' id='word_1_69' title='bbox 1395 659 1717 717; x_wconf 79' lang='lat' dir='ltr'>celebritateque</span> <span class='ocrx_word' id='word_1_70' title='bbox 1741 661 1877 706; x_wconf 84' lang='lat' dir='ltr'>sancti</span> 
     </span>
     <span class='ocr_line' id='line_1_15' title="bbox 322 736 1875 795; baseline -0.001 -11"><span class='ocrx_word' id='word_1_71' title='bbox 322 740 410 784; x_wconf 90' lang='lat' dir='ltr'>Viti</span> <span class='ocrx_word' id='word_1_72' title='bbox 439 740 593 783; x_wconf 87' lang='lat' dir='ltr'>iterum</span> <span class='ocrx_word' id='word_1_73' title='bbox 622 740 876 794; x_wconf 89' lang='lat' dir='ltr'>recurrente,</span> <span class='ocrx_word' id='word_1_74' title='bbox 913 737 1083 794; x_wconf 84' lang='lat' dir='ltr'>quidam</span> <span class='ocrx_word' id='word_1_75' title='bbox 1112 741 1282 782; x_wconf 87' lang='lat' dir='ltr'>nostrae</span> <span class='ocrx_word' id='word_1_76' title='bbox 1310 737 1495 782; x_wconf 90' lang='lat' dir='ltr'>familiae</span> <span class='ocrx_word' id='word_1_77' title='bbox 1523 737 1705 783; x_wconf 84' lang='lat' dir='ltr'>habebat</span> <span class='ocrx_word' id='word_1_78' title='bbox 1730 736 1875 795; x_wconf 77' lang='lat' dir='ltr'>filiam,</span> 
     </span>
     <span class='ocr_line' id='line_1_16' title="bbox 321 815 1878 872; baseline 0.001 -11"><span class='ocrx_word' id='word_1_79' title='bbox 321 819 438 862; x_wconf 89' lang='lat' dir='ltr'>cuius</span> <span class='ocrx_word' id='word_1_80' title='bbox 475 830 624 860; x_wconf 88' lang='lat' dir='ltr'>manus</span> <span class='ocrx_word' id='word_1_81' title='bbox 665 816 837 860; x_wconf 91' lang='lat' dir='ltr'>sinistra</span> <span class='ocrx_word' id='word_1_82' title='bbox 874 815 1070 860; x_wconf 89' lang='lat' dir='ltr'>ariditate</span> <span class='ocrx_word' id='word_1_83' title='bbox 1106 815 1152 859; x_wconf 92' lang='lat' dir='ltr'>in</span> <span class='ocrx_word' id='word_1_84' title='bbox 1187 818 1352 859; x_wconf 87' lang='lat' dir='ltr'>tantum</span> <span class='ocrx_word' id='word_1_85' title='bbox 1387 815 1556 860; x_wconf 89' lang='lat' dir='ltr'>detenta</span> <span class='ocrx_word' id='word_1_86' title='bbox 1591 819 1704 872; x_wconf 88' lang='lat' dir='ltr'>erat,</span> <span class='ocrx_word' id='word_1_87' title='bbox 1739 818 1790 862; x_wconf 79' lang='lat' dir='ltr'>ut</span> <span class='ocrx_word' id='word_1_88' title='bbox 1818 815 1878 861; x_wconf 80' lang='lat' dir='ltr'>ad</span> 
     </span>
     <span class='ocr_line' id='line_1_17' title="bbox 321 892 1876 952; baseline 0.001 -14"><span class='ocrx_word' id='word_1_89' title='bbox 321 895 482 939; x_wconf 94' lang='lat' dir='ltr'>nullum</span> <span class='ocrx_word' id='word_1_90' title='bbox 513 908 618 952; x_wconf 88' lang='lat' dir='ltr'>opus</span> <span class='ocrx_word' id='word_1_91' title='bbox 647 893 931 938; x_wconf 89' lang='lat' dir='ltr'>necessarium</span> <span class='ocrx_word' id='word_1_92' title='bbox 960 907 1053 937; x_wconf 90' lang='lat' dir='ltr'>eam</span> <span class='ocrx_word' id='word_1_93' title='bbox 1082 906 1249 937; x_wconf 85' lang='lat' dir='ltr'>movere</span> <span class='ocrx_word' id='word_1_94' title='bbox 1278 896 1440 950; x_wconf 84' lang='lat' dir='ltr'>posset3</span> <span class='ocrx_word' id='word_1_95' title='bbox 1473 907 1600 950; x_wconf 83' lang='lat' dir='ltr'>quam</span> <span class='ocrx_word' id='word_1_96' title='bbox 1627 893 1739 939; x_wconf 86' lang='lat' dir='ltr'>inter</span> <span class='ocrx_word' id='word_1_97' title='bbox 1764 892 1876 939; x_wconf 71' lang='lat' dir='ltr'>mul-</span> 
     </span>
     <span class='ocr_line' id='line_1_18' title="bbox 320 970 1876 1030; baseline 0 -14"><span class='ocrx_word' id='word_1_98' title='bbox 320 972 544 1016; x_wconf 85' lang='lat' dir='ltr'>titudinem</span> <span class='ocrx_word' id='word_1_99' title='bbox 581 971 728 1030; x_wconf 87' lang='lat' dir='ltr'>populi</span> <span class='ocrx_word' id='word_1_100' title='bbox 756 972 818 1015; x_wconf 85' lang='lat' dir='ltr'>ita</span> <span class='ocrx_word' id='word_1_101' title='bbox 847 985 994 1015; x_wconf 86' lang='lat' dir='ltr'>sanam</span> <span class='ocrx_word' id='word_1_102' title='bbox 1022 970 1224 1026; x_wconf 85' lang='lat' dir='ltr'>vidimus,</span> <span class='ocrx_word' id='word_1_103' title='bbox 1263 974 1312 1014; x_wconf 86' lang='lat' dir='ltr'>ut</span> <span class='ocrx_word' id='word_1_104' title='bbox 1339 970 1503 1014; x_wconf 90' lang='lat' dir='ltr'>nullum</span> <span class='ocrx_word' id='word_1_105' title='bbox 1532 971 1772 1016; x_wconf 86' lang='lat' dir='ltr'>crederetur</span> <span class='ocrx_word' id='word_1_106' title='bbox 1798 971 1876 1016; x_wconf 77' lang='lat' dir='ltr'>ha-</span> 
     </span>
     <span class='ocr_line' id='line_1_19' title="bbox 320 1047 1875 1107; baseline 0 -13"><span class='ocrx_word' id='word_1_107' title='bbox 320 1050 460 1094; x_wconf 90' lang='lat' dir='ltr'>buisse</span> <span class='ocrx_word' id='word_1_108' title='bbox 489 1050 659 1094; x_wconf 91' lang='lat' dir='ltr'>malum.</span> <span class='ocrx_word' id='word_1_109' title='bbox 749 1049 852 1093; x_wconf 88' lang='lat' dir='ltr'>Post</span> <span class='ocrx_word' id='word_1_110' title='bbox 878 1049 982 1093; x_wconf 91' lang='lat' dir='ltr'>haec</span> <span class='ocrx_word' id='word_1_111' title='bbox 1010 1049 1160 1092; x_wconf 88' lang='lat' dir='ltr'>iterato</span> <span class='ocrx_word' id='word_1_112' title='bbox 1192 1047 1272 1103; x_wconf 89' lang='lat' dir='ltr'>die,</span> <span class='ocrx_word' id='word_1_113' title='bbox 1302 1047 1349 1091; x_wconf 92' lang='lat' dir='ltr'>in</span> <span class='ocrx_word' id='word_1_114' title='bbox 1378 1062 1458 1105; x_wconf 89' lang='lat' dir='ltr'>quo</span> <span class='ocrx_word' id='word_1_115' title='bbox 1489 1051 1657 1094; x_wconf 85' lang='lat' dir='ltr'>octavas</span> <span class='ocrx_word' id='word_1_116' title='bbox 1675 1048 1875 1107; x_wconf 77' lang='lat' dir='ltr'>martyris</span> 
     </span>
     <span class='ocr_line' id='line_1_20' title="bbox 320 1125 1876 1183; baseline 0 -11"><span class='ocrx_word' id='word_1_117' title='bbox 320 1127 642 1183; x_wconf 79' lang='lat' dir='ltr'>celebravimus,</span> <span class='ocrx_word' id='word_1_118' title='bbox 682 1126 891 1171; x_wconf 85' lang='lat' dir='ltr'>affuerunt</span> <span class='ocrx_word' id='word_1_119' title='bbox 927 1126 1034 1170; x_wconf 86' lang='lat' dir='ltr'>duae</span> <span class='ocrx_word' id='word_1_120' title='bbox 1071 1125 1268 1170; x_wconf 89' lang='lat' dir='ltr'>mulieres</span> <span class='ocrx_word' id='word_1_121' title='bbox 1305 1126 1357 1170; x_wconf 91' lang='lat' dir='ltr'>de</span> <span class='ocrx_word' id='word_1_122' title='bbox 1394 1125 1497 1170; x_wconf 86' lang='lat' dir='ltr'>villa</span> <span class='ocrx_word' id='word_1_123' title='bbox 1530 1126 1599 1170; x_wconf 90' lang='lat' dir='ltr'>cui</span> <span class='ocrx_word' id='word_1_124' title='bbox 1626 1125 1876 1172; x_wconf 79' lang='lat' dir='ltr'>vocabulum</span> 
     </span>
     <span class='ocr_line' id='line_1_21' title="bbox 321 1202 1875 1261; baseline -0.001 -11"><span class='ocrx_word' id='word_1_125' title='bbox 321 1209 405 1250; x_wconf 81' lang='lat' dir='ltr'>est⁰</span> <span class='ocrx_word' id='word_1_126' title='bbox 434 1202 760 1261; x_wconf 70' lang='lat' dir='ltr'>Erculbergh⁶¹3</span> <span class='ocrx_word' id='word_1_127' title='bbox 799 1218 884 1248; x_wconf 90' lang='lat' dir='ltr'>una</span> <span class='ocrx_word' id='word_1_128' title='bbox 922 1217 974 1248; x_wconf 86' lang='lat' dir='ltr'>ex</span> <span class='ocrx_word' id='word_1_129' title='bbox 1012 1204 1072 1247; x_wconf 90' lang='lat' dir='ltr'>eis</span> <span class='ocrx_word' id='word_1_130' title='bbox 1109 1206 1248 1259; x_wconf 80' lang='lat' dir='ltr'>muta,</span> <span class='ocrx_word' id='word_1_131' title='bbox 1287 1217 1393 1260; x_wconf 86' lang='lat' dir='ltr'>quae</span> <span class='ocrx_word' id='word_1_132' title='bbox 1421 1203 1639 1261; x_wconf 89' lang='lat' dir='ltr'>paululum</span> <span class='ocrx_word' id='word_1_133' title='bbox 1667 1203 1875 1249; x_wconf 76' lang='lat' dir='ltr'>balbutire</span> 
     </span>
     <span class='ocr_line' id='line_1_22' title="bbox 318 1280 1875 1339; baseline 0 -12"><span class='ocrx_word' id='word_1_134' title='bbox 318 1284 552 1339; x_wconf 87' lang='lat' dir='ltr'>videbatur,</span> <span class='ocrx_word' id='word_1_135' title='bbox 586 1283 719 1327; x_wconf 84' lang='lat' dir='ltr'>altera</span> <span class='ocrx_word' id='word_1_136' title='bbox 737 1283 927 1339; x_wconf 89' lang='lat' dir='ltr'>utrisque</span> <span class='ocrx_word' id='word_1_137' title='bbox 945 1281 1122 1339; x_wconf 91' lang='lat' dir='ltr'>pedibus</span> <span class='ocrx_word' id='word_1_138' title='bbox 1143 1284 1389 1325; x_wconf 80' lang='lat' dir='ltr'>contracta·.</span> <span class='ocrx_word' id='word_1_139' title='bbox 1426 1280 1546 1325; x_wconf 87' lang='lat' dir='ltr'>Muta</span> <span class='ocrx_word' id='word_1_140' title='bbox 1565 1281 1734 1338; x_wconf 91' lang='lat' dir='ltr'>quidem</span> <span class='ocrx_word' id='word_1_141' title='bbox 1751 1294 1875 1327; x_wconf 77' lang='lat' dir='ltr'>voca-</span> 
     </span>
     <span class='ocr_line' id='line_1_23' title="bbox 318 1358 1874 1416; baseline -0.001 -11"><span class='ocrx_word' id='word_1_142' title='bbox 318 1361 442 1405; x_wconf 88' lang='lat' dir='ltr'>batur</span> <span class='ocrx_word' id='word_1_143' title='bbox 472 1359 760 1416; x_wconf 85' lang='lat' dir='ltr'>Thietburgh&#39;,</span> <span class='ocrx_word' id='word_1_144' title='bbox 798 1359 931 1404; x_wconf 87' lang='lat' dir='ltr'>altera</span> <span class='ocrx_word' id='word_1_145' title='bbox 968 1362 1108 1403; x_wconf 86' lang='lat' dir='ltr'>autem</span> <span class='ocrx_word' id='word_1_146' title='bbox 1137 1358 1397 1415; x_wconf 79' lang='lat' dir='ltr'>Hutburgh⁸,</span> <span class='ocrx_word' id='word_1_147' title='bbox 1436 1373 1542 1416; x_wconf 87' lang='lat' dir='ltr'>quae</span> <span class='ocrx_word' id='word_1_148' title='bbox 1578 1362 1779 1416; x_wconf 86' lang='lat' dir='ltr'>utraeque</span> <span class='ocrx_word' id='word_1_149' title='bbox 1807 1372 1874 1404; x_wconf 84' lang='lat' dir='ltr'>sa-</span> 
     </span>
     <span class='ocr_line' id='line_1_24' title="bbox 318 1436 1872 1494; baseline -0.001 -11"><span class='ocrx_word' id='word_1_150' title='bbox 318 1439 464 1484; x_wconf 85' lang='lat' dir='ltr'>nitatis</span> <span class='ocrx_word' id='word_1_151' title='bbox 494 1442 663 1483; x_wconf 87' lang='lat' dir='ltr'>curatae</span> <span class='ocrx_word' id='word_1_152' title='bbox 691 1437 980 1493; x_wconf 78' lang='lat' dir='ltr'>medicamine,</span> <span class='ocrx_word' id='word_1_153' title='bbox 1010 1436 1238 1480; x_wconf 89' lang='lat' dir='ltr'>incolumes</span> <span class='ocrx_word' id='word_1_154' title='bbox 1270 1437 1324 1480; x_wconf 87' lang='lat' dir='ltr'>ad</span> <span class='ocrx_word' id='word_1_155' title='bbox 1350 1437 1524 1494; x_wconf 91' lang='lat' dir='ltr'>propria</span> <span class='ocrx_word' id='word_1_156' title='bbox 1551 1439 1650 1481; x_wconf 89' lang='lat' dir='ltr'>sunt</span> <span class='ocrx_word' id='word_1_157' title='bbox 1666 1449 1872 1482; x_wconf 82' lang='lat' dir='ltr'>reversae.</span> 
     </span>
    </p>

    <p class='ocr_par' dir='ltr' id='par_1_10' title="bbox 318 1514 1877 2662">
     <span class='ocr_line' id='line_1_25' title="bbox 437 1514 1875 1573; baseline -0.001 -12"><span class='ocrx_word' id='word_1_158' title='bbox 437 1517 486 1561; x_wconf 91' lang='lat' dir='ltr'>In</span> <span class='ocrx_word' id='word_1_159' title='bbox 515 1517 659 1560; x_wconf 80' lang='lat' dir='ltr'>futura</span> <span class='ocrx_word' id='word_1_160' title='bbox 689 1529 852 1573; x_wconf 89' lang='lat' dir='ltr'>quoque</span> <span class='ocrx_word' id='word_1_161' title='bbox 883 1515 1017 1559; x_wconf 87' lang='lat' dir='ltr'>sancti</span> <span class='ocrx_word' id='word_1_162' title='bbox 1046 1514 1241 1558; x_wconf 89' lang='lat' dir='ltr'>Iohannis</span> <span class='ocrx_word' id='word_1_163' title='bbox 1271 1515 1480 1572; x_wconf 84' lang='lat' dir='ltr'>baptistae</span> <span class='ocrx_word' id='word_1_164' title='bbox 1501 1514 1646 1571; x_wconf 84' lang='lat' dir='ltr'>vigilia</span> <span class='ocrx_word' id='word_1_165' title='bbox 1664 1514 1875 1571; x_wconf 80' lang='lat' dir='ltr'>quoddam</span> 
     </span>
     <span class='ocr_line' id='line_1_26' title="bbox 318 1592 1877 1650; baseline -0.002 -11"><span class='ocrx_word' id='word_1_166' title='bbox 318 1595 439 1639; x_wconf 91' lang='lat' dir='ltr'>nobis</span> <span class='ocrx_word' id='word_1_167' title='bbox 469 1608 624 1638; x_wconf 86' lang='lat' dir='ltr'>novum</span> <span class='ocrx_word' id='word_1_168' title='bbox 655 1593 806 1637; x_wconf 89' lang='lat' dir='ltr'>accidit</span> <span class='ocrx_word' id='word_1_169' title='bbox 835 1593 1096 1648; x_wconf 83' lang='lat' dir='ltr'>miraculum,</span> <span class='ocrx_word' id='word_1_170' title='bbox 1127 1593 1423 1637; x_wconf 87' lang='lat' dir='ltr'>vetustissimis</span> <span class='ocrx_word' id='word_1_171' title='bbox 1445 1592 1582 1637; x_wconf 90' lang='lat' dir='ltr'>simile</span> <span class='ocrx_word' id='word_1_172' title='bbox 1600 1592 1732 1648; x_wconf 85' lang='lat' dir='ltr'>signis</span> <span class='ocrx_word' id='word_1_173' title='bbox 1750 1605 1877 1650; x_wconf 80' lang='lat' dir='ltr'>prae-</span> 
     </span>
     <span class='ocr_line' id='line_1_27' title="bbox 320 1669 1874 1729; baseline -0.003 -11"><span class='ocrx_word' id='word_1_174' title='bbox 320 1673 556 1718; x_wconf 88' lang='lat' dir='ltr'>cedentium</span> <span class='ocrx_word' id='word_1_175' title='bbox 584 1675 766 1729; x_wconf 80' lang='lat' dir='ltr'>patrum.</span> <span class='ocrx_word' id='word_1_176' title='bbox 822 1671 932 1715; x_wconf 91' lang='lat' dir='ltr'>Nam</span> <span class='ocrx_word' id='word_1_177' title='bbox 962 1684 1057 1715; x_wconf 91' lang='lat' dir='ltr'>cum</span> <span class='ocrx_word' id='word_1_178' title='bbox 1088 1685 1140 1715; x_wconf 85' lang='lat' dir='ltr'>ex</span> <span class='ocrx_word' id='word_1_179' title='bbox 1169 1685 1286 1714; x_wconf 92' lang='lat' dir='ltr'>more</span> <span class='ocrx_word' id='word_1_180' title='bbox 1316 1670 1369 1714; x_wconf 87' lang='lat' dir='ltr'>ad</span> <span class='ocrx_word' id='word_1_181' title='bbox 1399 1669 1639 1726; x_wconf 85' lang='lat' dir='ltr'>vigiliarum</span> <span class='ocrx_word' id='word_1_182' title='bbox 1666 1669 1874 1715; x_wconf 77' lang='lat' dir='ltr'>surrexis-</span> 
     </span>
     <span class='ocr_line' id='line_1_28' title="bbox 319 1747 1875 1805; baseline -0.001 -10"><span class='ocrx_word' id='word_1_183' title='bbox 319 1765 458 1795; x_wconf 91' lang='lat' dir='ltr'>semus</span> <span class='ocrx_word' id='word_1_184' title='bbox 490 1749 674 1794; x_wconf 89' lang='lat' dir='ltr'>officium</span> <span class='ocrx_word' id='word_1_185' title='bbox 703 1748 998 1794; x_wconf 90' lang='lat' dir='ltr'>celebrandum</span> <span class='ocrx_word' id='word_1_186' title='bbox 1027 1752 1152 1805; x_wconf 89' lang='lat' dir='ltr'>atque</span> <span class='ocrx_word' id='word_1_187' title='bbox 1183 1748 1304 1793; x_wconf 90' lang='lat' dir='ltr'>solito</span> <span class='ocrx_word' id='word_1_188' title='bbox 1326 1748 1520 1797; x_wconf 85' lang='lat' dir='ltr'>lucernae</span> <span class='ocrx_word' id='word_1_189' title='bbox 1538 1747 1875 1794; x_wconf 74' lang='lat' dir='ltr'>illuminarentur</span> 
     </span>
     <span class='ocr_line' id='line_1_29' title="bbox 320 1825 1876 1884; baseline -0.001 -11"><span class='ocrx_word' id='word_1_190' title='bbox 320 1828 530 1883; x_wconf 86' lang='lat' dir='ltr'>ecclesiae,</span> <span class='ocrx_word' id='word_1_191' title='bbox 563 1827 726 1882; x_wconf 87' lang='lat' dir='ltr'>accidit,</span> <span class='ocrx_word' id='word_1_192' title='bbox 756 1830 805 1870; x_wconf 90' lang='lat' dir='ltr'>ut</span> <span class='ocrx_word' id='word_1_193' title='bbox 833 1826 1081 1871; x_wconf 70' lang='lat' dir='ltr'>craticulae¹²</span> <span class='ocrx_word' id='word_1_194' title='bbox 1107 1827 1154 1870; x_wconf 92' lang='lat' dir='ltr'>in</span> <span class='ocrx_word' id='word_1_195' title='bbox 1182 1826 1320 1870; x_wconf 90' lang='lat' dir='ltr'>medio</span> <span class='ocrx_word' id='word_1_196' title='bbox 1350 1825 1547 1870; x_wconf 89' lang='lat' dir='ltr'>ecclesiae</span> <span class='ocrx_word' id='word_1_197' title='bbox 1576 1839 1800 1884; x_wconf 83' lang='lat' dir='ltr'>appensae,</span> <span class='ocrx_word' id='word_1_198' title='bbox 1827 1826 1876 1871; x_wconf 81' lang='lat' dir='ltr'>in</span> 
     </span>
     <span class='ocr_line' id='line_1_30' title="bbox 321 1892 1873 1963; baseline -0.001 -13"><span class='ocrx_word' id='word_1_199' title='bbox 321 1920 404 1963; x_wconf 89' lang='lat' dir='ltr'>qua</span> <span class='ocrx_word' id='word_1_200' title='bbox 441 1906 622 1962; x_wconf 89' lang='lat' dir='ltr'>quinque</span> <span class='ocrx_word' id='word_1_201' title='bbox 659 1905 818 1948; x_wconf 87' lang='lat' dir='ltr'>vitreae</span> <span class='ocrx_word' id='word_1_202' title='bbox 854 1903 1070 1961; x_wconf 86' lang='lat' dir='ltr'>lampades</span> <span class='ocrx_word' id='word_1_203' title='bbox 1111 1903 1419 1961; x_wconf 84' lang='lat' dir='ltr'>dependebant,</span> <span class='ocrx_word' id='word_1_204' title='bbox 1461 1903 1652 1948; x_wconf 80' lang='lat' dir='ltr'>trahente</span> <span class='ocrx_word' id='word_1_205' title='bbox 1688 1892 1873 1961; x_wconf 81' lang='lat' dir='ltr'>custode,</span> 
     </span>
     <span class='ocr_line' id='line_1_31' title="bbox 319 1981 1875 2041; baseline -0.002 -13"><span class='ocrx_word' id='word_1_206' title='bbox 319 1984 431 2028; x_wconf 87' lang='lat' dir='ltr'>funis</span> <span class='ocrx_word' id='word_1_207' title='bbox 460 1986 746 2041; x_wconf 86' lang='lat' dir='ltr'>rumperetur,</span> <span class='ocrx_word' id='word_1_208' title='bbox 787 1985 829 2026; x_wconf 94' lang='lat' dir='ltr'>et</span> <span class='ocrx_word' id='word_1_209' title='bbox 859 1981 988 2026; x_wconf 88' lang='lat' dir='ltr'>effuso</span> <span class='ocrx_word' id='word_1_210' title='bbox 1019 1981 1109 2026; x_wconf 91' lang='lat' dir='ltr'>oleo</span> <span class='ocrx_word' id='word_1_211' title='bbox 1140 1982 1297 2026; x_wconf 73' lang='lat' dir='ltr'>omnes‘</span> <span class='ocrx_word' id='word_1_212' title='bbox 1325 1981 1371 2026; x_wconf 89' lang='lat' dir='ltr'>in</span> <span class='ocrx_word' id='word_1_213' title='bbox 1398 1981 1685 2039; x_wconf 86' lang='lat' dir='ltr'>pavimentum</span> <span class='ocrx_word' id='word_1_214' title='bbox 1713 1981 1875 2040; x_wconf 85' lang='lat' dir='ltr'>disper-</span> 
     </span>
     <span class='ocr_line' id='line_1_32' title="bbox 319 2059 1875 2117; baseline -0.001 -12"><span class='ocrx_word' id='word_1_215' title='bbox 319 2065 528 2117; x_wconf 89' lang='lat' dir='ltr'>gerentur.</span> <span class='ocrx_word' id='word_1_216' title='bbox 584 2060 695 2112; x_wconf 85' lang='lat' dir='ltr'>Quas</span> <span class='ocrx_word' id='word_1_217' title='bbox 726 2073 821 2104; x_wconf 88' lang='lat' dir='ltr'>cum</span> <span class='ocrx_word' id='word_1_218' title='bbox 851 2063 1035 2103; x_wconf 80' lang='lat' dir='ltr'>astantes</span> <span class='ocrx_word' id='word_1_219' title='bbox 1065 2059 1221 2103; x_wconf 83' lang='lat' dir='ltr'>fractas</span> <span class='ocrx_word' id='word_1_220' title='bbox 1250 2072 1336 2103; x_wconf 92' lang='lat' dir='ltr'>non</span> <span class='ocrx_word' id='word_1_221' title='bbox 1364 2059 1623 2115; x_wconf 82' lang='lat' dir='ltr'>dubitarent,</span> <span class='ocrx_word' id='word_1_222' title='bbox 1653 2071 1875 2104; x_wconf 74' lang='lat' dir='ltr'>accurrens</span> 
     </span>
     <span class='ocr_line' id='line_1_33' title="bbox 320 2136 1873 2194; baseline 0 -12"><span class='ocrx_word' id='word_1_223' title='bbox 320 2142 459 2183; x_wconf 89' lang='lat' dir='ltr'>custos</span> <span class='ocrx_word' id='word_1_224' title='bbox 480 2138 703 2183; x_wconf 70' lang='lat' dir='ltr'>ecclesiaek</span> <span class='ocrx_word' id='word_1_225' title='bbox 717 2138 886 2182; x_wconf 90' lang='lat' dir='ltr'>nomine</span> <span class='ocrx_word' id='word_1_226' title='bbox 901 2137 1144 2193; x_wconf 85' lang='lat' dir='ltr'>Autgarius,</span> <span class='ocrx_word' id='word_1_227' title='bbox 1170 2137 1308 2181; x_wconf 87' lang='lat' dir='ltr'>ferens</span> <span class='ocrx_word' id='word_1_228' title='bbox 1327 2150 1454 2180; x_wconf 89' lang='lat' dir='ltr'>manu</span> <span class='ocrx_word' id='word_1_229' title='bbox 1474 2136 1672 2180; x_wconf 87' lang='lat' dir='ltr'>concham</span> <span class='ocrx_word' id='word_1_230' title='bbox 1692 2149 1873 2194; x_wconf 75' lang='lat' dir='ltr'>aeream,</span> 
     </span>
     <span class='ocr_line' id='line_1_34' title="bbox 320 2213 1873 2273; baseline -0.001 -12"><span class='ocrx_word' id='word_1_231' title='bbox 320 2216 485 2272; x_wconf 89' lang='lat' dir='ltr'>volens,</span> <span class='ocrx_word' id='word_1_232' title='bbox 525 2219 747 2273; x_wconf 88' lang='lat' dir='ltr'>antequam</span> <span class='ocrx_word' id='word_1_233' title='bbox 784 2215 1008 2260; x_wconf 89' lang='lat' dir='ltr'>multitudo</span> <span class='ocrx_word' id='word_1_234' title='bbox 1048 2215 1194 2273; x_wconf 87' lang='lat' dir='ltr'>populi</span> <span class='ocrx_word' id='word_1_235' title='bbox 1232 2228 1338 2271; x_wconf 87' lang='lat' dir='ltr'>quae</span> <span class='ocrx_word' id='word_1_236' title='bbox 1367 2214 1422 2258; x_wconf 89' lang='lat' dir='ltr'>ad</span> <span class='ocrx_word' id='word_1_237' title='bbox 1450 2214 1561 2258; x_wconf 86' lang='lat' dir='ltr'>fores</span> <span class='ocrx_word' id='word_1_238' title='bbox 1590 2213 1788 2271; x_wconf 83' lang='lat' dir='ltr'>pulsabat</span> <span class='ocrx_word' id='word_1_239' title='bbox 1814 2214 1873 2260; x_wconf 91' lang='lat' dir='ltr'>ir-</span> 
     </span>
     <span class='ocr_line' id='line_1_35' title="bbox 321 2291 1872 2352; baseline -0.001 -14"><span class='ocrx_word' id='word_1_240' title='bbox 321 2298 555 2352; x_wconf 87' lang='lat' dir='ltr'>rumperet,</span> <span class='ocrx_word' id='word_1_241' title='bbox 585 2294 820 2350; x_wconf 83' lang='lat' dir='ltr'>fragmenta</span> <span class='ocrx_word' id='word_1_242' title='bbox 850 2293 1044 2349; x_wconf 84' lang='lat' dir='ltr'>colligere</span> <span class='ocrx_word' id='word_1_243' title='bbox 1074 2296 1117 2337; x_wconf 90' lang='lat' dir='ltr'>et</span> <span class='ocrx_word' id='word_1_244' title='bbox 1147 2292 1303 2348; x_wconf 89' lang='lat' dir='ltr'>oleum,</span> <span class='ocrx_word' id='word_1_245' title='bbox 1333 2292 1371 2336; x_wconf 89' lang='lat' dir='ltr'>si</span> <span class='ocrx_word' id='word_1_246' title='bbox 1399 2291 1620 2348; x_wconf 84' lang='lat' dir='ltr'>quivisset3</span> <span class='ocrx_word' id='word_1_247' title='bbox 1652 2291 1872 2350; x_wconf 79' lang='lat' dir='ltr'>arripiens*</span> 
     </span>
     <span class='ocr_line' id='line_1_36' title="bbox 322 2369 1872 2429; baseline -0.001 -13"><span class='ocrx_word' id='word_1_248' title='bbox 322 2376 497 2429; x_wconf 90' lang='lat' dir='ltr'>utraque</span> <span class='ocrx_word' id='word_1_249' title='bbox 526 2386 655 2416; x_wconf 88' lang='lat' dir='ltr'>manu</span> <span class='ocrx_word' id='word_1_250' title='bbox 674 2372 844 2428; x_wconf 84' lang='lat' dir='ltr'>vitrum,</span> <span class='ocrx_word' id='word_1_251' title='bbox 874 2371 1057 2429; x_wconf 64' lang='lat' dir='ltr'>proiecit⁴</span> <span class='ocrx_word' id='word_1_252' title='bbox 1069 2384 1164 2415; x_wconf 90' lang='lat' dir='ltr'>cum</span> <span class='ocrx_word' id='word_1_253' title='bbox 1182 2383 1332 2426; x_wconf 86' lang='lat' dir='ltr'>magno</span> <span class='ocrx_word' id='word_1_254' title='bbox 1352 2369 1514 2427; x_wconf 87' lang='lat' dir='ltr'>crepitu</span> <span class='ocrx_word' id='word_1_255' title='bbox 1529 2369 1577 2412; x_wconf 91' lang='lat' dir='ltr'>in</span> <span class='ocrx_word' id='word_1_256' title='bbox 1596 2382 1670 2413; x_wconf 82' lang='lat' dir='ltr'>vas</span> <span class='ocrx_word' id='word_1_257' title='bbox 1689 2383 1872 2427; x_wconf 88' lang='lat' dir='ltr'>aereum,</span> 
     </span>
     <span class='ocr_line' id='line_1_37' title="bbox 321 2446 1870 2507; baseline -0.002 -12"><span class='ocrx_word' id='word_1_258' title='bbox 321 2451 480 2495; x_wconf 87' lang='lat' dir='ltr'>nullam</span> <span class='ocrx_word' id='word_1_259' title='bbox 509 2450 595 2494; x_wconf 86' lang='lat' dir='ltr'>iam</span> <span class='ocrx_word' id='word_1_260' title='bbox 624 2450 781 2494; x_wconf 86' lang='lat' dir='ltr'>habens</span> <span class='ocrx_word' id='word_1_261' title='bbox 812 2463 931 2507; x_wconf 85' lang='lat' dir='ltr'>spem</span> <span class='ocrx_word' id='word_1_262' title='bbox 960 2449 1020 2493; x_wconf 89' lang='lat' dir='ltr'>eis</span> <span class='ocrx_word' id='word_1_263' title='bbox 1051 2448 1231 2506; x_wconf 89' lang='lat' dir='ltr'>amplius</span> <span class='ocrx_word' id='word_1_264' title='bbox 1255 2446 1399 2491; x_wconf 88' lang='lat' dir='ltr'>utendi</span> <span class='ocrx_word' id='word_1_265' title='bbox 1419 2446 1472 2490; x_wconf 85' lang='lat' dir='ltr'>ad</span> <span class='ocrx_word' id='word_1_266' title='bbox 1490 2459 1613 2490; x_wconf 85' lang='lat' dir='ltr'>usum</span> <span class='ocrx_word' id='word_1_267' title='bbox 1630 2446 1870 2504; x_wconf 86' lang='lat' dir='ltr'>pristinum.</span> 
     </span>
     <span class='ocr_line' id='line_1_38' title="bbox 322 2524 1872 2583; baseline -0.004 -10"><span class='ocrx_word' id='word_1_268' title='bbox 322 2529 436 2581; x_wconf 88' lang='lat' dir='ltr'>Quae</span> <span class='ocrx_word' id='word_1_269' title='bbox 456 2542 552 2572; x_wconf 88' lang='lat' dir='ltr'>cum</span> <span class='ocrx_word' id='word_1_270' title='bbox 575 2529 636 2572; x_wconf 90' lang='lat' dir='ltr'>ita</span> <span class='ocrx_word' id='word_1_271' title='bbox 653 2528 699 2572; x_wconf 91' lang='lat' dir='ltr'>in</span> <span class='ocrx_word' id='word_1_272' title='bbox 720 2527 975 2572; x_wconf 77' lang='lat' dir='ltr'>secretario-¹·</span> <span class='ocrx_word' id='word_1_273' title='bbox 994 2526 1194 2583; x_wconf 88' lang='lat' dir='ltr'>reposuit,</span> <span class='ocrx_word' id='word_1_274' title='bbox 1224 2528 1393 2583; x_wconf 88' lang='lat' dir='ltr'>postera</span> <span class='ocrx_word' id='word_1_275' title='bbox 1411 2524 1478 2568; x_wconf 89' lang='lat' dir='ltr'>die</span> <span class='ocrx_word' id='word_1_276' title='bbox 1496 2524 1559 2568; x_wconf 88' lang='lat' dir='ltr'>ita</span> <span class='ocrx_word' id='word_1_277' title='bbox 1575 2524 1692 2581; x_wconf 84' lang='lat' dir='ltr'>ipsae</span> <span class='ocrx_word' id='word_1_278' title='bbox 1710 2524 1872 2583; x_wconf 80' lang='lat' dir='ltr'>lampa-</span> 
     </span>
     <span class='ocr_line' id='line_1_39' title="bbox 322 2602 1870 2662; baseline -0.002 -11"><span class='ocrx_word' id='word_1_279' title='bbox 322 2607 420 2651; x_wconf 85' lang='lat' dir='ltr'>des¹¹</span> <span class='ocrx_word' id='word_1_280' title='bbox 436 2607 624 2662; x_wconf 85' lang='lat' dir='ltr'>integrae</span> <span class='ocrx_word' id='word_1_281' title='bbox 643 2605 838 2649; x_wconf 85' lang='lat' dir='ltr'>inventae</span> <span class='ocrx_word' id='word_1_282' title='bbox 853 2607 964 2660; x_wconf 77' lang='lat' dir='ltr'>sunt,</span> <span class='ocrx_word' id='word_1_283' title='bbox 985 2607 1033 2647; x_wconf 89' lang='lat' dir='ltr'>ut</span> <span class='ocrx_word' id='word_1_284' title='bbox 1045 2603 1206 2647; x_wconf 92' lang='lat' dir='ltr'>nullum</span> <span class='ocrx_word' id='word_1_285' title='bbox 1226 2603 1392 2659; x_wconf 84' lang='lat' dir='ltr'>signum</span> <span class='ocrx_word' id='word_1_286' title='bbox 1409 2602 1617 2646; x_wconf 79' lang='lat' dir='ltr'>fracturae</span> <span class='ocrx_word' id='word_1_287' title='bbox 1637 2605 1870 2660; x_wconf 72' lang='lat' dir='ltr'>appareret.</span> 
     </span>
    </p>
   </div>
   <div class='ocr_carea' id='block_1_9' title="bbox 322 2690 1872 2838">
    <p class='ocr_par' dir='ltr' id='par_1_11' title="bbox 322 2690 1872 2838">
     <span class='ocr_line' id='line_1_40' title="bbox 416 2690 1872 2729; baseline -0.001 -3"><span class='ocrx_word' id='word_1_288' title='bbox 416 2705 443 2726; x_wconf 81' lang='lat' dir='ltr'>a.</span> <span class='ocrx_word' id='word_1_289' title='bbox 465 2694 670 2726; x_wconf 82' lang='lat' dir='ltr'>sustentaculo</span> <span class='ocrx_word' id='word_1_290' title='bbox 685 2696 714 2725; x_wconf 89' lang='grc'><strong>2.</strong></span> <span class='ocrx_word' id='word_1_291' title='bbox 776 2694 806 2724; x_wconf 93' lang='lat' dir='ltr'>b.</span> <span class='ocrx_word' id='word_1_292' title='bbox 822 2693 933 2724; x_wconf 80' lang='lat' dir='ltr'>circulo</span> <span class='ocrx_word' id='word_1_293' title='bbox 949 2694 978 2724; x_wconf 86' lang='lat'>2.</span> <span class='ocrx_word' id='word_1_294' title='bbox 1041 2702 1067 2723; x_wconf 84' lang='grc' dir='ltr'>ο.</span> <span class='ocrx_word' id='word_1_295' title='bbox 1082 2694 1130 2723; x_wconf 80' lang='lat' dir='ltr'>est</span> <span class='ocrx_word' id='word_1_296' title='bbox 1143 2704 1199 2724; x_wconf 78' lang='grc' dir='ltr'>οηι.</span> <span class='ocrx_word' id='word_1_297' title='bbox 1215 2693 1243 2723; x_wconf 89' lang='grc'>1.</span> <span class='ocrx_word' id='word_1_298' title='bbox 1304 2692 1335 2722; x_wconf 85' lang='lat' dir='ltr'>d.</span> <span class='ocrx_word' id='word_1_299' title='bbox 1347 2690 1520 2729; x_wconf 71' lang='lat' dir='ltr'>Freinbergi</span> <span class='ocrx_word' id='word_1_300' title='bbox 1533 2692 1562 2721; x_wconf 87' lang='grc'>2.</span> <span class='ocrx_word' id='word_1_301' title='bbox 1624 2700 1651 2722; x_wconf 90' lang='lat' dir='ltr'>e.</span> <span class='ocrx_word' id='word_1_302' title='bbox 1666 2692 1827 2724; x_wconf 65' lang='lat' dir='ltr'>contactis</span> <span class='ocrx_word' id='word_1_303' title='bbox 1841 2693 1872 2724; x_wconf 79' lang='lat'><em>2</em></span> 
     </span>
     <span class='ocr_line' id='line_1_41' title="bbox 322 2744 1871 2787; baseline -0.002 -8"><span class='ocrx_word' id='word_1_304' title='bbox 322 2749 342 2779; x_wconf 78' lang='lat' dir='ltr'>f.</span> <span class='ocrx_word' id='word_1_305' title='bbox 365 2748 530 2787; x_wconf 88' lang='lat' dir='ltr'>Thietburg</span> <span class='ocrx_word' id='word_1_306' title='bbox 552 2750 581 2779; x_wconf 84' lang='lat'>2.</span> <span class='ocrx_word' id='word_1_307' title='bbox 644 2757 671 2786; x_wconf 86' lang='lat' dir='ltr'>g.</span> <span class='ocrx_word' id='word_1_308' title='bbox 693 2747 829 2785; x_wconf 83' lang='lat' dir='ltr'>Autburg</span> <span class='ocrx_word' id='word_1_309' title='bbox 850 2748 879 2777; x_wconf 90' lang='grc'>2.</span> <span class='ocrx_word' id='word_1_310' title='bbox 940 2746 971 2777; x_wconf 86' lang='lat' dir='ltr'>h.</span> <span class='ocrx_word' id='word_1_311' title='bbox 993 2746 1143 2777; x_wconf 82' lang='lat' dir='ltr'>crucicula</span> <span class='ocrx_word' id='word_1_312' title='bbox 1168 2761 1201 2766; x_wconf 89' lang='lat'>-—</span> <span class='ocrx_word' id='word_1_313' title='bbox 1225 2752 1357 2785; x_wconf 74' lang='lat' dir='ltr'>appensa</span> <span class='ocrx_word' id='word_1_314' title='bbox 1377 2745 1406 2774; x_wconf 86' lang='grc'><strong>2.</strong></span> <span class='ocrx_word' id='word_1_315' title='bbox 1471 2744 1491 2774; x_wconf 90' lang='lat' dir='ltr'>i.</span> <span class='ocrx_word' id='word_1_316' title='bbox 1513 2744 1614 2774; x_wconf 78' lang='lat' dir='ltr'>omnia</span> <span class='ocrx_word' id='word_1_317' title='bbox 1634 2746 1663 2775; x_wconf 87' lang='grc'><strong>2.</strong></span> <span class='ocrx_word' id='word_1_318' title='bbox 1724 2744 1755 2776; x_wconf 79' lang='lat' dir='ltr'>k.</span> <span class='ocrx_word' id='word_1_319' title='bbox 1776 2744 1871 2776; x_wconf 72' lang='lat' dir='ltr'>eccle·</span> 
     </span>
     <span class='ocr_line' id='line_1_42' title="bbox 323 2796 1783 2838; baseline -0.003 -6"><span class='ocrx_word' id='word_1_320' title='bbox 323 2803 386 2832; x_wconf 81' lang='lat' dir='ltr'>siae</span> <span class='ocrx_word' id='word_1_321' title='bbox 409 2814 465 2832; x_wconf 87' lang='lat' dir='ltr'>om.</span> <span class='ocrx_word' id='word_1_322' title='bbox 482 2803 509 2832; x_wconf 92' lang='lat'>1.</span> <span class='ocrx_word' id='word_1_323' title='bbox 573 2801 593 2831; x_wconf 93' lang='lat' dir='ltr'>l.</span> <span class='ocrx_word' id='word_1_324' title='bbox 616 2810 683 2832; x_wconf 86' lang='lat' dir='ltr'>cum</span> <span class='ocrx_word' id='word_1_325' title='bbox 705 2801 781 2831; x_wconf 80' lang='lat' dir='ltr'>add.</span> <span class='ocrx_word' id='word_1_326' title='bbox 797 2801 826 2830; x_wconf 84' lang='lat'>2.</span> <span class='ocrx_word' id='word_1_327' title='bbox 887 2809 926 2830; x_wconf 90' lang='lat' dir='ltr'>m.</span> <span class='ocrx_word' id='word_1_328' title='bbox 949 2799 1111 2834; x_wconf 78' lang='lat' dir='ltr'>secretorio</span> <span class='ocrx_word' id='word_1_329' title='bbox 1133 2801 1162 2830; x_wconf 91' lang='grc'>2.</span> <span class='ocrx_word' id='word_1_330' title='bbox 1223 2808 1253 2830; x_wconf 88' lang='lat' dir='ltr'>n.</span> <span class='ocrx_word' id='word_1_331' title='bbox 1274 2799 1358 2838; x_wconf 78' lang='lat' dir='ltr'>ipsae</span> <span class='ocrx_word' id='word_1_332' title='bbox 1378 2796 1532 2837; x_wconf 68' lang='lat' dir='ltr'>lampados</span> <span class='ocrx_word' id='word_1_333' title='bbox 1553 2808 1610 2828; x_wconf 75' lang='lat' dir='ltr'>om.</span> <span class='ocrx_word' id='word_1_334' title='bbox 1624 2798 1653 2828; x_wconf 87' lang='grc'><strong>2.</strong></span> <span class='ocrx_word' id='word_1_335' title='bbox 1778 2805 1783 2809; x_wconf 82' lang='grc'><strong><em>·</em></strong></span> 
     </span>
    </p>
   </div>
   <div class='ocr_carea' id='block_1_10' title="bbox 419 2857 928 2905">
    <p class='ocr_par' dir='ltr' id='par_1_12' title="bbox 419 2857 928 2905">
     <span class='ocr_line' id='line_1_43' title="bbox 419 2857 928 2905; baseline -0.002 -11"><span class='ocrx_word' id='word_1_336' title='bbox 419 2860 450 2895; x_wconf 93' lang='grc'>1.</span> <span class='ocrx_word' id='word_1_337' title='bbox 481 2859 619 2896; x_wconf 84' lang='lat' dir='ltr'>Erkeln</span> <span class='ocrx_word' id='word_1_338' title='bbox 641 2869 757 2905; x_wconf 89' lang='lat' dir='ltr'>prope</span> <span class='ocrx_word' id='word_1_339' title='bbox 780 2857 928 2894; x_wconf 85' lang='lat' dir='ltr'>Brakel.</span> 
     </span>
    </p>
   </div>
   <div class='ocr_carea' id='block_1_11' title="bbox 940 2952 1260 2969">
    <p class='ocr_par' dir='ltr' id='par_1_13' title="bbox 940 2952 1260 2969">
     <span class='ocr_line' id='line_1_44' title="bbox 940 2952 1260 2969; baseline -0.006 -5"><span class='ocrx_word' id='word_1_340' title='bbox 940 2952 1260 2969; x_wconf 42' lang='grc' dir='ltr'>ψ</span> 
     </span>
    </p>
   </div>
  </div>
 </body>
</html>
