1924 3262
563 195 762 225 wmALm
792 195 1041 226 Efflsromn
1071 195 1120 225 12.
1144 194 1192 224 13.
1606 183 1663 227 93

96 302 208 345 vero,
238 291 395 332 noster·
411 287 523 333 filius
545 290 745 347 vobisque
765 305 842 348 per
862 294 1013 334 cuncta
1034 289 1183 345 fidelis,
1217 290 1501 333 sacratissimo
1522 293 1662 334 vestro
1689 294 1780 330 1137

95 367 272 425 imperio
302 367 421 411 vobis
453 382 498 412 se
530 368 684 426 oppido
715 369 991 433 commendat.
1040 369 1154 412 Deus
1181 371 1323 412 autem
1344 369 1479 411 omnis
1502 368 1662 424 gratiae

95 445 157 490 sic
190 448 384 503 tempora
413 450 554 490 vestra
571 446 781 501 'dignetur
812 447 1054 504 disponere,
1098 450 1145 490 ut
1174 460 1251 504 per
1281 447 1516 504 praesentis
1548 447 1662 491 vitae

93 522 339 568 felicitatem
371 525 531 569 aeterni
561 524 681 580 regni
713 524 805 567 sitis
837 525 1074 569 coheredes.

101 743 180 792 13.
212 747 362 790 Petrus
387 747 585 790 diaeonus
615 747 846 790 casinensis
870 747 1059 790 Wibaldo
1089 749 1342 805 opusculum,
1377 749 1490 807 quod
1516 750 1662 791 inscri-

214 825 323 868 bitur
351 822 689 868 Itinerarium
721 825 779 867 de
810 825 936 867 locis
966 828 1179 880 sanctis,
1214 827 1413 869 dedicat⁰.

211 913 392 957 Domino
432 927 506 957 suo
549 927 596 957 ac
631 914 745 971 patri
782 914 827 957 in
869 913 1035 958 Christo
1073 915 1305 959 venerabili
1344 915 1551 959 Guibaldo
1582 916 1664 960 Dei

92 991 230 1047 gratia
277 992 387 1036 sacri
426 991 569 1035 Casini
606 991 762 1036 Montis
813 992 955 1036 abbati
992 992 1142 1037 Petrus
1182 993 1422 1038 Casinensis
1463 994 1662 1039 diaconus

93 1069 258 1115 debitae
289 1070 551 1114 obedientiae
582 1071 844 1114 famulatum.
1275 1133 1277 1135 ι

211 1147 375 1200 Quanto
406 1149 616 1206 cupidinis
647 1150 758 1205 igne,
786 1152 913 1206 pater
942 1150 988 1193 in
1020 1149 1186 1194 Christo
1210 1150 1461 1207 venerande,
1495 1165 1662 1195 exarse-

91 1226 174 1271 rim
214 1240 261 1271 ac
300 1226 414 1284 quali
450 1231 659 1284 quantove
699 1228 927 1284 desiderio,
967 1232 1014 1271 ut
1052 1243 1126 1273 vos
1168 1229 1433 1286 omnipotens
1465 1229 1579 1274 Deus
1611 1230 1662 1274 de

93 1300 280 1350 adversis
302 1305 497 1362 eriperet,
530 1306 832 1364 exoptaverim,
860 1307 1003 1363 ipsum
1023 1307 1161 1351 Deum
1181 1308 1329 1351 invoco
1350 1311 1515 1364 testem,
1539 1323 1663 1365 quem

91 1383 245 1428 mentis
286 1383 429 1428 abdita
467 1398 593 1441 quem
631 1386 910 1429 conscientiae
936 1386 1114 1429 occulta
1151 1400 1236 1429 non
1273 1386 1444 1443 fallunt,
1486 1387 1585 1443 quia
1622 1390 1664 1431 et

92 1461 144 1506 de
174 1461 279 1519 ipsis
311 1462 442 1505 animi
471 1463 654 1507 motibus
686 1464 850 1519 generis
884 1464 1041 1508 arbiter
1072 1465 1257 1508 creditur
1287 1465 1453 1508 futurus
1475 1465 1661 1508 humani.

94 1539 178 1584 Sed
208 1541 307 1597 quia
335 1541 456 1584 iuxta
486 1542 716 1599 prophetae
749 1542 931 1598 elogium
961 1543 1006 1585 in
1037 1556 1166 1586 manu
1195 1543 1378 1587 hominis
1402 1557 1487 1586 non
1509 1547 1574 1587 est
1593 1544 1664 1587 via

94 1618 197 1675 eius,
229 1632 307 1662 nec
337 1619 388 1663 ab
419 1619 587 1664 homine
619 1621 693 1664 sed
725 1635 750 1664 a
780 1620 962 1664 Domino
994 1635 1162 1676 gressus
1183 1621 1366 1665 hominis
1388 1622 1626 1677 diriguntur
1639 1619 1661 1678 ¹,

92 1697 247 1741 nostris
278 1697 323 1741 id
351 1698 608 1742 facinoribus
641 1698 904 1754 exigentibus
935 1713 1019 1742 non
1052 1703 1116 1742 est
1142 1700 1314 1756 factum,
1348 1701 1459 1757 quod
1478 1701 1664 1744 humana

94 1775 271 1819 aviditas
303 1776 555 1833 concupivit,
588 1776 662 1820 sed
693 1791 799 1833 quae
820 1777 935 1821 Deus
967 1778 1122 1821 arbiter
1150 1779 1312 1822 meritis
1333 1778 1529 1822 humanis
1551 1793 1662 1822 com-

92 1856 236 1910 petere
266 1853 467 1897 iudicavit
477 1853 504 1897 ¹².
566 1853 677 1897 Nam
707 1868 824 1911 cum,
857 1856 1046 1899 omnium
1075 1870 1304 1913 pravorum
1334 1861 1553 1912 grassante
1583 1858 1662 1900 im-

92 1930 264 1988 pietate,
297 1931 496 1975 ecclesiae
517 1932 598 1975 Dei
629 1936 762 1975 status
796 1933 981 1989 quotidie
1011 1934 1256 1978 labefactari
1283 1939 1479 1979 cernatur
1500 1939 1542 1979 et
1560 1936 1660 1991 fere,

93 2012 141 2053 ut
170 2009 231 2052 ita
262 2009 412 2065 dicam,
443 2009 583 2053 nullus
616 2010 815 2054 adversus
849 2025 918 2054 eos
949 2012 1130 2067 insurgit
1157 2027 1234 2070 pro
1264 2013 1385 2056 domo
1408 2014 1539 2058 Israel
1564 2028 1661 2072 par-

93 2087 172 2131 tim
193 2101 334 2132 amore
354 2088 511 2145 partim
532 2089 683 2133 timore
705 2088 957 2133 secularium
977 2093 1249 2147 potestatum,
1281 2092 1436 2136 idcirco
1459 2097 1661 2148 augustae

93 2166 319 2210 memoriae
351 2166 545 2210 dominus
576 2170 718 2210 noster
747 2167 978 2224 imperator
1007 2168 1232 2212 Lotharius
1264 2174 1450 2214 vestram
1475 2166 1661 2214 'beatitu-

94 2243 235 2288 dinem
265 2244 310 2288 in
341 2244 562 2288 Casinensi
593 2245 791 2288 coenobio
825 2245 1019 2289 abbatem
1048 2247 1255 2303 instituit,
1288 2252 1336 2291 ut
1367 2262 1435 2304 ea,
1469 2263 1575 2305 quae
1608 2250 1660 2293 ad

93 2322 394 2366 correctionem
424 2322 632 2366 malorum
664 2326 705 2366 et
737 2323 914 2367 salutem
945 2324 1151 2368 bonorum
1183 2326 1376 2382 attinent,
1410 2327 1586 2371 sollicite
1613 2341 1660 2370 ac

94 2399 316 2455 diligenter
354 2404 636 2459 pertractares
678 2404 720 2443 et
751 2400 973 2445 effrenatos
1004 2403 1238 2446 refrenares
1271 2417 1319 2447 ac
1350 2405 1552 2461 superbos
1582 2405 1659 2448 hu-

93 2477 297 2533 miliares;
339 2482 564 2535 quatenus,
603 2482 852 2536 recuperata
889 2480 1052 2523 iustitia
1092 2484 1133 2524 et
1171 2485 1409 2526 restaurata
1442 2483 1658 2539 religione,

94 2560 235 2600 coetus
274 2556 579 2601 ecclesiasticus
621 2557 700 2601 sibi
736 2557 845 2600 iuste
878 2571 925 2600 ac
955 2558 1282 2603 misericorditer
1313 2560 1470 2604 servire
1503 2574 1551 2604 ac
1581 2575 1658 2618 pro

93 2632 271 2677 Romani
291 2635 460 2692 imperii
481 2639 594 2679 statu
615 2635 694 2678 Dei
717 2635 1014 2692 omnipotentis
1036 2637 1302 2680 clementiam
1324 2652 1497 2682 exorare
1520 2643 1656 2695 queat.

92 2709 214 2756 Unde
251 2726 335 2756 non
373 2713 584 2758 immerito
618 2713 669 2757 ab
701 2713 893 2757 omnibus
925 2714 1068 2771 probis
1101 2727 1149 2757 ac
1180 2715 1439 2771 sapientibus
1472 2716 1658 2773 diligeris

190 2840 216 2861 a.
238 2832 405 2863 Ediderunl
427 2845 465 2863 ea:
487 2834 591 2864 codice
615 2835 774 2865 Casinensi
795 2835 930 2863 Martem
952 2840 980 2863 et
1002 2834 1133 2865 Durand
1156 2835 1234 2866 Call.
1257 2835 1310 2866 Vl.
1323 2835 1381 2866 789
1405 2843 1432 2866 et
1454 2814 1538 2867 fosci
1556 2838 1658 2869 Stort'a

95 2884 129 2915 di
149 2886 253 2915 Monte
276 2887 388 2916 Casino
412 2889 452 2918 11.
476 2888 544 2917 121.
569 2888 638 2918 122.
722 2887 751 2917 b.
773 2886 919 2917 indicavit
940 2887 987 2917 ed.

190 2955 223 2990 1.
248 2955 354 2992 Prov.
380 2956 438 3002 20,
463 2956 520 2993 24.

1707 343 1772 373 Οα.

1691 917 1782 953 1137

1706 966 1771 997 Οα.
