1924 3288
291 180 380 223 510
739 194 938 225 wmAnm
965 193 1215 227 niusa-onan
1242 194 1426 227 svo—381.

174 288 266 324 1152
290 285 445 330 veritas
475 289 631 344 pateat,
664 290 707 332 et
729 301 777 332 eo
800 287 883 332 fine
905 289 1053 346 cuique
1073 303 1151 334 sua
1169 290 1338 334 iusticia
1355 290 1577 348 tribuatur,
1606 294 1656 335 ut
1673 291 1847 349 spiritus

184 338 257 376 ‘³¹³¹'
290 363 430 408 salvus
459 363 544 408 fiat.
591 364 880 410 Predictorum
899 367 1072 411 nomina
1097 367 1240 412 subter
1258 367 1507 412 notavimus.
1607 367 1850 414 Malefacto-

289 454 378 485 res:
413 441 613 499 Elgerus,
644 441 852 500 leerus,
883 443 1136 502 Bernardus,
1166 445 1325 503 Poppo,
1356 444 1608 503 Fridericus,
1635 438 1846 503 wikerus,

288 517 516 575 Arnoldus,
547 519 786 577 Eilvardus,
817 521 1036 566 Robertus.
1157 523 1302 567 Testes
1332 523 1598 568 invocantur:
1637 523 1766 568 abbas
1794 523 1850 568 de

289 595 444 652 Insula,
468 595 695 642 Wemerus
718 600 970 657 prepositus,
1000 600 1125 644 Anno
1145 601 1397 658 preposituS,
1427 600 1633 646 Robertus
1653 601 1848 658 decamm,

290 672 555 719 Godeboldus
584 677 787 732 magister
816 676 1044 734 scolarum,
1081 678 1311 723 Nithardus
1341 679 1470 724 abbas
1501 679 1553 724 dc
1581 677 1859 724 Buresvelde-

290 751 550 796 Tradicionis
580 754 738 798 notati:
768 754 906 813 Eppo,
935 754 1167 800 Reimarus.

293 933 410 982 380.
439 938 650 982 Arnoldus
668 938 721 983 Π
742 939 1071 999 archiepiscopus
1101 941 1348 984 Coloniensis
1377 940 1611 984 Wibaldwm
1638 947 1771 999 royac,
1801 948 1848 984 ut

437 1016 516 1059 sibi
544 1017 705 1067 scribat,
736 1019 881 1076 quibus
911 1019 1052 1062 diebus
1082 1019 1203 1062 liceat
1231 1019 1427 1062 moniales
1454 1018 1596 1062 velari.
1633 1015 1704 1072 (Μ.
1727 1016 1846 1072 356.)

168 1113 259 1170 1152
406 1108 653 1165 A(rnoldus)
683 1109 765 1155 Dei
793 1113 930 1167 gratia
959 1113 996 1156 si
1026 1113 1128 1170 quid
1164 1116 1228 1157 est
1263 1115 1431 1157 sanctae
1462 1111 1722 1157 Coloniensis
1753 1098 1846 1157 aec-

153 1171 179 1193 ⁰‘
197 1162 267 1193 Mau.
289 1185 441 1231 clesiae
475 1187 645 1232 humilis
682 1189 875 1234 minister
911 1190 1062 1234 domno
1102 1189 1323 1245 W(ibaldo)
1363 1190 1509 1234 eadem
1547 1190 1686 1246 gratia
1720 1203 1847 1236 vene-

288 1264 412 1308 rabili
442 1264 684 1310 Gorbeiensi
715 1266 858 1311 abbati
887 1267 1064 1312 salutem
1096 1271 1140 1311 et
1168 1267 1424 1324 obsequium.

407 1342 456 1386 In
491 1345 639 1386 octava
674 1347 936 1401 pentecostes
949 1342 960 1362 ¹
990 1345 1327 1389 sanctimoniales
1364 1345 1506 1389 velare
1543 1345 1846 1404 disposuimus;

289 1423 354 1464 set
383 1420 554 1476 quidam
585 1421 638 1464 ad
666 1435 743 1465 nos
773 1422 1023 1479 referebant,
1058 1423 1137 1467 hoc
1166 1436 1251 1466 non
1279 1423 1405 1467 licere
1434 1423 1519 1467 nisi
1547 1423 1594 1466 in
1623 1422 1848 1481 epiphania

287 1494 483 1541 Domini²
521 1501 564 1542 et
598 1498 645 1542 in
682 1499 835 1543 natali⁸
876 1497 1182 1558 apostolorum³
1221 1504 1264 1544 et
1308 1500 1490 1544 secunda
1532 1500 1639 1544 feria
1679 1513 1844 1558 pascae.

289 1573 512 1630 Quocirca,
551 1588 636 1619 non
672 1576 798 1633 plene
836 1591 1062 1634 memores,
1103 1578 1204 1634 quid
1233 1591 1360 1635 super
1389 1577 1467 1621 hoc
1498 1578 1524 1621 a
1553 1577 1705 1623 domno
1734 1590 1848 1636 papa

288 1652 401 1696 docti
430 1653 574 1709 simus,
605 1654 874 1710 prudentiam
902 1658 1099 1711 vestram,
1131 1669 1237 1712 quae
1258 1655 1367 1699 sacri
1395 1655 1499 1699 iuris
1530 1654 1727 1700 articulos
1755 1653 1847 1713 ple-

287 1730 382 1773 nius
414 1730 622 1786 agnoscit,
654 1732 937 1788 consulentes,
967 1746 1185 1788 rogamus,
1217 1733 1413 1790 quatinus
1444 1746 1571 1790 super
1599 1732 1678 1776 hoc
1707 1735 1848 1777 vestra

289 1807 467 1852 eruditio
496 1808 652 1866 scripto
679 1823 756 1854 nos
777 1810 1007 1855 certificare
1028 1811 1235 1867 dignetur,
1267 1824 1321 1854 an
1341 1810 1387 1853 in
1407 1809 1605 1867 predictis
1626 1810 1847 1854 dumtaxat

288 1884 669 1943 sollempnitatibus
692 1911 747 1917 —
770 1901 824 1931 an
843 1887 890 1931 111
910 1887 1055 1932 diebus
1075 1891 1240 1932 tantum
1261 1887 1494 1943 dominicis,
1515 1887 1627 1944 quod
1647 1887 1674 1932 a
1693 1887 1844 1932 domno

288 1976 401 2020 papa
431 1964 641 2021 accepisse
671 1965 863 2009 videmur
893 1989 949 1995 —-
980 1965 1106 2010 liceat
1134 1965 1266 2010 velari
1295 1964 1645 2010 sanctimoniales.

294 2139 410 2186 381.
436 2142 647 2186 Wibaldus
676 2143 863 2187 Arnoldo
883 2143 936 2188 II
957 2144 1262 2202 archiepiscopo
1297 2144 1527 2187 Coloniensi
1546 2144 1597 2187 de
1617 2144 1758 2188 diebus
1777 2159 1844 2188 oe·

437 2220 658 2263 landarum
693 2222 935 2263 monialium
970 2222 1164 2264 rescribit.
1233 2221 1364 2264 Addit
1407 2222 1458 2264 de
1494 2220 1700 2264 Friderici
1735 2222 1846 2279 reyis

438 2312 537 2354 crya
569 2313 660 2340 ewm
690 2299 977 2341 benevolentia.
1037 2299 1107 2342 De
1138 2298 1298 2341 castello
1337 2305 1569 2355 expuynato
1596 2298 1843 2355 qratalamr.

439 2376 638 2419 Achatem
667 2375 948 2418 Pmmiensem
978 2383 1017 2418 et
1043 2375 1263 2418 monachos
1291 2376 1532 2419 Mamaeum
1567 2376 1843 2430 commendat,-

436 2468 558 2511 seque
590 2452 802 2496 Coloniam
830 2460 1042 2495 ventarum
1074 2469 1169 2506 esse,
1200 2453 1416 2511 siqnificat.
1629 2450 1702 2505 (M.
1724 2451 1843 2506 357.)

174 2555 265 2610 1152
406 2545 648 2591 Reverendo
678 2546 723 2589 in
744 2545 908 2590 Christo
928 2547 1042 2604 patri
1072 2560 1146 2590 suo
1177 2550 1220 2590 et
1243 2546 1410 2590 domino
1431 2545 1652 2600 A(rnoldo)
1675 2550 1843 2591 sanctae

187 2603 256 2633 Mm.
290 2623 551 2668 Coloniensis
583 2623 808 2668 aecclesiae
837 2624 1066 2668 venerabili
1095 2624 1405 2681 archiepiscopo
1435 2623 1566 2667 frater
1590 2622 1841 2679 W(ibaldus)

289 2702 370 2746 Dei
399 2702 536 2758 gratia
563 2701 621 2757 id,
653 2700 764 2758 quod
794 2704 858 2745 est
887 2701 932 2745 in
963 2701 1162 2746 aecclesia
1190 2700 1406 2757 catholica,
1437 2700 1608 2756 exig-uas
1633 2701 1842 2746 orationes

291 2783 334 2824 et
363 2780 559 2824 devotum
589 2778 817 2823 servitium.

388 2883 415 2905 a.
443 2874 539 2905 natal'
561 2886 588 2905 c.

387 2933 419 2968 1.
442 2932 489 2968 25
512 2931 595 2968 Mai.
615 2931 718 2967 1152.
812 2931 847 2966 2.
872 2930 948 2967 Ian.
967 2932 1000 2967 6.
1096 2933 1129 2968 3.
1155 2931 1247 2968 Iuni.
1266 2931 1324 2968 29.
