1924 3288
307 200 395 244 234
812 213 1011 244 wmanm
1037 212 1258 244 ims'mm
1287 212 1358 244 ιω.

190 309 282 346 1146
306 307 424 351 boiae
457 308 504 351 11
535 307 626 351 Kal.
651 307 900 351 Novembris
914 305 935 350 ¹.
990 306 1212 352 Stabulaus
1242 311 1536 365 pervenerunt,
1563 283 1861 355 nonum-⁴*

163 358 228 390 Oct.
243 360 283 390 20

152 1014 216 1045 Oct.
235 1015 272 1045 31

304 384 574 429 becillitatem
611 381 666 428 ad
700 385 887 441 regimen
923 388 1065 430 tantae
1099 385 1162 430 rei
1190 388 1280 429 tam
1309 399 1386 443 per
1413 385 1577 431 litteras
1606 399 1704 431 suas
1727 399 1861 446 qm

304 463 429 507 etiam
462 477 538 520 per
569 462 790 520 epistolam
819 463 962 507 domni
990 463 1102 519 regis
1133 476 1181 507 ac
1211 463 1355 507 domni
1372 462 1860 524 Pathednmendwa-

304 541 419 598 scopi
456 543 498 584 et
528 539 707 584 aliorum
737 541 997 598 quorundam
1025 541 1284 598 principum,
1321 554 1400 585 nec
1427 555 1512 586 non
1538 543 1726 600 presumi
1752 555 1861 588 ιιι-ὸ

302 618 462 661 ciorum
493 618 674 675 alloquio
705 617 888 663 officiose
917 622 961 663 et
989 618 1236 676 suppliciter
1263 618 1582 664 invitaverunt·.
1642 619 1732 665 Nos
1756 622 1861 668 tue

302 709 466 739 eramus
496 696 542 739 111
573 697 731 753 synodo
761 696 1004 741 Leodiensis
1035 696 1273 752 aecclesiae,
1305 710 1431 754 quam
1458 697 1718 744 venerab&
1735 701 1860 757 puer

300 777 442 817 noster
472 773 693 817 Heinricus
731 774 854 818 huius
892 774 1074 818 nominis
1112 774 1318 818 secundus
1354 773 1600 820 Leodiensis
1639 775 1858 834 episequs

300 865 352 895 ex
381 864 499 895 more
529 851 776 895 celebrabat.
824 851 943 903 Unde
973 865 1068 896 cum
1097 854 1416 908 reverteremur,
1448 852 1502 896 ad
1524 853 1858 910 preposituram*

298 929 543 973 monasterii
595 928 876 985 Stabulensis,
929 930 1040 986 quod
1085 929 1438 973 Malmundarium
1482 930 1656 987 dicitur,
1698 930 1858 976 feam

299 1007 485 1051 omnium
522 1003 784 1051 sanctor-um'
815 1006 1085 1063 celebraturi,
1124 1007 1439 1051 diverteramus.
1499 1007 1641 1066 Atque
1671 1019 1769 1053 eun·
1784 1008 1858 1054 :nd

297 1085 583 1142 vespertinam
613 1085 808 1142 synaxim
838 1084 925 1128 iam
954 1085 1117 1140 ingredi
1147 1098 1332 1129 essemus
1361 1085 1521 1142 parati,
1558 1085 1676 1130 venit
1699 1085 1855 1132 Sm-

295 1162 424 1206 lensis
445 1163 630 1218 nuntius,
654 1161 891 1218 significans
912 1163 1046 1218 nobis,
1069 1162 1180 1219 quod
1199 1162 1326 1218 legati
1346 1163 1486 1219 regiae
1506 1163 1646 1208 curiae
1663 1166 1855 1210 nomm

297 1240 410 1298 apud
430 1240 653 1285 Stabulaus
680 1240 1010 1297 prestolarentur
1041 1240 1279 1296 adventum,
1310 1240 1426 1284 nullo
1450 1241 1574 1285 modo
1602 1241 1701 1286 inde
1718 1243 1856 1287 rece}

297 1319 385 1362 suri
413 1318 482 1362 vel
513 1318 617 1362 alias
649 1331 748 1361 suae
777 1317 999 1373 legationis
1030 1318 1160 1362 verba
1189 1318 1435 1375 exposituri,
1465 1318 1549 1362 nisi
1578 1319 1624 1363 in
1654 1319 1855 1365 aeeclesia

296 1395 534 1440 Stabulensi
556 1408 698 1439 coram
716 1395 866 1452 positis
888 1396 1075 1439 eiusdem
1103 1395 1350 1439 monasterii
1376 1396 1591 1440 fratribus.
1634 1396 1724 1441 Nos
1743 1410 1852 1442 m

292 1487 370 1531 pro
409 1473 645 1517 reverentia
677 1472 836 1516 domini
872 1473 1007 1516 nostri
1044 1473 1156 1528 regis
1193 1473 1390 1517 continuo
1429 1474 1613 1518 ascensis
1646 1475 1853 1532 equissul

294 1550 541 1594 Stabulense
560 1550 861 1594 monasterium
880 1551 1061 1594 transire
1080 1550 1386 1594 festinavimus.
1421 1550 1504 1595 Ubi
1522 1551 1610 1595 ian
1628 1565 1723 1596 sero
1739 1552 1851 1597 facto

293 1628 493 1672 mandata
522 1628 681 1672 domini
710 1628 844 1671 nostri
877 1628 988 1683 regis
1020 1631 1063 1672 et
1090 1628 1351 1685 principum,
1389 1641 1467 1672 nec
1503 1642 1589 1672 non
1627 1628 1851 1676 meloda

293 1705 556 1750 Corbeiensis
576 1706 823 1763 petitionem
842 1708 934 1749 tum
962 1719 1040 1762 per
1069 1706 1227 1763 scripta
1254 1709 1347 1749 tum
1375 1719 1453 1763 per
1477 1706 1704 1751 missorum
1721 1707 1851 1753 verba

292 1783 564 1841 suscepimus.
610 1783 813 1841 inspectis
835 1782 1026 1827 omnibus
1059 1787 1101 1827 et
1131 1783 1298 1839 auditis,
1329 1797 1420 1827 rem
1451 1797 1617 1829 omnem
1644 1798 1785 1842 mque:
1802 1786 1849 1833 in

291 1862 520 1906 crastinum
550 1861 604 1905 ad
631 1874 836 1918 responsa
862 1861 1180 1918 premeditanda
1210 1860 1462 1904 distulimus.

407 1939 510 1996 Iam,
541 1939 777 1983 venerande
807 1942 942 1996 pater,
973 1939 1028 1982 ad
1058 1952 1153 1982 eum
1181 1938 1320 1982 locum
1338 1939 1548 1982 narrando
1566 1939 1847 1998 pervenimu,

290 2017 362 2062 ubi
398 2030 477 2061 nec
514 2020 652 2061 tacere
690 2017 916 2061 audeamus
954 2020 1128 2074 propter
1158 2017 1365 2060 sanandas
1396 2030 1446 2061 ac
1473 2017 1722 2062 muniendas
1746 2030 1848 2063 con-

289 2095 485 2139 scientias
523 2095 703 2138 fratrum
738 2098 979 2138 nostrorum
1009 2093 1165 2138 Christi
1199 2094 1400 2150 sanguine
1429 2095 1743 2152 redemptorum
1769 2108 1848 2141 mc

287 2173 403 2230 loqui
439 2176 528 2216 tute
557 2172 771 2216 valeamus
806 2176 981 2229 propter
1008 2172 1222 2216 irrisiones
1254 2185 1417 2227 eorum,
1455 2172 1527 2229 qui
1555 2173 1754 2230 supoebia
1779 2173 1846 2219 in·-

287 2249 442 2294 fiantur
473 2254 516 2294 et
546 2250 772 2294 ambitione
790 2249 1071 2306 flammantur,
1103 2253 1145 2294 et
1162 2252 1336 2307 propter
1355 2250 1504 2294 secreti
1522 2251 1657 2294 nostri
1675 2250 1844 2308 bonum,

289 2328 399 2385 quod
431 2328 625 2372 evacuari
654 2327 940 2371 formidamus.
985 2327 1058 2371 Set
1087 2327 1296 2384 accipiant
1314 2326 1516 2382 homines,
1546 2331 1594 2371 ut
1612 2327 1771 2385 volunt,
1801 2331 1845 2373 et

288 2406 485 2450 iudicent.
515 2405 602 2449 Nos
623 2405 818 2462 quoniam
838 2406 883 2449 in
902 2405 1142 2449 innocentia
1159 2407 1304 2449 nostra
1321 2403 1500 2460 ingressi
1520 2419 1678 2462 sumus,
1699 2418 1843 2451 verum

287 2487 394 2528 teste
423 2483 513 2527 Deo
544 2483 784 2527 referemus.

405 2560 512 2604 Cum
542 2560 596 2604 ad
624 2560 876 2604 matutinam
906 2561 1099 2617 synaxim
1130 2573 1231 2603 sono
1261 2558 1458 2603 canonico
1480 2557 1652 2603 excitati
1670 2559 1840 2616 fuimus,

287 2638 383 2682 talis
419 2638 621 2693 cogitacio
657 2638 778 2682 nobis
816 2637 963 2681 oborta
998 2641 1080 2693 est,
1117 2640 1186 2692 ut,
1225 2639 1393 2694 peracto
1422 2637 1661 2680 matutinali
1689 2636 1839 2694 officio,

382 2731 410 2752 a.
431 2722 571 2752 invitavit
590 2732 617 2751 c.
690 2720 719 2751 b.
741 2721 962 2760 preposituram
983 2727 1010 2750 a
1031 2719 1219 2751 Stabulmis
1241 2718 1321 2758 quod
1341 2724 1369 2748 ee
1389 2717 1499 2749 dicitur
1519 2730 1609 2751 erana
1630 2726 1699 2751 me
1718 2723 1749 2751 iu
1769 2721 1838 2752 eod.

381 2780 414 2815 1.
439 2779 482 2815 In
507 2777 579 2815 hoc
595 2778 676 2815 loco
693 2778 823 2814 vitium
841 2778 956 2826 inest3
980 2777 1190 2814 wibaldum
1207 2775 1302 2813 enim
1319 2775 1379 2812 die
1395 2776 1442 2812 20
1458 2775 1534 2812 Oct.
1554 2778 1615 2822 (13
1630 2777 1712 2814 Kal.
1730 2778 1838 2823 Nov.)

286 2837 457 2875 abbatem
481 2837 738 2874 Corbeiensem
764 2837 919 2874 electum
945 2847 1046 2882 esse,
1077 2836 1187 2873 docet
1216 2839 1255 2872 et
1278 2834 1583 2881 Chronographus
1607 2835 1838 2873 Corbeiensis

287 2898 412 2942 (supra
434 2907 470 2942 p.
488 2897 550 2940 50>
573 2899 612 2933 et
627 2897 743 2934 Notae
760 2895 997 2933 stabulenses
1021 2898 1147 2941 (supra
1169 2905 1207 2941 p.
1226 2894 1285 2940 ¹15)
1302 2897 1341 2931 et
1355 2893 1517 2931 wibaldi
1532 2894 1669 2942 tabula,
1692 2894 1742 2932 de
1764 2905 1838 2942 qua

286 2954 334 2991 cf.
359 2966 469 3000 supra
492 2966 526 3001 p.
546 2957 593 2992 50
618 2966 654 2992 11.
672 2956 704 2992 1.
800 2956 834 2992 2.
858 2955 952 2992 Nov.
972 2956 1005 2991 1.
