1930 3224
618 164 904 197 TRANSLATIO
935 163 970 196 s.
991 163 1086 195 vrr1
1572 150 1628 196 25

70 260 244 307 Interim
273 260 373 305 dum
401 261 504 306 haec
526 264 706 316 aguntur
727 264 769 304 et
789 260 1038 316 cogitantur,
1069 261 1240 316 repente
1270 257 1390 302 navis
1421 261 1537 302 mota
1567 261 1631 302 est

71 353 98 384 a
125 339 252 396 loco·,
283 339 328 383 in
359 353 439 396 quo
469 338 555 383 fixa
585 341 695 394 erat,
729 341 770 382 et
799 338 1021 395 paullatim
1050 336 1232 381 natando
1265 337 1355 380 sine
1391 336 1550 392 remige
1588 339 1630 381 et

69 419 291 462 ventorum
320 417 524 476 impulsu,
562 417 661 461 licet
699 415 860 460 caelum
891 430 1084 461 serenum
1114 418 1243 471 esset,
1283 418 1431 472 sponte
1468 415 1522 458 ad
1559 428 1629 459 eos

69 499 182 541 recto
200 496 371 540 tramite
391 496 604 554 pervenit3
631 494 695 538 illi
716 499 855 538 autem
877 498 1048 551 accepta
1068 493 1141 538 eah
1162 492 1336 538 fluvium
1355 493 1627 537 transierunt.

186 573 288 618 Post
324 574 427 618 haec
468 573 731 617 decrescente
768 575 957 630 tempore
997 575 1038 616 et
1067 572 1214 630 populi
1245 572 1464 616 devotione
1493 572 1628 627 magis

69 654 112 697 et
130 652 266 708 magis
287 654 584 707 succrescente,
615 652 660 694 in
681 651 748 695 die
777 654 873 695 ante
894 650 1104 706 vigiliam⁰
1127 650 1262 694 sancti
1282 650 1490 706 Iohannis,
1523 664 1629 707 quae

69 730 336 788 subsequitur
379 730 425 773 in
463 730 680 787 proximo,
728 728 862 772 sancti
900 729 1097 786 martyris
1137 726 1484 773 sollemnitatem¹
1522 728 1629 773 cele-

67 794 253 865 brantes,
283 821 389 866 puer
420 808 589 864 quidam
618 810 666 850 ut
692 807 919 864 putabatur
941 820 1144 850 annorum
1165 821 1253 863 sex,
1286 807 1510 851 adveniens
1532 810 1629 852 ante

68 886 267 944 reliquias
313 886 448 930 sancti
491 886 711 943 martyris,
758 884 974 928 brachium
1011 885 1169 928 habens
1208 888 1488 942 contractum,
1533 888 1630 943 post

68 965 274 1009 diutinam
311 965 542 1009 orationem
579 967 705 1021 prout
734 963 868 1007 valuit
902 966 1118 1021 peractam
1156 976 1281 1006 sanus
1323 963 1534 1020 perfected
1563 964 1628 1007 in-

68 1046 216 1088 ventus
247 1046 323 1087 est.
423 1042 471 1086 In
502 1042 731 1086 crastinum
761 1055 859 1086 vero
892 1040 1075 1085 officium
1105 1041 1385 1098 vespertinale
1416 1042 1628 1086 celebran-

67 1121 179 1166 tibus
210 1121 355 1166 aderat
385 1120 556 1178 quidam
587 1120 771 1176 claudus,
804 1120 876 1176 qui
904 1119 1066 1163 nullam
1096 1119 1316 1175 gradiendi
1343 1120 1490 1164 habuit
1516 1121 1628 1164 vale-

67 1199 277 1255 tudinem,
312 1199 397 1243 nisi
434 1212 529 1243 cum
560 1199 720 1242 duobus
750 1198 910 1242 baculis
941 1200 1288 1252 sustentaretur03
1329 1199 1470 1255 sicque
1501 1213 1627 1243 sanus

67 1278 113 1322 in
143 1278 289 1323 eadem
318 1278 423 1322 hora
451 1278 645 1321 inventus
678 1280 754 1332 est,
787 1290 834 1320 ac
866 1277 902 1320 si
931 1270 1161 1333 numquam
1192 1276 1467 1320 claudicasset
1476 1276 1498 1320 ¹.

184 1356 348 1401 Deinde
377 1356 629 1414 procedente
658 1358 847 1412 tempore
877 1355 1162 1411 natalitiisque
1190 1355 1306 1399 Petri
1327 1358 1369 1399 et
1387 1354 1508 1399 Pauli
1529 1369 1628 1413 apo-

68 1435 270 1480 stolorum
299 1434 661 1492 prosequentibus,
695 1433 918 1477 adveniens
941 1433 1146 1490 quaedam
1167 1433 1331 1490 mulier,
1362 1434 1533 1491 proprio
1559 1448 1627 1478 ca-

66 1527 163 1558 rens
201 1513 360 1557 lumine
391 1513 443 1557 ab
475 1513 595 1556 annis
627 1513 830 1569 quinque,
871 1512 916 1555 in
946 1512 1092 1556 eodem
1122 1511 1212 1556 loco
1246 1513 1448 1556 amissum
1477 1526 1628 1556 munus

66 1591 238 1649 recepit.
329 1590 428 1635 Mox
459 1591 730 1648 subsequenti
758 1590 976 1648 proximos
1000 1590 1067 1634 die
1096 1590 1303 1635 dominico
1326 1591 1496 1648 quidam
1515 1590 1627 1635 clau-

68 1670 145 1714 dus
177 1673 219 1714 et
246 1669 387 1728 puella
416 1669 594 1727 parvula
622 1672 799 1726 utroque
829 1683 939 1725 genu
969 1669 1205 1713 contractah
1235 1673 1276 1714 et
1302 1670 1440 1726 gibba,
1473 1670 1628 1713 donum

68 1748 215 1793 salutis
248 1748 402 1806 adepti,
433 1747 635 1792 ineffabili
665 1748 828 1791 laetitia
858 1750 955 1791 sunt
983 1748 1154 1792 reversi.
1246 1748 1341 1792 Non
1370 1751 1468 1806 post
1495 1748 1627 1792 multo

67 1830 256 1885 tempore
293 1829 383 1870 erat
423 1826 627 1882 quaedam
665 1829 859 1869 matrona
892 1826 1062 1870 nomine
1092 1826 1323 1883 Hogardis,
1364 1840 1627 1871 commorans

66 1906 112 1949 in
140 1918 250 1963 pago
282 1905 353 1962 qui
382 1907 555 1948 vocatur
584 1903 773 1959 Lainga³,
806 1906 848 1947 et
877 1904 943 1948 vir
974 1905 1062 1948 eius
1088 1905 1258 1949 nomine
1274 1904 1395 1961 Wigo
1424 1919 1476 1949 ex
1495 1905 1627 1949 nobili

66 1983 286 2041 progenie,
331 1983 627 2027 miserabiliter
673 1982 890 2026 debilitata
931 1985 973 2026 et
1011 1986 1226 2027 contracta
1263 1997 1316 2027 ex
1354 1984 1468 2027 omni
1504 1987 1625 2041 parte

67 2061 349 2106 membrorum
381 2061 432 2105 ab
464 2061 583 2105 annis
617 2064 808 2117 quatuor,
841 2074 946 2117 quae
972 2060 1034 2104 ire
1054 2061 1170 2105 nullo
1190 2062 1313 2105 modo
1333 2065 1512 2119 poterat,
1543 2063 1626 2106 nisi

66 2139 258 2184 manibus
289 2139 550 2183 servulorum
581 2142 884 2183 sustentaretur
915 2141 987 2182 aut
1018 2138 1155 2195 aliquo
1180 2139 1368 2183 vehiculo
1391 2141 1622 2184 duceretur.

67 2217 182 2262 Haec
212 2231 307 2262 cum
337 2218 522 2262 audisset
551 2218 707 2261 famam
730 2217 947 2273 virtutum,
980 2231 1083 2274 quas
1104 2217 1310 2261 Dominus
1331 2219 1493 2262 meritis
1513 2219 1625 2262 beati

67 2297 264 2353 martyris
303 2296 469 2353 operari
506 2296 700 2351 dignatus
739 2299 823 2351 est,
861 2295 985 2339 iussit
1016 2296 1097 2340 sibi
1128 2309 1363 2352 carrucam,
1396 2297 1504 2340 sicut
1533 2310 1624 2340 mos

68 2378 133 2419 est
160 2374 206 2418 in
235 2373 309 2417 illa
338 2375 520 2430 regione,
552 2374 682 2429 iungi,
715 2374 1037 2430 ascendensque,
1069 2378 1260 2418 nostrum
1292 2374 1396 2418 adiit
1415 2378 1624 2419 monaste-

67 2452 197 2508 rium,
235 2451 464 2509 implorans
504 2455 545 2496 et
580 2451 773 2507 flagitans
810 2451 891 2495 Dei
932 2455 973 2495 et
1010 2453 1142 2496 sancti
1177 2453 1375 2510 martyris
1407 2452 1622 2496 auxilium.

68 2530 181 2583 Quae
222 2543 317 2573 cum
353 2534 519 2574 noctem
555 2531 790 2573 insomnem
828 2543 930 2586 prae
968 2530 1100 2574 nimia
1137 2530 1399 2586 gravitudine
1438 2531 1623 2587 corporis

67 2609 324 2667 pertransire
368 2622 452 2651 non
496 2608 698 2664 quivisset
736 2611 778 2651 et
814 2607 1054 2651 matutinali
1090 2610 1278 2665 tempore
1316 2608 1435 2664 gravi
1475 2622 1624 2666 sopore

69 2687 394 2745 opprimeretur,
427 2686 590 2730 adstitit
620 2686 658 2730 ei
689 2685 882 2742 quidamk
911 2699 988 2742 per
1018 2686 1154 2729 visum
1184 2687 1229 2729 in
1260 2686 1532 2730 similitudine
1561 2687 1624 2730 iu-

161 2785 187 2806 a.
210 2785 264 2806 suo
287 2777 361 2806 add.
379 2777 407 2806 2.
485 2776 515 2806 b.
536 2776 605 2806 navi
628 2777 656 2806 2.
731 2784 755 2805 c.
778 2775 809 2805 in
831 2775 880 2805 die
903 2776 971 2805 ante
993 2774 1126 2812 vigiliam
1147 2778 1257 2815 scripsi
1272 2787 1329 2815 pro
1351 2776 1383 2806 in
1404 2776 1529 2814 gloriam
1551 2777 1579 2806 1.
1595 2778 1623 2807 2.

69 2830 98 2860 d.
126 2829 257 2869 perfecte
280 2841 336 2860 om.
352 2830 379 2859 1.
464 2839 490 2859 e.
519 2830 737 2860 sustentaretur
759 2841 814 2859 om.
831 2830 858 2858 2.
943 2828 963 2859 f.
993 2829 1175 2859 claudicaret
1197 2830 1225 2859 2.
1309 2838 1337 2868 g.
1364 2830 1499 2869 proximo
1521 2842 1578 2862 om.
1594 2832 1622 2861 2.

67 2883 97 2913 h.
120 2885 272 2913 contracto
295 2884 323 2912 2.
406 2883 426 2913 i.
449 2883 559 2921 Lamga
582 2884 609 2912 1.
693 2883 722 2913 k.
745 2883 875 2922 quidam.
898 2893 953 2914 om.
974 2883 1001 2912 1.

164 2942 195 2976 1.
229 2951 280 2977 sc.
306 2944 473 2977 octavam
498 2939 533 2977 S.
553 2940 642 2977 Viti.

1659 261 1729 297 836

1652 310 1737 342 Iunio

1652 662 1727 693 Iuni.
1741 663 1780 693 22

1652 1055 1727 1087 Iuni.
1740 1057 1779 1087 23

1651 1367 1726 1397 Iuni.
1739 1367 1777 1398 29

1650 1599 1706 1630 1111.
1721 1601 1737 1630 1
