1924 3288
303 187 387 231 152
767 196 966 229 wmALm
994 195 1242 228 nmsronm
1269 195 1319 227 7⁷.
1340 195 1391 227 ⁷8.

165 296 258 333 1148
301 293 561 339 Stabulensis
608 295 748 337 autem
786 291 984 336 ecclesiae
1020 291 1199 335 fratrum
1237 290 1292 334 ad
1328 304 1406 335 nos
1442 290 1614 348 querela
1644 291 1858 351 pervenit,

148 354 174 377 ‘⁵‘
190 345 278 377 hb*
300 372 411 428 quod
439 371 691 416 Eustachius
721 368 1021 427 parrochianus
1051 371 1148 412 tuus
1189 382 1333 413 eorum
1362 368 1473 413 bona
1500 369 1547 413 in
1573 368 1720 428 predio
1751 369 1858 415 Tur·-

298 450 418 494 nines
457 449 661 493 violenter
704 447 924 491 abstulerit
961 449 1003 490 et
1043 446 1096 491 ab
1136 460 1280 491 eorum
1315 445 1582 491 infestatione
1617 446 1857 493 nullatenus

298 527 566 584 conquiescit.
619 524 858 569 Macharius
899 538 1062 581 quoque
1102 524 1154 569 de
1185 524 1380 580 Suingeis
1417 527 1460 568 et
1489 524 1659 581 quidam
1688 524 1763 572 ulii
1787 524 1856 571 in-

297 604 500 649 cendiarii
531 606 572 647 et
601 606 807 660 raptores,
837 602 1098 646 coadjutores
1119 601 1268 659 ipsius,
1301 602 1476 646 eandem
1496 601 1741 648 aecclesiam
1759 615 1858 660 pre-

298 683 362 726 dis
394 686 437 726 et
467 681 560 725 aliis
590 680 726 724 modis
756 694 910 724 vexare
939 693 1024 724 non
1054 680 1366 738 pertimescunt.
1414 680 1522 733 Quia
1539 693 1639 726 vero
1657 680 1861 738 precipiti·

298 760 496 804 audaciae
527 761 746 816 raptorum
776 757 984 816 spirituali
1015 757 1153 814 gladio
1180 762 1245 802 est
1266 758 1416 802 fortius
1436 758 1731 815 resistendum,
1759 771 1857 817 pre·

299 838 480 881 sentium
501 837 580 881 tibi
601 837 848 880 auctoritate
867 836 1130 892 mandamus,
1153 837 1349 893 quatinus
1371 840 1461 892 tam
1478 836 1690 894 prefatum
1702 835 1856 881 Eusta-

298 915 438 959 chium
469 928 595 971 quam
626 914 730 958 alios
758 917 949 972 raptores
978 914 1118 958 ablata
1145 914 1320 958 reddere
1348 917 1391 958 et
1410 915 1462 958 de
1481 917 1619 959 cetero
1639 914 1692 959 ab
1712 927 1858 959 eorum

297 993 564 1038 infestatione
595 993 796 1037 desistere
827 992 1016 1036 districte
1045 992 1278 1036 coherceas.
1337 992 1457 1044 Quod
1485 992 1523 1036 si
1551 995 1858 1050 contemptores

298 1071 536 1127 extiterint,
577 1070 690 1114 infra
726 1070 1003 1127 quadraginta
1041 1070 1130 1114 dies
1175 1073 1400 1127 postquam
1443 1070 1658 1128 presentia
1700 1069 1886 1128 scripta«

297 1149 552 1206 susceperis,
597 1148 867 1192 frustratoria
912 1147 1112 1192 dilatione
1154 1151 1338 1205 remota,
1384 1148 1627 1193 canonicam
1662 1147 1716 1193 de
1751 1147 1858 1206 ipsis

296 1227 507 1271 iusticiam
537 1226 680 1270 facias.

303 1387 382 1434 78.
419 1389 634 1431 Com-adm
652 1387 726 1431 ΠΙ
746 1403 823 1431 rex
851 1387 1038 1431 Wibaldo
1071 1387 1122 1430 de
1151 1388 1272 1430 rebus
1299 1387 1384 1430 suis
1415 1387 1597 1430 adversis
1619 1401 1642 1430 e
1662 1386 1860 1430 Condati-

418 1466 592 1522 tinopoli
619 1466 836 1524 siqmflcat.
1673 1461 1748 1517 (M.
1770 1462 1861 1518 80.)

152 1561 245 1597 1148
420 1554 665 1597 Cuonradus
700 1553 783 1598 Dei
819 1553 957 1609 gratia
984 1552 1268 1596 Romanorum
1304 1565 1382 1596 rex
1417 1551 1647 1596 venerabili
1666 1551 1860 1597 wibaldo

116 1611 178 1642 ¹³¹¹·
191 1611 278 1642 Febr.
301 1632 617 1676 Gorbeiensium
663 1635 706 1675 et
752 1630 1064 1675 Stabulensium
1103 1630 1245 1674 abbati
1283 1630 1464 1686 gratiam
1501 1643 1622 1674 suam
1658 1633 1702 1675 et
1737 1642 1865 1676 οιωιο

300 1711 469 1755 bonum.

420 1787 529 1839 Quia
571 1785 818 1830 fidelitatem
860 1788 980 1829 tuam
1024 1798 1299 1843 sepenumero
1344 1785 1457 1829 circa
1490 1798 1568 1829 nos
1607 1788 1650 1829 et
1683 1798 1860 1842 regnum

302 1869 494 1910 nostrum
527 1864 749 1922 probatam
776 1864 922 1908 multis
954 1863 1253 1921 experimentis
1283 1863 1575 1919 cognovimus,
1614 1863 1652 1906 si
1681 1862 1734 1907 de
1761 1875 1862 1921 pro-

303 1943 504 2002 speritate
541 1945 675 1986 status
714 1942 849 1985 nostri
881 1942 1085 1998 audieris,
1122 1941 1303 1985 multum
1333 1944 1375 1984 te
1405 1940 1585 1996 gaudere
1613 1953 1698 1984 non
1729 1940 1862 1986 ambi-

186 2024 276 2061 1147
302 2022 453 2078 gimus.
500 2019 749 2064 Mandamus
780 2020 922 2076 itaque
951 2018 1145 2063 fidelitati
1174 2022 1286 2075 tuae,
1319 2018 1430 2075 quod
1459 2031 1555 2062 cum
1581 2017 1768 2076 Nyceam
1795 2018 1863 2063 in-

303 2103 422 2155 tegro
462 2101 504 2142 et
540 2098 708 2155 copioso
749 2097 936 2141 exercitu
964 2096 1322 2154 pervenissemus,
1360 2099 1524 2140 mature
1554 2095 1862 2154 expeditionem

304 2189 595 2221 consummare
624 2174 832 2230 volenteS,
863 2188 940 2232 per
970 2175 1285 2232 compendium,
1315 2174 1428 2218 notis
1457 2173 1551 2218 viae
1579 2173 1754 2218 ducibus
1782 2173 1863 2218 hoc

160 2264 225 2295 oct.
242 2264 281 2295 15
306 2253 643 2308 ostendentibus,
682 2266 826 2295 versus
863 2252 1049 2295 Iconium
1085 2251 1294 2310 proficisci
1332 2252 1518 2309 cepimus
1530 2248 1554 2307 ¹,
1593 2250 1694 2295 illuc
1729 2263 1861 2309 usque

306 2331 544 2376 necessaria
567 2332 797 2388 portanteS,
830 2332 1033 2386 quantum
1054 2331 1272 2374 valuimus.
1319 2330 1377 2374 Et
1403 2342 1510 2385 ecce,
1535 2329 1678 2374 decem
1698 2329 1862 2374 dierum

306 2410 478 2454 itinere·
515 2409 601 2452 iam
646 2410 838 2465 peracto,
883 2407 1059 2451 totidem
1100 2407 1236 2452 adhuc
1270 2407 1391 2451 nobis
1429 2406 1617 2463 residue,
1662 2404 1863 2451 victualia

307 2487 498 2531 omnibus
536 2486 644 2541 fere,
685 2485 932 2541 equitaturis
967 2485 1172 2541 maxime,
1213 2484 1469 2540 defecerant,
1509 2497 1605 2528 cum
1635 2483 1760 2528 Turci
1787 2497 1863 2542 pe-

162 2573 227 2605 oct.
243 2575 282 2605 26
307 2566 446 2609 destre
475 2563 638 2620 vulgus,
670 2562 781 2620 quod
809 2562 1038 2606 exercitum
1059 2563 1176 2619 sequi
1195 2561 1408 2619 nequibat,
1437 2561 1636 2606 invadere
1656 2564 1698 2606 et
1717 2561 1864 2607 cedere

306 2656 390 2686 non
427 2641 658 2686 cessabant.
705 2639 792 2684 Nos
830 2640 964 2683 vicem
999 2639 1144 2697 populi
1174 2638 1403 2684 deficientis
1434 2642 1476 2683 et
1504 2642 1593 2683 tam
1623 2653 1700 2684 sua
1726 2642 1863 2685 morte

308 2733 433 2777 quam
478 2719 643 2775 sagittis
687 2718 871 2762 hostium
914 2717 1128 2774 pereuntis
1174 2717 1382 2773 dolentes,
1431 2719 1581 2772 rogatu
1623 2717 1863 2775 principum

308 2798 494 2842 omnium
532 2800 574 2841 et
608 2796 812 2841 baronum
851 2794 904 2838 ad
940 2808 1057 2861 mare
1096 2794 1147 2838 de
1176 2798 1291 2839 terra
1318 2793 1393 2838 illa
1422 2794 1588 2839 deserta
1616 2795 1861 2852 exercitum,

403 2896 430 2917 ι.
457 2886 580 2917 iteneris
601 2898 626 2916 c.

403 2945 436 2980 1.
464 2944 554 2980 1147
578 2943 656 2981 Oct.
677 2943 733 2979 15.
757 2941 804 2979 V.
828 2941 961 2978 librum
986 2951 1105 2978 meum
1130 2941 1177 2978 de
1202 2940 1369 2978 Conrado
1392 2940 1448 2978 111
1471 2950 1568 2988 rege,
1592 2951 1630 2987 p.
1648 2942 1727 2979 131.
