1924 3288
299 197 386 240 358
745 207 943 237 wmALm
970 205 1221 238 nms'romn
1248 205 1320 237 aas.
1340 206 1412 237 289.

185 307 277 344 1150
300 303 438 348 visum
469 307 533 347 est
561 302 696 357 nobis,
733 301 935 345 directam
965 301 1218 358 peticionem
1249 314 1302 345 ex
1330 314 1511 358 persona
1539 301 1699 346 domini
1725 303 1860 347 nostri

298 381 411 437 regis
441 380 643 435 scribere,
674 392 750 436 pro
782 393 830 423 eo
862 378 972 436 quod
1002 378 1278 436 principalem
1310 378 1598 424 excellentiam
1626 392 1713 424 nou
1739 378 1862 424 'clevet

298 458 374 502 illa
401 457 631 516 postulare,
662 470 769 513 quae
800 457 882 500 sibi
910 457 1002 500 iure
1031 457 1178 512 negari
1206 455 1408 500 valeant·.
1471 456 1688 514 Siquidem
1714 455 1862 502 sancta

299 539 434 580 mater
463 538 609 578 nostra
627 534 818 578 Romana
849 534 1050 579 aeeclesia
1080 548 1207 592 super
1235 537 1400 591 petram
1430 534 1606 579 fundata
1633 533 1861 590 leges'a‘se

299 614 487 658 conditas
507 624 772 669 nequaquam
801 612 980 656 destruit
1007 625 1086 656 nec
1110 611 1393 669 repugnantia·
1409 611 1547 668 aliquo
1565 612 1862 670 modosaneit,

297 691 397 734 licet
432 690 599 734 decreta
629 703 705 734 sua
733 703 811 747 pro
841 693 1078 747 temporum
1107 689 1331 745 varietate,
1368 702 1446 747 pro
1475 688 1663 734 locorum
1691 688 1862 748 oportu-

298 769 445 823 nitate,
475 781 553 825 pro
583 781 726 812 rerum
757 771 800 811 et
827 780 1103 824 personarum
1135 767 1337 823 qualitate
1367 767 1611 824 dispensare
1641 780 1693 812 ac
1717 767 1862 812 mode-

298 846 398 901 rari,
430 849 474 890 et
503 846 623 902 quasi
653 845 951 889 detrimentum
979 845 1071 902 pati
1095 845 1370 889 consueverit.
1411 844 1508 888 Non
1527 857 1626 900 ergo
1645 845 1863 890 mandabit

298 937 433 980 neque
464 921 740 978 confirmabit,
771 926 819 966 ut
847 923 893 966 in
924 922 1084 966 duabus
1115 922 1388 978 dignitatibus
1419 936 1506 966 una
1533 914 1715 980 persona
1733 922 1864 967 subli-

298 1005 457 1055 metur3
484 1004 561 1056 set,
585 1013 680 1044 eum
701 1001 792 1045 sine
813 1000 983 1057 querela
1000 1000 1158 1044 factum
1176 999 1318 1055 fuerit,
1338 1000 1418 1043 hoc
1437 1013 1492 1044 ex
1510 1003 1688 1057 paterna
1707 1000 1862 1045 disere-

298 1079 412 1123 tione
449 1077 742 1122 dissimulabit.
804 1077 985 1123 Credere
1021 1091 1147 1135 super
1176 1077 1255 1121 hoc
1283 1077 1404 1121 nobis
1434 1077 1634 1135 potestis,
1670 1090 1756 1122 non
1782 1090 1862 1135 pro

298 1157 456 1201 noticia
501 1169 730 1212 canonum,
777 1158 842 1200 set
883 1169 960 1213 pro
1001 1169 1127 1199 sensu
1165 1158 1208 1199 et
1246 1153 1430 1199 efficacia
1466 1155 1859 1213 experimentorum·

299 1234 557 1278 Rethoricati
587 1247 730 1277 sumus
759 1234 806 1277 in
834 1230 1011 1277 litteris¹
1040 1233 1199 1276 domini
1227 1233 1363 1276 nostri
1391 1233 1515 1289 regis,
1547 1233 1646 1291 quia
1671 1232 1861 1289 negando

301 1311 600 1356 affirmavimus
632 1314 674 1355 et
702 1325 787 1355 non
806 1311 992 1367 rogando
1017 1310 1277 1366 rogavimus3
1310 1324 1413 1367 quas
1432 1311 1526 1355 ideo
1546 1310 1665 1355 vobis
1684 1309 1862 1355 necdum

301 1390 566 1445 consignatas
596 1389 927 1444 transmisimus,
964 1391 1012 1431 ut
1040 1387 1233 1446 possitis,
1272 1387 1310 1431 si
1338 1387 1566 1445 placuerit,
1606 1387 1659 1432 de
1688 1387 1862 1432 artificio

300 1471 443 1511 nostro
475 1467 655 1523 quedam
683 1467 928 1522 immutare,
969 1466 1122 1510 addere
1151 1464 1219 1509 vel
1248 1465 1449 1510 minuere.
1510 1465 1672 1522 Vivite,
1711 1468 1754 1510 et
1785 1479 1863 1510 nos

301 1544 475 1599 diligite.
591 1543 802 1587 Adducite
831 1543 886 1587 ad
915 1543 1074 1587 curiam
1104 1543 1320 1587 vobiscum
1349 1543 1560 1588 modicum
1589 1543 1763 1588 fratrem
1791 1556 1863 1588 ve-

302 1624 437 1666 strum
466 1620 751 1666 Erleboldum.

307 1786 425 1833 239.
456 1789 669 1831 Com-adue
687 1786 764 1831 III
781 1802 858 1830 rex
877 1787 1068 1844 Euqenio
1090 1785 1166 1830 ΙΠ
1178 1802 1324 1844 papae
1354 1788 1405 1831 de
1428 1789 1723 1847 praepositura
1741 1787 1863 1833 Xan·

454 1867 556 1909 tensi
587 1866 627 1908 T
622 1865 812 1908 hiebaldo
850 1865 1000 1907 collata
1033 1866 1193 1921 yratias
1230 1866 1326 1923 ayit.
1386 1865 1506 1916 Petit,
1534 1872 1581 1908 ut
1609 1866 1782 1908 eundem
1810 1866 1863 1909 ab

452 1943 640 1986 Amoldo
662 1942 969 2000 archiepiscopo
993 1942 1222 1985 Coloniensi
1241 1949 1426 1998 tueatur5
1442 1942 1681 2001 faveatque,
1701 1943 1739 1986 si
1747 1941 1864 2000 sorte

455 2022 577 2064 etiam
607 2020 693 2062 alia
724 2020 891 2062 ecclesia
922 2020 1052 2062 eidem
1083 2019 1294 2078 offeratur.
1355 2021 1487 2063 Addit
1514 2020 1566 2064 de
1597 2018 1762 2073 ottone,
1793 2020 1867 2078 qui

455 2098 599 2141 clerico
629 2112 776 2140 nasum
806 2098 1064 2140 truncaverit.
1649 2094 1721 2150 (Μ.
1747 2096 1869 2153 181.)1

191 2192 285 2229 1150
424 2185 708 2230 Dilectissimo
738 2185 784 2228 in
804 2183 969 2229 Christo
995 2185 1110 2243 patri
1129 2199 1203 2230 suo
1223 2185 1446 2242 E(ugenio)
1467 2187 1635 2229 sanctae
1652 2184 1864 2231 Romanae

308 2263 533 2308 aecclesiae
571 2275 733 2306 summo
770 2261 958 2319 pontifici
996 2262 1247 2317 G(onradus)
1284 2262 1366 2307 Dei
1409 2262 1547 2318 gratia
1581 2261 1864 2307 Romanorum

307 2356 383 2386 rex
422 2344 465 2385 et
502 2354 668 2397 semper
705 2344 906 2395 augustus
945 2340 1115 2385 filialem
1150 2354 1227 2398 per
1257 2341 1398 2384 omnia
1426 2339 1691 2384 dilectionem
1719 2345 1764 2384 et
1791 2339 1863 2384 de-

308 2420 440 2464 bitam
469 2419 514 2462 in
543 2417 725 2461 Domino
754 2418 1044 2462 reverentiam.
1840 2470 1841 2474 Ἰ

428 2495 606 2540 Gratum
634 2495 755 2539 nobis
778 2495 899 2539 valde
930 2499 995 2539 est
1024 2499 1067 2541 et
1094 2496 1141 2539 in
1170 2498 1329 2540 secreto
1359 2493 1495 2539 cordis
1524 2494 1659 2538 nostri
1687 2495 1863 2539 memori

310 2573 592 2620 benivolentia
635 2572 901 2628 collocatum,
947 2574 1059 2630 quod
1103 2573 1297 2617 dilectum
1344 2571 1635 2629 cappellanum
1672 2574 1862 2616 nostrum

312 2652 585 2697 Thiebaldum
620 2663 698 2708 pro
727 2653 896 2694 nostrae
925 2650 1159 2695 dilectionis
1190 2653 1232 2694 et
1261 2649 1569 2694 intercessionis
1598 2651 1790 2706 respectu
1817 2648 1863 2692 in

311 2729 518 2774 Xantensi
546 2727 811 2786 prepositura
839 2729 1104 2784 provexistis.
1158 2727 1342 2782 Dignum
1373 2726 1483 2771 enim
1514 2729 1556 2770 et
1584 2726 1741 2770 iustum
1771 2739 1862 2770 esse

314 2808 580 2862 arbitramur,
607 2805 658 2860 si,
687 2804 1029 2862 predecessorum
1055 2808 1289 2850 vestrorum
1319 2817 1368 2848 ac
1395 2807 1646 2859 nostrorum,
1676 2803 1861 2848 virorum

408 2923 435 2944 ⁸-
462 2914 507 2944 εἰσ
528 2923 566 2942 ex
587 2911 715 2942 debeant
736 2917 894 2941 correctum
916 2917 960 2941 a!
981 2913 1011 2941 in
1033 2911 1102 2941 cod.

408 2971 442 3006 1.
466 2970 512 3007 V.
529 2979 610 3006 eam
633 2978 728 3014 quae
751 2967 917 3014 sequitur
939 2968 1132 3014 epistolam
1156 2968 1238 3004 239.
