1924 3288
305 186 393 230 442
747 202 944 233 wmALm
972 202 1220 235 ims'romn
1247 203 1317 234 313.
1341 203 1413 234 314.

83 294 175 330 1150
188 306 235 352 5³¹·
251 313 283 318 -
306 294 647 352 quandocumque
668 295 722 339 ad
740 295 843 340 haec
863 310 1073 354 apponere
1092 298 1278 342 animum
1292 302 1435 343 vestra
1453 298 1617 344 curabit
1630 298 1861 358 diligentia,

82 343 171 378 1151
185 354 228 376 m.
306 385 356 415 ea
383 372 502 417 vobis
534 373 860 418 amministrabit
889 375 1056 431 caritas,
1093 389 1198 432 quae
1228 376 1273 420 in
1302 377 1436 420 ruinis
1466 376 1665 422 ecclesiae
1692 379 1863 424 nostrae

303 451 577 495 resarciendis
610 451 766 508 absque
795 452 980 507 graviori
1009 453 1248 498 discrimine
1278 467 1445 498 omnem
1467 454 1772 500 benivolentiae
1788 469 1862 501 vo-

303 532 415 573 strae
431 542 596 586 semper
613 529 938 574 amministravit
951 532 1127 589 copiam.
1152 531 1492 576 Ministerialium
1505 546 1606 578 vero
1620 537 1862 581 nostrorum

302 606 598 662 negligentiam
630 610 672 651 et
699 607 995 652 advocatorum
1014 609 1294 666 insolentiam,
1326 624 1452 667 quam
1473 611 1576 655 satis
1597 611 1703 657 aluit
1720 615 1862 658 vostra

301 684 512 728 interdum
543 699 569 728 a
597 685 717 729 nobis
749 686 995 744 absentatio,
1027 701 1111 731 non
1141 701 1293 745 parum
1322 689 1524 746 reprimet
1553 693 1596 734 et
1625 690 1861 736 cotidianus

301 766 443 807 noster
463 762 619 807 clamor
642 767 684 807 et
706 765 942 821 presentiae
961 768 1124 809 vestrae
1147 765 1384 809 diuturnior
1404 766 1642 812 assiduitas.
1687 767 1797 813 Nam

479 840 610 885 Gutta
638 845 759 886 cavat
786 841 983 900 lapidem,
1014 856 1098 886 non
1127 843 1184 899 vi,
1215 844 1290 887 sed
1319 857 1419 901 sepe
1449 843 1692 890 cadendo·¹.

300 918 417 970 Quod
450 922 590 963 autem
609 918 758 964 Meldis
790 920 842 964 de
872 920 1134 965 ordinatione
1153 920 1416 966 Gorbeiensis
1448 921 1647 968 ecclesiae
1675 936 1745 968 me
1762 937 1864 982 pro*

301 999 417 1040 sente
448 999 588 1040 actum
618 998 693 1053 sit,
730 998 882 1042 nescio.
944 997 1072 1054 Nam,
1113 999 1151 1042 si
1181 999 1319 1057 sapio,
1349 999 1394 1043 id
1424 1000 1535 1057 quod
1565 1001 1650 1045 seio
1679 998 1858 1046 nescio'.

298 1073 452 1118 Levius
484 1078 623 1119 autem
655 1076 786 1133 sopiri
816 1075 951 1120 solent
979 1076 1066 1132 illa,
1098 1090 1204 1133 quae
1234 1077 1311 1121 sub
1332 1078 1471 1135 specie
1489 1078 1660 1136 pietatis
1681 1079 1736 1123 ad
1753 1092 1859 1137 pau·-

298 1155 507 1210 pertatem
535 1153 726 1209 redeunt,
757 1167 883 1210 quam
913 1168 975 1210 ea,
1007 1168 1113 1211 quae
1144 1155 1220 1199 sub
1249 1156 1419 1200 nomine
1447 1155 1659 1202 felicitatis
1678 1157 1859 1203 tenuita-

298 1234 385 1274 tem
421 1244 563 1275 rerum
601 1232 776 1275 summis
813 1232 973 1276 divitiis
1009 1236 1266 1276 commutare
1293 1233 1528 1278 intendunt.
1648 1233 1858 1292 Ceterum,

298 1312 418 1366 pater
453 1309 759 1366 amantissime,
798 1313 846 1353 ut
877 1310 930 1354 ad
960 1324 1028 1366 ea,
1067 1324 1174 1367 quae
1202 1311 1402 1355 fratribus
1432 1313 1478 1355 in
1507 1324 1727 1357 commune
1755 1313 1860 1357 scri-

297 1387 463 1444 psistis,
509 1387 692 1431 breviter
735 1388 1033 1445 respondeam,
1078 1388 1192 1432 nullo
1229 1389 1352 1432 modo
1388 1390 1658 1446 paternitatis
1694 1394 1861 1436 vestrae

297 1464 611 1521 gubernatione,
642 1465 758 1509 nulla
786 1467 949 1510 ratione
978 1466 1277 1510 moderationis
1296 1470 1462 1511 vestrae
1490 1467 1695 1523 regimine
1715 1481 1859 1513 cai-ero

298 1542 489 1586 volumus
522 1546 594 1586 aut
615 1557 857 1600 possumus3
890 1557 984 1587 cum
1004 1544 1050 1587 in
1068 1544 1147 1588 hoc
1166 1544 1482 1588 convenerimus
1502 1548 1546 1589 et
1563 1543 1695 1590 fixum
1715 1549 1858 1592 tenea-

297 1634 404 1676 mus,
438 1621 549 1677 quod
577 1622 717 1678 potius
749 1635 796 1666 eo
826 1622 919 1679 ipso
947 1622 1112 1665 modico
1142 1621 1352 1678 thesauro,
1384 1621 1480 1678 qui*
1511 1623 1623 1680 apud
1650 1637 1728 1667 nos
1756 1626 1856 1681 est·,

297 1712 439 1743 carere
459 1698 650 1756 velimus,
672 1713 797 1756 quam
818 1700 895 1743 sub
913 1699 1038 1743 titulo
1059 1699 1231 1744 alterius
1252 1699 1451 1744 ecclesiae
1469 1713 1674 1758 personae
1692 1704 1858 1747 vestrae

296 1777 484 1832 regimen
515 1777 719 1821 amittere.
765 1777 914 1833 Quare,
945 1780 1080 1834 pater,
1111 1791 1161 1821 ea
1190 1777 1363 1835 speciali
1393 1776 1656 1835 confidentia,
1686 1792 1770 1836 qua
1787 1793 1861 1826 me

297 1869 463 1912 semper
492 1853 626 1899 filium
655 1868 804 1899 vocare
835 1855 1123 1911 consuevistiS,
1154 1855 1456 1911 benignitatem
1482 1859 1667 1901 vestram
1697 1859 1857 1902 attente

297 1933 482 1989 obsecro,
513 1946 567 1978 ne
595 1947 672 1976 nos
704 1947 830 1991 super
859 1933 938 1977 hoc
956 1933 1083 1977 verbo
1113 1933 1226 1976 ultra
1254 1934 1502 1991 perturbare
1530 1934 1772 1991 intendatis,
1800 1949 1856 1980 ne

295 2011 461 2054 ruinam
492 2014 534 2055 et
563 2011 864 2056 desolationem
893 2011 988 2066 loci,
1021 2025 1144 2067 quem
1170 2010 1407 2068 edificastis,
1439 2011 1550 2068 quod
1570 2012 1693 2069 absit,
1724 2012 1854 2057 oculis

296 2089 580 2146 corporalibus
610 2090 655 2133 in
684 2089 802 2134 brevi
831 2088 1022 2133 videatis.

299 2224 414 2272 314.
439 2227 650 2270 Wibaldus
667 2226 969 2270 stabulensium
989 2242 1228 2284 responsum
1241 2227 1564 2285 praecipitatum
1582 2226 1853 2285 reprehendit.

442 2298 639 2350 Mandat,
679 2305 724 2340 ut
761 2298 811 2340 de
849 2298 1091 2355 deponenda
1127 2298 1293 2341 abbatia
1324 2305 1362 2340 et
1389 2297 1788 2342 Malmvmdarienses
1817 2305 1855 2342 et

442 2370 567 2412 laicos
598 2369 788 2411 ecelesiae
817 2369 861 2410 in
893 2369 1103 2411 consilium
1134 2368 1365 2412 adhibeant.
1639 2367 1711 2420 (Μ.
1734 2367 1853 2423 297.)

72 2472 165 2508 1150
180 2483 224 2503 ει.
240 2488 271 2492 -
413 2456 666 2502 Reverendis
701 2456 746 2499 in
777 2455 942 2500 Christo
972 2457 1172 2501 fratribus
1202 2460 1244 2501 et
1274 2456 1453 2500 dominis
1483 2456 1698 2512 R(oberto)
1729 2471 1852 2502 vene-

73 2520 162 2556 1151
178 2522 220 2552 ³¹¹·
296 2537 420 2582 rabili
449 2537 606 2581 decano
632 2537 674 2578 et
694 2534 842 2578 ceteris
865 2534 1123 2580 Stabulensis
1153 2534 1376 2579 aecclesiae
1402 2533 1500 2579 filiis
1529 2534 1659 2579 frater
1677 2533 1852 2589 W(ibal-

296 2616 390 2670 dus)
421 2614 502 2658 Dei
531 2612 669 2670 gratia
698 2611 762 2667 id,
794 2612 904 2668 quod
935 2613 1073 2677 est-in
1105 2612 1304 2657 aecclesia
1333 2612 1558 2670 catholica,
1588 2612 1732 2669 magni
1754 2626 1852 2658 con-

296 2693 380 2738 silii
412 2691 619 2748 angelum.

394 2786 420 2807 a.
449 2776 534 2814 gutta
555 2784 581 2805 c.
602 2774 623 2804 l.
643 2775 673 2805 ἶι.
695 2773 724 2803 vi
747 2782 781 2803 .s.
804 2773 872 2803 cod.
955 2773 984 2803 b.
1007 2773 1087 2812 quod
1110 2785 1134 2803 c.
1219 2782 1244 2803 c.
1273 2774 1321 2803 est
1340 2783 1397 2803 om.
1418 2772 1487 2803 cod.

392 2835 426 2870 1.
451 2831 507 2870 ef.
524 2831 629 2869 Ovid.
646 2831 754 2868 Pont.
771 2830 805 2875 4,
823 2830 881 2865 10.
897 2829 937 2865 5:

598 2891 713 2928 Gutta
735 2893 842 2926 cavat
866 2889 1035 2935 lapidem,
1062 2889 1287 2926 consumitur
1310 2889 1440 2925 anulus
1463 2899 1545 2925 usu.

298 2954 331 2989 2.
357 2951 521 2988 Terentii
545 2949 715 2987 Eunuchi
741 2949 803 2987 IV.
826 2949 860 2995 4,
883 2949 942 2985 53.
962 2950 1027 2986 54;
1058 2950 1135 2996 „Tu
1158 2949 1238 2995 pol,
1268 2949 1299 2986 si
1324 2948 1442 2995 sapis,
1474 2947 1573 2994 quod
1596 2947 1670 2986 scis
1691 2946 1849 2987 nescis“.
