1924 3288
580 216 779 247 wmALm
807 214 1027 247 nmswonA
1056 214 1127 245 250.
1547 203 1632 246 373

71 311 293 357 consilium
313 311 507 369 quesivit,
529 287 708 368 qualiter
727 311 936 355 Fuldense
955 310 1256 354 monasterium
1276 310 1336 354 sic
1355 309 1445 354 Deo
1467 314 1636 354 auctore
1667 313 1760 350 1150

71 390 304 446 ordinaret,
346 390 541 447 quatinus
581 389 758 445 ibidem,
800 403 880 446 que
911 388 991 432 Dei
1022 391 1120 432 sunt
1150 388 1240 432 Deo
1272 391 1314 432 et
1344 402 1450 446 quae
1481 389 1635 432 cesaris
1658 363 1761 404 Apr.a

71 470 170 513 sunt
197 468 332 512 cesari
360 467 647 512 redderentur.
710 467 958 511 Dubitatum
991 471 1055 510 est
1085 467 1177 522 diu,
1214 469 1262 510 ut
1303 467 1349 510 in
1377 466 1531 510 talibus
1561 480 1635 510 ne·-

70 546 201 602 gociis
232 545 357 601 solet,
393 546 578 589 maxime
606 548 780 603 propter
809 545 964 588 multas
994 545 1040 588 in
1070 544 1187 589 brevi
1217 547 1406 602 tempore
1437 545 1635 589 abbatum

70 623 323 668 mutationes
361 626 403 667 et
440 626 614 681 propter
652 623 837 680 partium
877 623 1018 666 studia
1056 626 1099 667 et
1135 623 1436 679 dissensiones,
1476 637 1556 680 que
1589 622 1635 666 in

70 701 217 747 eodem
253 701 507 746 monasterio
546 700 680 744 adhuc
716 701 878 744 fervere
913 701 1204 744 noscebantur.
1277 699 1500 758 Suspensis
1536 714 1634 757 ergo

71 779 276 836 omnibus,
309 779 417 822 dixit
447 779 623 823 domnus
654 792 744 834 rex,
777 779 987 835 quandam
1017 779 1097 822 sibi
1127 792 1351 836 personam
1383 793 1408 822 a
1436 779 1539 823 viris
1567 793 1634 823 re-

69 857 229 914 ligiosis
269 871 360 901 esse
400 860 612 901 ostensam
650 856 749 901 boni
787 857 1018 901 testimonii
1058 860 1100 900 et
1134 856 1323 912 integrae
1358 857 1515 914 famae,
1555 871 1636 915 que

69 949 161 980 rem
179 935 387 979 modicam
408 935 610 991 religione
625 935 958 992 possessionibus
975 938 1017 978 et
1033 933 1207 979 edificiis
1222 935 1420 979 nobiliter
1436 936 1635 992 auxisset,

71 1013 123 1058 de
153 1013 270 1058 cuius
299 1013 458 1071 pietate
489 1016 531 1057 et
559 1011 642 1056 fide
673 1016 805 1073 atque
828 1013 1068 1056 constancia
1096 1026 1361 1070 nequaquam
1381 1013 1635 1070 dubitarent,

72 1092 173 1149 quin
191 1091 391 1135 Fuldensi
423 1091 648 1135 aecclesiae
680 1094 722 1134 et
750 1104 919 1148 preesse
952 1094 993 1134 et
1023 1091 1222 1147 prodesse
1253 1095 1415 1148 posset3
1447 1092 1493 1134 in
1517 1091 1634 1135 cuius

70 1183 274 1228 personae
305 1169 505 1213 electione
536 1170 573 1213 si
604 1169 789 1212 omnium
817 1171 917 1212 vota
947 1169 1267 1225 concordarent,
1306 1169 1396 1213 fore
1426 1169 1472 1213 in
1502 1170 1634 1226 brevi,

71 1251 120 1292 ut
147 1260 243 1292 cum
272 1261 348 1291 suo
379 1247 638 1291 clementiori
670 1250 711 1291 et
740 1246 1004 1304 propensiori
1032 1247 1267 1304 patrocinio
1289 1246 1511 1292 Fuldensis
1543 1261 1635 1292 aec-

71 1325 200 1371 clesia
246 1325 475 1383 pristinum
519 1339 619 1369 suae
667 1325 884 1380 dignitatis
929 1324 1131 1368 honorem
1174 1325 1394 1383 reciperet.
1471 1325 1636 1370 Placuit

73 1404 265 1449 omnibus
303 1405 374 1461 qui
405 1404 580 1448 aderant
607 1406 697 1447 tam
726 1403 799 1460 pia
827 1403 938 1458 regis
971 1403 1157 1459 devotio,
1195 1406 1284 1447 tam
1314 1403 1512 1459 religiosa
1541 1418 1635 1448 sen-

70 1482 228 1537 tencia3
269 1485 310 1526 et
347 1482 556 1540 perlatum
592 1485 656 1525 est
683 1481 859 1525 verbum
888 1481 1021 1538 ipsius
1053 1481 1107 1524 ad
1138 1481 1337 1525 electores
1370 1496 1395 1526 a
1424 1482 1636 1539 prenomi-

71 1561 182 1605 natis
213 1560 419 1618 episcopis
450 1563 492 1604 et
522 1560 574 1604 ab
597 1559 852 1604 Eberacensi
883 1562 925 1603 et
945 1557 1370 1603 Hathelesburnensi¹
1400 1560 1635 1616 abbatibus,

73 1653 98 1683 a
126 1638 247 1683 nobis
278 1638 411 1682 eciam
434 1641 476 1682 et
496 1638 548 1682 ab
570 1638 663 1681 aliis
683 1637 956 1695 principibus.
1000 1637 1131 1689 Quem
1153 1651 1402 1694 sermonem,
1434 1642 1637 1695 tanquam

73 1716 273 1761 divinitus
302 1716 500 1772 missum,
539 1717 635 1773 pari
665 1729 869 1759 consensu
900 1718 942 1759 et
970 1715 1162 1758 unanimi
1192 1719 1288 1759 voto
1321 1730 1464 1760 omnes
1497 1730 1635 1761 susce-

72 1797 246 1853 perunt,
285 1807 520 1850 nomenque
550 1793 653 1849 viri,
695 1794 767 1850 qui
803 1796 921 1836 tanto
952 1792 1088 1836 laudis
1121 1796 1163 1837 et
1192 1793 1398 1851 principis
1437 1794 1635 1851 suffragio

72 1874 299 1928 iuvaretur,
321 1872 403 1916 sibi
424 1871 578 1928 exponi
596 1870 855 1926 flagitabant.
888 1871 952 1914 Ita
968 1870 1122 1914 celebri
1138 1875 1382 1915 cunctorum
1399 1873 1637 1917 coniventia

74 1951 288 2007 elegerunt
324 1950 368 1993 in
407 1949 601 1993 abbatem
641 1952 683 1993 et
717 1952 923 1993 rectorem
961 1949 1196 1992 animarum
1228 1963 1398 1993 suarum
1430 1954 1472 1994 et
1502 1951 1635 1994 domi-

73 2043 174 2074 num
193 2027 412 2072 Fuldensis
435 2026 599 2071 abbatie
619 2027 818 2070 domnum
834 2026 1153 2082 Marcwardum,
1176 2026 1370 2071 abbatem
1389 2029 1636 2072 monasterii

75 2107 126 2151 de
156 2102 408 2161 Tekkinge²,
441 2105 512 2161 qui
542 2105 680 2148 fuerat
707 2105 891 2148 nutritus
923 2107 966 2148 et
996 2104 1194 2148 educatus
1226 2118 1251 2147 a
1279 2119 1410 2162 puero
1440 2106 1486 2149 in
1515 2119 1634 2149 mon-

76 2184 228 2228 asterio
259 2183 393 2227 sancti
415 2181 659 2226 Michahelis
689 2182 735 2226 in
764 2185 905 2226 monte
934 2183 980 2225 in
1010 2182 1180 2226 civitate
1199 2181 1442 2227 Babenberc
1473 2187 1515 2228 et
1545 2184 1637 2229 sine

75 2261 244 2318 querela
283 2264 564 2305 conversatus.
632 2259 800 2304 Prefato
839 2263 979 2304 autem
1018 2261 1272 2304 monasterio
1311 2275 1385 2304 suo
1420 2263 1636 2319 prefuerat

76 2340 196 2384 annis
235 2342 326 2383 octo
337 2335 365 2394 ³,
402 2338 690 2382 testimonium
728 2338 885 2382 habens
917 2338 1046 2382 etiam
1078 2338 1128 2381 ab
1159 2338 1247 2394 his,
1286 2339 1358 2395 qui
1388 2340 1490 2383 foris
1522 2344 1633 2396 sunt,

76 2421 119 2462 et
146 2420 396 2475 provexerat
425 2420 513 2460 tam
543 2417 588 2459 in
619 2416 771 2459 divinis
804 2429 929 2472 quam
959 2415 1004 2458 in
1033 2415 1226 2460 humanis
1249 2417 1387 2461 rebus.
1431 2417 1511 2469 Qui
1532 2432 1632 2474 quo-

75 2496 190 2539 niam
221 2495 272 2539 ab
302 2495 389 2551 his,
423 2495 495 2551 qui
526 2508 620 2538 eum
651 2494 797 2537 intime
827 2497 1052 2549 noverunt,
1083 2493 1312 2551 plurimum
1341 2494 1558 2550 laudatur,
1591 2499 1634 2539 et

75 2587 160 2617 non
196 2572 331 2616 solum
370 2572 518 2616 absens
559 2575 623 2616 set
653 2572 780 2615 etiam
809 2571 1006 2626 ignorans
1038 2570 1194 2616 electus
1225 2575 1307 2627 est,
1349 2575 1390 2615 et
1418 2573 1540 2616 valde
1568 2573 1632 2616 in-

75 2651 186 2695 vitus
216 2654 259 2694 et
287 2650 515 2708 plurimum
546 2649 730 2693 renitens
761 2648 839 2692 hoc
869 2662 973 2693 onus
1005 2650 1144 2693 subire
1175 2649 1413 2706 compulsus
1445 2653 1527 2705 est,
1560 2650 1633 2693 ad-

77 2728 268 2772 hortante
306 2729 408 2772 satis
447 2728 614 2771 domino
654 2729 797 2770 nostro
835 2741 932 2783 rege
968 2730 1010 2771 et
1040 2727 1148 2772 bona
1179 2727 1259 2770 sibi
1289 2727 1560 2783 promittente
1592 2730 1634 2771 et

78 2806 382 2863 quodammodo
420 2809 612 2862 cogente,
651 2807 796 2848 nostra
835 2818 996 2862 quoque
1031 2804 1219 2863 parvitas
1251 2807 1433 2848 vestram
1465 2804 1631 2849 celsitu—

79 2883 219 2927 dinem
248 2883 395 2928 intime
425 2897 572 2939 rogare
602 2896 706 2926 ausu
737 2885 904 2926 sanctae
934 2882 1120 2927 caritatis
1151 2883 1376 2940 presumit,
1407 2885 1454 2926 ut
1483 2896 1632 2928 sanare

174 2971 206 3007 1.
231 2970 433 3009 Rabotone.
527 2972 560 3007 2.
586 2970 704 3007 dioec.
723 2969 978 3019 Augustensis.
1075 2971 1108 3007 3.
1135 2969 1395 3012 1142-1150,
