1924 3288
592 217 791 248 wmALm
819 215 1039 248 EPISTOLA
1071 215 1140 246 150.
1554 203 1640 247 249

82 314 181 359 dam
199 312 313 358 ‘iuris
343 313 551 357 rationem
580 312 827 370 pretendere
857 312 1035 356 videtur.
1084 310 1158 356 Set
1180 310 1445 356 inbecillitati
1474 314 1643 356 nostrae
1669 313 1760 351 1149

80 400 344 451 nequaquam
373 391 533 435 iustum
563 391 652 435 sive
681 390 918 447 legitimum
950 393 1022 434 aut
1050 389 1243 446 regulare
1274 389 1480 446 creditur,
1510 393 1559 434 ut
1589 390 1643 434 ad

81 469 257 517 tutelam
293 470 458 526 redeat,
497 469 548 514 de
586 483 669 526 qua
705 468 835 514 semel
871 468 952 512 fuit
991 469 1277 525 emancipatus
1309 493 1363 498 —
1405 469 1642 526 emancipa-

79 549 238 594 tionem
274 562 375 593 vero
413 547 686 604 intelligimus
726 547 889 591 abbatis
928 547 1236 604 promotionem
1274 571 1330 578 --
1371 547 1469 604 quia
1505 547 1643 604 capite

81 627 312 672 diminutus
342 640 427 670 non
455 628 596 684 potest
624 624 718 669 fieri
746 625 933 680 legitime
963 621 1117 669 tutor*.
1173 624 1291 669 Sicut
1321 639 1419 682 ergo
1451 626 1477 670 a
1506 626 1642 682 digni-

80 708 168 750 tate
199 704 374 749 alicuius
404 704 650 762 prelationis
682 704 918 761 depositus,
957 703 1050 748 iure
1080 703 1172 759 cogi
1202 717 1286 747 non
1315 707 1475 762 potest,
1505 707 1554 748 ut
1582 704 1643 749 ibi

80 783 227 828 nolens
256 783 430 840 habitet,
461 783 534 827 ubi
563 782 733 841 prefuit,
765 781 826 825 sic
852 781 973 826 nobis
993 779 1161 825 videtur
1182 781 1426 826 aecclesiam
1447 783 1539 839 cogi
1558 797 1643 827 non

79 875 218 920 posse,
247 865 296 906 ut
325 861 561 919 depositum
592 874 733 916 suum,
765 873 851 903 non
881 860 1058 903 dicimus
1090 859 1188 916 alat,
1226 863 1290 904 set
1318 861 1364 904 in
1395 875 1495 905 suae
1524 861 1642 906 habi-

78 940 251 984 tationis
288 939 522 998 penetralia
558 952 655 983 cum
690 938 915 982 formidine
944 938 1077 982 futuri
1108 938 1295 982 scandali
1325 939 1522 996 recipiat,
1559 940 1643 984 nisi

78 1018 187 1063 forte
217 1018 310 1076 quis
349 1031 449 1062 suae
486 1017 759 1075 depositionis
798 1017 1056 1061 sentenciam
1085 1017 1301 1075 pacienter
1330 1017 1440 1062 ferat
1477 1021 1539 1074 et,
1577 1033 1643 1063 re-

79 1110 226 1142 versus
264 1110 359 1141 cum
397 1096 648 1141 adversariis
685 1096 744 1139 inv
771 1095 1056 1152 concordiam,
1081 1095 1149 1138 Ι111
1188 1095 1401 1140 electionis
1440 1110 1644 1141 consensu

81 1174 203 1220 illum
233 1178 420 1231 arroget,
460 1178 585 1232 quem
614 1176 763 1232 postea
798 1176 963 1231 patrem
1002 1176 1044 1217 et
1081 1176 1263 1218 tutorem
1294 1174 1450 1232 absque
1482 1179 1645 1219 contra-

83 1254 278 1298 dictionis
309 1252 522 1298 obstaculo
549 1252 703 1297 habere
725 1252 876 1296 valeat.
923 1251 999 1296 Ille
1018 1255 1158 1297 vester
1178 1252 1337 1297 duabus
1360 1253 1644 1311 electionibus,

83 1346 191 1390 quae
219 1334 316 1390 post
346 1331 651 1390 depositionem
682 1345 803 1375 suam
823 1331 1048 1375 canonicae
1074 1331 1351 1375 institutionis
1372 1332 1518 1376 ordine
1538 1333 1645 1388 cele-

83 1411 203 1455 brate
233 1413 344 1467 sunt,
375 1423 453 1454 nec
482 1410 675 1454 interfuit
704 1422 782 1453 nec
803 1409 1024 1467 acquievit,
1056 1412 1121 1453 set
1139 1409 1280 1466 potius
1307 1410 1575 1467 contradixit,
1607 1415 1649 1455 et

82 1503 215 1547 usque
243 1488 368 1533 hodie
398 1487 580 1534 clamare
617 1501 704 1531 non
735 1491 890 1544 cessat,
930 1501 975 1531 se
1010 1475 1140 1531 fuisse
1171 1487 1502 1532 circumventum
1533 1492 1575 1533 et
1604 1489 1648 1533 vi

84 1580 345 1626 oppressum,
377 1579 472 1610 cum
494 1569 636 1611 tamen
660 1569 702 1610 et
723 1566 927 1610 confessio
949 1566 1038 1610 eius
1061 1569 1102 1610 et
1123 1569 1413 1610 accusatorum
1434 1568 1647 1611 attestatio

84 1648 127 1690 et
156 1645 294 1703 operis
332 1645 466 1702 ipsius
504 1644 814 1701 inrefragabilis
855 1644 1068 1689 evidentia
1096 1645 1205 1689 iuste
1236 1645 1481 1689 damnatum
1511 1646 1647 1690 mani-

84 1724 190 1768 feste
221 1723 455 1768 ostendant.
518 1722 720 1767 Consulat
749 1723 851 1780 sibi,
887 1723 1109 1781 provideat
1138 1723 1269 1780 quieti
1299 1737 1420 1780 suae,
1460 1724 1649 1768 attendat

84 1803 180 1860 paci
210 1802 433 1846 fraternae.
480 1801 577 1845 Non
608 1804 671 1845 est
702 1801 741 1845 ei
770 1804 922 1858 tutum,
953 1815 1039 1845 non
1060 1804 1124 1846 est
1144 1802 1183 1846 ei
1202 1802 1437 1858 honestum,
1468 1816 1554 1846 non
1584 1806 1648 1847 est

87 1880 126 1924 ei
156 1878 390 1937 pacificum,
422 1879 468 1923 in
498 1879 622 1923 domo
652 1893 737 1923 una
765 1879 876 1923 inter
905 1893 1107 1937 personas
1135 1894 1239 1936 esse,
1272 1894 1378 1937 quae
1400 1884 1547 1936 agente
1567 1881 1648 1926 Dei

85 1958 240 2002 iudicio
272 1971 349 2002 sua
378 1957 642 2001 accusatione
681 1970 729 2001 ac
762 1956 1056 2002 testificatione
1094 1972 1187 2002 eum
1225 1959 1527 2017 deposuerunt,
1565 1960 1649 2004 nisi

85 2037 194 2081 forte
223 2036 268 2080 in
299 2036 438 2080 animo
461 2035 618 2098 ipsius,
655 2035 866 2079 soliditate
896 2036 1146 2080 humilitatis
1175 2037 1371 2094 fundato,
1411 2038 1648 2083 mundanae

86 2115 319 2159 altitudinis
351 2113 606 2158 desiderium
634 2114 803 2171 penitus
836 2118 1053 2158 excoctum
1083 2115 1150 2158 sit.

201 2226 221 2248 *
249 2227 295 2265 In
323 2228 488 2277 marqine
516 2226 688 2276 lequntur
715 2227 826 2264 haec:
853 2226 915 2265 Ex
933 2226 1033 2266 libro
1053 2225 1292 2278 digestorum
1311 2227 1473 2278 prim01.
1515 2228 1645 2269 Mode-

247 2298 373 2338 stinus
400 2297 501 2337 libro
531 2299 552 2335 1
581 2296 884 2347 pandectarum:
917 2298 1037 2337 Inviti
1064 2297 1136 2338 filii
1163 2300 1362 2339 naturales
1389 2301 1452 2340 vel
1479 2301 1647 2340 emanci-

246 2370 330 2421 pati
357 2380 435 2409 non
464 2368 695 2420 rediguntur
722 2369 763 2408 in
790 2369 959 2419 patriam
986 2372 1233 2420 potestatem.

326 2442 425 2481 Item
454 2452 502 2480 ex
531 2440 667 2480 eodem
677 2441 704 2479 ².
745 2441 939 2491 Ulpianus
957 2442 1058 2481 libro
1079 2444 1129 2482 14
1150 2443 1201 2482 ad
1220 2443 1427 2482 Sabinum:
1456 2443 1534 2492 Qui
1552 2444 1646 2483 libe-

247 2515 357 2553 ratus
384 2515 445 2552 est
461 2513 592 2564 patria
609 2514 817 2564 potestate,
845 2515 983 2563 postea
1009 2514 1050 2553 in
1069 2516 1302 2564 potestatem
1321 2514 1485 2555 honeste
1503 2515 1648 2555 reverti

247 2597 327 2624 non
354 2587 496 2637 potest,
524 2585 602 2624 nisi
629 2584 853 2634 adoptione.

327 2657 427 2696 Item
455 2669 504 2696 ex
530 2656 702 2696 eodem3.
744 2656 944 2706 Papianus
971 2656 1072 2696 libro
1091 2658 1142 2697 36
1170 2658 1439 2708 questionum:
1467 2659 1513 2697 In
1541 2658 1648 2698 omni

250 2728 346 2778 iure,
374 2727 487 2768 finita
513 2729 638 2779 patris
664 2730 878 2780 potestate,
909 2729 1057 2767 nullum
1085 2740 1134 2768 ex
1159 2729 1286 2779 primo
1314 2730 1504 2768 retinetur
1530 2730 1647 2769 vesti·

249 2800 367 2851 gium.
421 2801 602 2850 Denique
637 2802 677 2840 et
709 2799 840 2850 patria
883 2799 1055 2851 dignitas
1088 2800 1242 2850 quesita
1274 2812 1345 2851 per
1381 2801 1647 2854 adoptionem,

249 2870 361 2910 finita
388 2883 447 2923 ea,
475 2871 695 2922 deponitur.

186 2979 219 3014 1.
244 2948 364 3025 Dig.1
388 2981 415 3015 t.
433 2980 467 3015 e.
491 2979 516 3015 1.
536 2979 591 3015 11.
689 2981 723 3015 2.
748 2978 834 3025 Dig.
851 2978 869 3014 1
893 2981 920 3015 t.
938 2979 972 3015 7.
996 2978 1096 3015 1.12.
1191 2980 1225 3016 3.
1252 2980 1372 3027 Dig.1
1397 2983 1424 3017 t.
1443 2980 1475 3016 7.
1502 2980 1526 3017 1.
1545 2981 1599 3018 13.
