1924 3288
542 213 740 245 wmALm
767 212 1017 244 musa-omn
1045 211 1094 243 co.
1116 211 1165 242 61.
1550 197 1633 241 139

75 309 259 368 quietem
288 309 475 367 corporis
505 323 582 353 nos
612 308 841 353 habituros.
904 307 1024 352 Unde
1056 309 1099 351 et
1127 319 1314 362 oramus,
1356 309 1404 349 ut
1432 319 1517 349 non
1547 309 1633 349 tar·
1660 308 1751 344 1147

73 386 181 433 detis
203 387 347 432 venire
378 387 432 432 ad
462 387 681 443 diligentes
710 400 798 431 vos.
911 385 1110 442 Litteras,
1142 398 1245 442 quas
1275 384 1396 428 nobis
1426 397 1503 442 pro
1535 398 1633 441 syn-

74 465 165 511 odo'
182 465 372 521 misistis,
403 468 500 523 post
530 465 736 523 synodum
768 464 1017 522 accepimus,
1048 477 1144 508 cum
1171 466 1314 507 tamen
1343 465 1386 506 et
1408 463 1454 505 in
1475 461 1632 519 synodo

75 545 119 589 et
147 556 174 587 a
201 542 401 588 Kalendis
430 542 614 599 Augusti
652 542 792 600 sepius
831 543 876 586 in
906 545 1132 600 conspectu
1163 541 1361 585 ecclesiae
1389 539 1634 584 Leodiensis

74 620 127 667 de
149 620 356 666 Turnines
375 621 550 666 verbum
579 621 814 665 fecerimus.
904 620 970 664 De
999 619 1122 664 malis
1153 622 1291 664 terrae
1316 621 1486 663 nostrae
1504 617 1635 662 nichil

75 698 310 756 scribimus,
341 699 488 757 inopes
518 712 595 743 nos
626 699 748 756 copia
777 698 889 742 fecit.

78 871 160 919 61.
202 873 414 917 Wibaldus
443 872 636 931 Euymio
665 871 737 915 III
755 887 900 930 papae
929 872 1079 925 scribit,
1111 887 1154 914 se
1185 872 1325 914 audito
1359 872 1444 914 eius
1473 872 1518 914 in
1547 871 1636 914 Lo-

194 951 444 1008 tham'nqiam
489 951 666 994 adventu
712 952 1080 1008 appropinquasse.
1142 949 1273 991 Addit
1310 950 1361 991 de
1398 949 1638 992 liberatione

193 1029 421 1086 leyatorum
452 1030 510 1072 ad
539 1044 631 1072 eum
662 1029 854 1071 euntium.
1450 1025 1521 1079 (M.
1545 1026 1636 1080 44.)

194 1117 548 1162 Reverentissimo
585 1117 699 1175 patri
737 1130 811 1161 suo
844 1119 886 1160 et
916 1116 1084 1160 domino
1122 1115 1311 1171 Eugenio
1353 1116 1427 1158 uni
1465 1119 1507 1159 et
1543 1117 1637 1160 uni-

76 1195 231 1241 versali
265 1194 455 1253 pontifici
491 1195 623 1239 frater
649 1194 866 1239 Wibaldus
901 1194 981 1238 Dei
1013 1197 1055 1238 et
1083 1197 1226 1238 vestra
1256 1194 1393 1249 gratia
1422 1194 1487 1249 id,
1528 1194 1639 1251 quod

79 1277 144 1320 est
170 1274 216 1318 in
247 1273 448 1319 aecclesia
479 1273 695 1329 catholica,
727 1273 991 1316 devotionem
1020 1271 1099 1315 filii
1130 1275 1171 1315 et
1202 1272 1484 1316 obedientiam
1512 1273 1634 1316 servi.

195 1351 353 1396 Audito
379 1352 562 1396 adventu
580 1355 719 1395 vestro
742 1351 795 1394 ad
815 1354 958 1408 partes
978 1349 1277 1406 Lotharingiae
1290 1347 1312 1406 ¹,
1344 1350 1635 1394 festinavimus

77 1445 145 1476 res
185 1430 448 1474 Gorbeiensis
488 1430 659 1474 ecclesie
698 1429 892 1473 ordinare
935 1432 978 1472 et
1011 1432 1175 1472 vestrae
1212 1429 1427 1472 sanctitati
1463 1428 1639 1473 celerius

82 1521 314 1564 occurrere,
346 1508 542 1565 quatinus
571 1511 661 1552 tam
692 1508 742 1551 de
768 1521 950 1565 persona
968 1510 1114 1550 nostra
1134 1521 1260 1563 quam
1281 1507 1332 1550 de
1351 1507 1490 1563 rebus,
1520 1508 1641 1552 nobis

83 1587 109 1631 a
137 1586 228 1630 Deo
267 1589 309 1630 et
342 1586 368 1630 a
395 1589 539 1630 vestra
573 1586 761 1630 bonitate
798 1586 1056 1641 commissis,
1094 1587 1261 1629 vestrae
1299 1585 1515 1629 sanctitati
1551 1589 1641 1629 tam

81 1664 278 1709 devotum
309 1678 435 1721 quam
465 1664 653 1708 debitum
684 1663 974 1708 exhiberemus
1004 1663 1266 1706 famulatum.
1312 1663 1369 1707 Et
1400 1667 1548 1719 agente
1578 1664 1641 1707 di-

78 1743 178 1786 vina
213 1742 522 1798 misericordia,
560 1743 676 1799 piam
715 1755 763 1785 ac
801 1741 968 1786 fidelem
1004 1742 1282 1786 intentionem
1319 1742 1542 1786 subsecuta
1577 1745 1642 1787 est

81 1821 286 1865 maturior
317 1819 508 1864 efficatia.
604 1820 715 1864 Nam
743 1819 903 1875 legatos
933 1820 1151 1864 hominum
1180 1820 1231 1864 de
1261 1817 1454 1876 Erveta²,
1486 1821 1558 1877 qui
1589 1821 1642 1864 ad

81 1902 267 1943 vestram
297 1898 599 1942 sublimitatem
628 1911 705 1955 pro
738 1898 987 1954 quibusdam
1017 1897 1335 1942 aecclesiasticis
1367 1899 1503 1942 causis
1523 1899 1643 1943 missi

25 1980 37 1986 “’
79 1977 319 2032 tendebant,
350 1979 494 2033 captos
524 1976 759 2019 invenimus
789 1976 836 2019 in
866 1976 1046 2032 quodam
1077 1976 1247 2020 castello
1279 1977 1496 2020 cuiusdam
1516 1977 1641 2020 mini-

80 2054 261 2099 sterialis
294 2053 553 2098 Stabulensis
586 2053 797 2097 ecclesiae.
842 2053 900 2098 Et
929 2054 1006 2098 sub
1036 2058 1247 2098 momento
1270 2055 1468 2098 introitus
1489 2055 1638 2111 nostri,

81 2135 305 2189 antequam
335 2146 487 2190 panem
519 2135 796 2188 gustaremus,
829 2132 882 2175 ad
911 2131 1112 2176 honorem
1142 2146 1346 2190 personae
1376 2136 1541 2177 vestrae
1562 2133 1637 2187 (et)

81 2209 364 2254 defensionem
402 2209 733 2254 aecclesiasticae
769 2210 961 2254 iusticiae
1001 2210 1175 2254 eandem
1213 2211 1490 2254 munitionem
1521 2211 1639 2255 obse-

82 2289 219 2332 dimus
255 2291 297 2332 et
326 2302 422 2332 cum
451 2287 593 2332 labore
623 2301 672 2331 ac
703 2291 873 2346 sumptu
904 2291 946 2332 et
975 2289 1172 2344 gravibus
1202 2289 1435 2333 inimicitiis
1466 2289 1518 2333 de
1549 2302 1638 2332 car-

81 2380 188 2422 cere,
218 2366 264 2410 in
295 2380 376 2423 quo
407 2369 540 2422 erant,
572 2365 791 2410 eduximus
823 2369 866 2409 et
895 2380 965 2410 eos
988 2366 1042 2410 ad
1061 2352 1298 2411 sanctitatis
1320 2371 1483 2412 vestrae
1503 2381 1640 2423 genua

80 2444 234 2488 liberos
264 2444 594 2499 transmisimus3
626 2457 721 2487 cum
750 2447 891 2487 tamen
920 2444 1007 2488 iam
1029 2446 1147 2502 prius
1168 2445 1407 2502 pactionem
1426 2445 1636 2500 fecissent,

81 2525 129 2566 ut
157 2536 234 2579 pro
264 2522 551 2580 redemptione
583 2536 658 2565 sua
687 2522 746 2566 50
775 2522 862 2566 fere
891 2535 1054 2566 marcas
1084 2522 1182 2579 puri
1212 2523 1376 2578 argenti
1396 2523 1495 2566 dare
1516 2522 1638 2566 debe-

82 2603 187 2645 rent.
241 2599 323 2644 Res
355 2614 512 2655 eorum,
545 2614 647 2656 quas
680 2599 920 2655 amiserant,
950 2601 1137 2657 recipere
1168 2614 1252 2643 non
1282 2601 1507 2658 potuimus,
1541 2601 1640 2656 quia

82 2692 167 2723 non
205 2678 257 2722 ab
294 2678 360 2721 his
399 2678 695 2732 servabantur,
737 2677 762 2721 a
791 2677 940 2733 quibus
977 2678 1089 2734 capti
1117 2678 1298 2721 fuerunt.
1362 2678 1436 2722 Set
1465 2681 1639 2736 propter

83 2756 281 2800 honorem
310 2758 497 2799 vestrum
529 2756 631 2799 duas
663 2756 722 2800 eis
754 2755 1010 2811 equitaturas
1037 2759 1078 2799 et
1098 2756 1297 2799 viaticum
1317 2755 1459 2811 largiti
1479 2770 1635 2800 sumus.

179 2850 211 2885 1.
243 2848 449 2886 virdunum
480 2848 648 2894 pervenit
678 2858 775 2894 papa
803 2847 863 2884 die
887 2847 909 2883 5
940 2848 1033 2885 Nov.
1059 2849 1163 2885 1147.
1199 2849 1245 2886 V.
1279 2849 1369 2896 Reg.
1400 2852 1502 2895 pont.
1531 2850 1637 2887 Rom.

83 2920 120 2955 p.
137 2910 219 2946 360.
314 2909 349 2945 2.
373 2909 535 2955 Erwitte,
561 2919 584 2944 a.
607 2908 802 2954 Lippstadt
825 2907 872 2944 ad
897 2907 1096 2944 meridiem.

1662 357 1747 388 Oce?

1665 1124 1754 1160 1147

1671 1174 1746 1205 Now
