1924 3288
310 195 392 240 186
751 211 948 242 wmALm
976 210 1225 243 BPISTOLAE
1251 211 1322 242 108.
1343 212 1413 243 109.

192 304 284 341 1148
305 302 451 347 mitate
481 304 708 348 maioribus
739 303 948 360 suffragiis
978 306 1234 350 iuvarentur.
1281 306 1346 351 De
1375 310 1513 351 cetero
1531 306 1647 354 Deus
1675 307 1797 367 pacis
1811 310 1858 354 et
1882 347 1895 360 ,

179 727 271 764 1148

305 379 538 426 dilectionis
570 382 626 426 sit
656 395 821 440 semper
851 395 945 427 cum
965 379 1168 428 ‘omnibus
1198 383 1329 428 vobis.

309 557 422 605 109.
447 560 657 604 Wibaldus
676 561 916 606 Heinn'oum
945 563 1178 621 episcopum
1199 563 1469 607 Leodiensem
1487 562 1686 619 hortatur,
1717 579 1770 608 ne
1788 558 1859 609 σοῦ’

450 638 613 681 clesiam
641 639 922 682 Wellinensem
951 641 1163 684 interdicto
1195 641 1368 701 afficiat.
1668 636 1740 695 (Μ.
1762 638 1852 696 92.)

418 725 659 771 Reverendo
689 728 803 785 patri
833 742 907 772 suo
937 731 978 773 et
998 729 1166 773 domino
1186 729 1416 784 H(einrico)
1439 729 1666 774 venerabili
1684 725 1854 776 sanctae

299 802 541 848 Leodiensis
577 804 775 849 ecclesiae
806 806 999 864 episcopo
1019 807 1149 850 frater
1168 807 1418 861 W(ibaldus)
1438 806 1520 851 Dei
1545 806 1682 863 gratia
1701 793 1853 862 Stabu-

298 880 425 926 lensis
464 881 663 927 ecclesiae
703 897 848 927 servus
879 884 1050 940 exiguas
1082 885 1290 929 orationes
1322 888 1364 929 et
1394 885 1590 929 devotum
1619 878 1850 931 servitium.

416 959 693 1004 Theodericus
730 961 782 1005 de
813 960 1052 1006 Salenrivo¹
1082 962 1368 1007 ministerialis
1406 965 1546 1006 vester
1581 962 1633 1007 de
1661 961 1852 1009 Bullione

256 1056 258 1059 ·
296 1037 412 1081 venit
440 1037 486 1081 in
515 1041 673 1083 terram
704 1038 963 1083 Stabulensis
995 1039 1211 1096 ecclesiae,
1245 1040 1298 1083 ad
1327 1039 1471 1084 villam
1500 1040 1670 1085 nomine
1699 1038 1852 1086 Davis-

296 1114 456 1171 decesb,
487 1119 611 1173 atque
640 1116 700 1161 ibi
729 1117 927 1174 predatus
949 1120 1013 1161 est
1032 1131 1116 1161 non
1135 1130 1270 1175 pauca
1290 1117 1499 1162 animalia.
1546 1117 1649 1162 Orto
1669 1117 1856 1180 clamore,

294 1193 340 1237 in
368 1196 495 1249 terra,
527 1194 659 1238 secuti
689 1198 788 1238 sunt
815 1194 1005 1239 homines
1033 1195 1167 1239 nostri
1185 1198 1274 1238 tam
1294 1195 1346 1239 de
1360 1194 1516 1240 Wellin
1536 1208 1663 1252 quam
1682 1195 1735 1240 de
1755 1192 1857 1241 aliis

294 1270 410 1327 lociS,
441 1274 490 1315 ut
518 1285 569 1316 ea
599 1286 679 1328 que
708 1272 828 1316 nobis
858 1272 1025 1316 fuerant
1054 1272 1194 1316 ablata
1222 1273 1477 1330 reciperent3
1510 1276 1552 1317 et
1569 1272 1734 1330 longius
1752 1287 1850 1332 pre-

294 1349 459 1393 datores
489 1350 698 1407 persecuti
728 1354 837 1394 sunt.
885 1350 964 1406 mi,
996 1354 1246 1407 congregata
1275 1351 1327 1394 de
1357 1350 1527 1394 castello
1556 1354 1696 1396 vestro
1727 1354 1770 1396 et
1797 1351 1850 1397 de

292 1430 407 1471 terra
435 1429 595 1472 maiore
624 1428 913 1484 multitudine,
950 1429 1196 1472 invaserunt
1224 1431 1390 1472 nostros
1421 1431 1485 1485 et,
1524 1428 1658 1486 captis
1688 1431 1850 1487 septem

292 1506 416 1562 viris,
463 1505 681 1550 duodecim
721 1520 772 1549 ex
811 1506 1049 1550 hominibus
1087 1506 1285 1550 ecclesiae
1322 1510 1490 1551 nostrae
1529 1505 1770 1551 occiderunt
1806 1488 1859 1552 et'

291 1583 445 1628 multos
467 1583 754 1627 crudelissime
777 1583 1114 1628 vulneraverunt.
1213 1583 1464 1628 Audivimus
1495 1598 1608 1640 vero,
1639 1584 1752 1641 quod
1781 1597 1848 1630 ec·

291 1653 461 1705 clesiam
490 1664 679 1705 nostram
708 1661 752 1704 in
773 1660 927 1706 Wellin
955 1661 1094 1705 velitis
1124 1661 1373 1705 interdicere
1404 1665 1446 1706 et
1475 1661 1664 1705 divinum
1689 1661 1847 1725 ibidem

290 1738 474 1783 officium
504 1739 725 1796 prohibere
754 1752 831 1796 pro
863 1752 924 1795 eo,
957 1739 1065 1795 quod
1096 1739 1306 1783 interfecti
1334 1739 1399 1783 illi
1427 1739 1473 1783 in
1502 1739 1707 1784 cimiterio
1737 1739 1847 1805 eius-

290 1816 386 1860 dem
416 1816 614 1861 ecclesiae
645 1815 799 1874 sepulti
831 1819 938 1859 sunt.
987 1816 1106 1868 Quod
1134 1831 1211 1861 nos
1237 1817 1406 1861 credere
1425 1830 1688 1874 nequaquam
1706 1817 1846 1875 potui-

290 1908 395 1938 mus.
442 1894 570 1939 Novit
600 1895 712 1938 enim
742 1893 936 1938 discretio
967 1898 1121 1951 vestra,
1155 1895 1265 1951 quod
1285 1895 1412 1939 etiam
1431 1894 1522 1938 iure
1541 1893 1728 1951 gentium
1746 1893 1847 1940 licet

289 1972 332 2015 vi
362 1972 449 2015 vim
478 1971 694 2029 repellere,
726 1975 768 2016 et
798 1972 908 2029 quod
938 1986 1064 2030 super
1093 1975 1252 2016 terram
1279 1972 1469 2016 homines
1490 1975 1588 2016 sunt
1608 1985 1844 2016 excommu-

289 2050 478 2106 nicandi,
517 2050 680 2094 dicente
718 2050 945 2107 scriptura:
988 2051 1267 2110 Quodcunque
1302 2051 1494 2108 liyaveris
1523 2066 1648 2108 super
1677 2058 1842 2107 terram,

291 2130 367 2171 erit
395 2129 566 2186 liyamm
597 2136 634 2171 et
662 2130 706 2170 in
730 2129 840 2171 coelo
854 2125 874 2170 ¹.
923 2126 1041 2171 Sicut
1058 2127 1214 2184 itaque,
1244 2128 1364 2171 iuxta
1383 2126 1673 2171 auctoritatem
1690 2125 1843 2172 Leonis

289 2208 332 2248 et
351 2203 521 2260 Gelasii,
554 2204 703 2261 quibus
733 2205 840 2249 vivis
871 2218 956 2248 non
986 2205 1394 2261 communicavimus,
1425 2217 1502 2248 nec
1527 2203 1704 2248 mortuis
1730 2217 1843 2249 com-

287 2282 501 2326 municare
544 2296 787 2340 possumus,
835 2283 896 2327 sic
933 2290 978 2327 e⁰
1009 2295 1207 2326 converso
1254 2295 1356 2339 quos
1395 2281 1569 2326 ecclesia
1602 2281 1720 2326 vivos
1757 2295 1847 2346 non

287 2360 508 2416 devitavit,
548 2364 734 2404 mortuos
774 2360 937 2404 abicere
974 2374 1060 2404 non
1098 2360 1232 2404 debet.
1294 2359 1501 2416 Dignetur
1530 2358 1672 2416 itaque
1701 2361 1842 2404 vestra

287 2438 510 2483 clementia
538 2437 778 2495 providere,
814 2452 867 2481 ne
898 2438 952 2481 ad
981 2451 1108 2494 grave
1137 2437 1291 2481 malum
1324 2440 1447 2495 atque
1478 2436 1697 2493 damnum,
1729 2435 1841 2494 quod

286 2530 363 2574 per
382 2515 581 2559 iniuriam
602 2515 850 2572 accepimus,
869 2515 1038 2571 aliquod
1053 2529 1278 2571 gravamen
1296 2528 1373 2572 per
1391 2514 1656 2558 inimicorum
1675 2516 1839 2558 nostro-

286 2608 381 2638 rum
401 2593 653 2637 delationem
674 2592 966 2636 sustineamus.
1058 2592 1123 2636 De
1144 2592 1395 2637 Theoderico
1415 2605 1514 2635 vero
1535 2591 1587 2635 de
1607 2591 1731 2636 Turri
1750 2594 1839 2636 tam

286 2672 566 2727 frequentem,
597 2674 685 2714 tam
714 2669 998 2727 importunam
1030 2673 1071 2714 et
1099 2673 1187 2713 tam
1217 2669 1383 2725 longam
1414 2668 1717 2725 querimoniam
1747 2664 1844 2714 sine*

286 2748 424 2792 fructu
452 2748 640 2803 fecimus,
673 2751 715 2791 et
744 2748 830 2791 iam
850 2747 1067 2791 ecclesiam
1087 2750 1276 2791 nostram
1302 2746 1444 2804 pudet,
1475 2759 1551 2789 nos
1580 2760 1679 2791 vero
1708 2746 1833 2791 tedet.

383 2858 409 2878 ι.
438 2848 599 2879 Sacenrivo
621 2850 748 2879 correxit
769 2849 835 2879 alia
855 2859 962 2880 manus
983 2850 1013 2879 in
1035 2831 1206 2890 Saitenrivo.
1287 2846 1318 2877 b.
1338 2848 1400 2878 n‘ve
1420 2845 1614 2877 Daiurdeoes.
1695 2856 1722 2878 c.
1740 2849 1760 2878 δ
1781 2859 1806 2878 c.

380 2906 414 2942 1.
436 2905 566 2943 Matth.
584 2906 639 2952 16,
658 2906 715 2941 19.
