1924 3288
534 155 733 215 wmALm
762 157 1011 216 nnxs'ronffl
1041 184 1113 215 343.
1137 183 1207 214 344.
1567 172 1654 217 477

52 273 54 275 ’
86 274 210 322 multi
237 277 426 334 comites,
457 278 650 322 honorati
672 283 715 323 et
733 279 908 324 nobiles.
951 279 1031 331 Qui
1052 293 1197 323 omnes
1219 292 1315 323 cum
1334 292 1489 335 magna
1508 280 1656 324 volun-

86 355 187 399 tatis
206 354 433 412 hilaritate,
463 354 545 400 fide
567 357 665 400 data
686 360 728 400 et
747 357 982 401 iuramento
1002 357 1194 414 prestito,
1226 357 1523 415 promiserunt,
1546 358 1657 414 quod

87 432 142 477 ad
179 433 357 478 eandem
387 434 699 492 expeditionem
730 448 826 478 cum
856 436 971 479 omni
1003 436 1157 479 virtute
1189 438 1231 479 et
1260 435 1450 493 potentia
1478 435 1656 480 militiae

86 523 187 555 suae
216 511 387 556 venient
416 515 459 556 et
487 516 807 570 prosequentur.
918 513 1005 557 Nos
1037 527 1201 570 quoque
1231 513 1277 557 in
1309 513 1456 557 eadem
1485 514 1655 571 expedi-

84 587 200 632 tione
230 602 327 633 cum
355 593 500 634 nostra
518 590 673 634 militia
692 591 861 634 domino
882 594 1026 635 nostro
1047 591 1314 647 famulantes,
1345 592 1657 636 sanctissimam

84 665 237 711 faciem
254 671 442 711 vestram
472 671 515 712 et
543 669 797 726 permaximi
827 669 997 726 imperii
1026 669 1157 712 vestri
1188 669 1380 713 decorem
1402 669 1544 714 videre
1564 669 1655 714 Deo

84 747 301 802 prestante
329 746 595 790 merebimur.
678 745 989 790 Munificentiae
1009 746 1220 803 imperiali
1239 747 1398 802 gratias
1419 748 1655 802 referimus,

85 822 198 879 quod
225 822 559 868 benedictionem
590 827 774 868 vestram
804 824 924 868 nobis
957 824 1093 868 adhuc
1123 825 1278 880 ignotis
1310 826 1619 870 transmisistis.

91 963 207 1012 344.
237 967 452 1012 Conradus
465 968 540 1012 ΠΙ
553 986 628 1012 rem
643 971 810 1014 Pisanis
833 971 974 1014 scribit
996 971 1046 1012 de
1068 970 1170 1013 bello
1193 977 1334 1013 contra
1353 971 1578 1028 Royeriam
1592 986 1658 1013 re-

230 1061 325 1103 yem
341 1047 513 1090 decreto.
524 1047 706 1105 Leyatos
716 1064 824 1102 suos,
836 1049 1068 1091 Arnoldu‘m
1081 1048 1433 1105 archiepiscopum
1444 1049 1658 1091 Colonien-

234 1139 332 1178 sem,
363 1123 608 1180 Wibaldum,
634 1125 875 1169 Heinricum
895 1127 1114 1180 notarium,
1138 1127 1405 1168 commendat.
1446 1123 1519 1179 (M.
1538 1125 1657 1178 324.)

205 1212 456 1268 C(onradus)
487 1213 570 1257 Dei
599 1215 737 1270 gratia
763 1214 1048 1258 Romanorum
1077 1228 1154 1258 rex
1185 1217 1227 1258 et
1257 1228 1424 1272 semper
1455 1218 1656 1270 augustus

1706 284 1796 320 1151

1681 333 1765 372 Sept.
1779 333 1819 363 15

1707 1225 1797 1261 1151

87 1291 341 1347 consulibus,
372 1291 603 1349 capitaneis
635 1296 677 1336 et
707 1293 903 1337 universo
934 1292 1089 1350 populo
1110 1292 1277 1348 PisanO,
1309 1296 1398 1336 tam
1425 1293 1656 1337 minoribus
1680 1276 1817 1355 Sess‘t‘f'tffi

88 1382 215 1426 quam
243 1369 487 1426 maioribus,
519 1370 701 1425 gratiam
731 1384 852 1414 suam
882 1374 924 1414 et
953 1371 1108 1414 bonam
1138 1371 1412 1414 voluntatem.

204 1445 307 1491 Post
334 1447 519 1491 reditum
547 1451 740 1492 nostrum
771 1448 796 1492 a
816 1448 1180 1493 Iherosolimitana
1202 1449 1469 1507 expeditione
1490 1462 1657 1492 omnem

88 1524 218 1568 animi
251 1525 386 1569 nostri
414 1526 691 1570 intentionem
721 1530 1081 1583 converteramus,
1120 1531 1169 1570 ut
1199 1527 1356 1584 absque
1385 1541 1529 1571 morae
1558 1540 1657 1585 pro-

86 1602 250 1647 lixioris
285 1603 526 1648 interventu
558 1604 612 1648 ad
640 1619 708 1649 res
739 1604 886 1648 Italiae
917 1605 1172 1649 ordinandas
1204 1609 1246 1649 et
1275 1605 1486 1663 pacandas
1517 1605 1657 1660 ingre-

88 1680 294 1725 deremur.
356 1681 457 1725 Inde
494 1682 597 1738 fuit,
637 1683 748 1739 quod
784 1683 945 1738 legatos
977 1683 1319 1728 excellentissimi
1347 1684 1492 1728 fratris
1522 1684 1658 1728 nostri

89 1757 319 1803 Grecorum
354 1759 621 1816 imperatoris
661 1761 714 1804 ad
749 1761 1067 1805 universitatem
1096 1765 1282 1806 vestram
1313 1762 1565 1817 direximus;
1606 1762 1658 1806 de

87 1835 170 1880 fide
200 1840 242 1880 et
271 1837 509 1880 constantia
527 1841 670 1882 vestra
698 1838 929 1895 plurimum
951 1839 1219 1896 confidentes,
1252 1840 1448 1896 quatinus
1468 1841 1658 1897 ipsorum

88 1914 298 1958 industria
328 1918 370 1958 et
390 1918 531 1958 vestra
558 1917 722 1973 potenti
741 1917 898 1961 virtute
928 1917 1060 1961 hostis
1092 1919 1310 1975 utriusque
1336 1918 1505 1975 imperii
1526 1931 1658 1975 usque

90 1993 143 2036 ad
174 1992 401 2036 adventum
431 1997 623 2037 nostrum
654 1994 743 2038 sine
764 1995 1072 2039 intermissione
1094 1995 1254 2039 bellicis
1274 1996 1511 2040 incursibus
1534 2010 1658 2052 quas·

89 2079 266 2114 saretur.
308 2070 441 2114 Decet
468 2071 610 2128 itaque
636 2072 799 2129 patriae
819 2073 1069 2130 principem,
1100 2077 1240 2130 grates
1263 2087 1312 2118 ac
1332 2074 1659 2118 benivolentiam

89 2148 319 2206 rependere
349 2148 429 2204 his,
462 2149 534 2205 qui
565 2149 618 2192 ad
648 2152 736 2192 tam
768 2151 981 2206 egregium
1012 2166 1116 2209 opus
1146 2152 1433 2209 peragendum
1454 2152 1594 2195 animo
1617 2155 1659 2195 et

91 2239 215 2284 opere
245 2226 431 2284 inparati
461 2240 546 2270 non
575 2227 758 2283 fuerunt,
790 2229 899 2272 sicut
927 2229 1012 2272 illis
1042 2243 1127 2273 non
1157 2230 1368 2274 immerito
1398 2243 1510 2287 pena
1533 2230 1658 2273 debe-

89 2307 160 2347 tur
192 2304 395 2359 acerbior,
427 2304 499 2361 qui
528 2307 668 2348 tantos
699 2306 762 2349 rei
791 2306 984 2363 publicae
1014 2311 1236 2364 provectus
1266 2307 1458 2351 demoliri
1477 2311 1657 2365 tempta-

90 2385 252 2425 venmt.
358 2381 432 2426 Set
463 2382 805 2427 ardentissimum
834 2388 1003 2428 nostrae
1033 2385 1260 2429 voluntatis
1291 2386 1477 2429 studium
1506 2399 1656 2430 manus

91 2458 254 2515 divina,
295 2473 422 2516 quam
451 2474 574 2504 nemo
604 2461 846 2505 mortalium
875 2463 1014 2519 potuit
1044 2464 1238 2519 evadere,
1276 2464 1454 2507 inmissa
1483 2463 1656 2508 coelitus

90 2535 334 2580 infirmitate
380 2537 639 2594 aliquamdiu
683 2540 897 2596 repressit.
970 2540 1044 2584 Set
1079 2544 1328 2598 recuperata
1364 2555 1441 2598 per
1478 2541 1656 2585 eundem

91 2614 529 2659 misericordissimum
551 2615 687 2659 Deum
717 2617 933 2674 sospitate,
964 2621 1175 2662 transacto
1207 2626 1373 2662 sacrae·
1393 2622 1656 2676 pentecostes
1679 2634 1801 2666 naim

90 2691 212 2748 festo,
243 2693 481 2748 generalem
512 2694 673 2737 curiam
694 2694 806 2751 apud
825 2694 1100 2753 Ratisponam
1120 2696 1392 2752 celebrantes,
1424 2697 1656 2754 expeditio·
1679 2711 1754 2742 1uni.

90 2783 188 2814 nem
222 2774 410 2814 nostram
446 2772 561 2828 regio
592 2786 707 2815 more
738 2786 884 2816 versus
914 2773 1077 2817 Italiam
1110 2788 1204 2817 eum
1234 2788 1387 2829 magno
1417 2775 1657 2833 principum

91 2847 233 2891 favore
264 2851 306 2891 et
335 2850 463 2893 totius
494 2850 669 2893 militiae
701 2850 918 2894 alacritate
947 2851 1189 2895 indiximus.
1242 2850 1445 2896 Similiter
1477 2856 1519 2898 et
1544 2854 1657 2911 apud

188 2951 215 2973 a.
244 2944 322 2974 sacri
344 2956 368 2975 c.
