1924 3288
286 189 368 233 196
732 200 928 232 WIBALDI
958 198 1205 232 EPISTOLAE
1234 198 1302 230 122.
1325 198 1395 230 123.

289 294 401 341 122.
430 296 568 340 Guido
600 298 869 340 cancellarius
892 297 1065 354 papalis
1095 297 1332 340 Ansebmwm
1356 297 1590 354 episcopm
1611 294 1838 340 Eandem-

425 389 589 431 qen-sem
627 375 685 417 ad
711 375 968 418 scribendum
997 375 1151 417 invitat.
1218 373 1403 417 Salutem
1442 373 1628 418 Wibaldo
1659 373 1837 418 aem.

1624 448 1697 504 (M.
1722 449 1839 502 140.)

164 536 256 572 1148
399 527 630 572 Karissimo
660 528 784 572 fratri
814 531 857 572 et
886 527 1060 584 speciali
1089 528 1222 572 amico
1248 527 1488 582 A(nselmo)
1510 525 1839 583 Havelbergensi

280 606 474 663 episcopo
496 605 680 662 G(uido),
705 609 873 650 sanctae
893 605 1104 650 Romanae
1125 605 1350 650 aecclesiae
1371 605 1570 649 diaconus
1589 600 1840 649 cardinalis¹

280 687 322 727 et
352 683 637 740 cancellarius,
669 683 860 728 salutem.

398 761 675 805 Attendentes
707 775 778 818 ea,
818 775 924 818 quae
961 761 1013 805 de
1052 760 1271 805 dulcedine
1306 760 1443 804 cordis
1473 760 1538 804 tui
1566 773 1667 818 sepe
1692 762 1838 816 gusta-

279 839 437 894 vimus,
486 839 715 883 amicitiam
751 840 862 883 inter
898 852 976 882 nos
1014 852 1092 896 per
1128 839 1286 896 scripta
1323 839 1538 896 presentia
1574 838 1836 892 innovamus,

279 919 487 973 optantes,
520 920 567 960 ut
597 920 754 960 statum
784 920 918 973 tuum,
950 930 1073 974 quem
1100 930 1350 974 prosperum
1371 930 1462 960 esse
1482 917 1688 974 cupimus,
1717 914 1838 960 nobis

280 995 526 1050 quantocius
567 995 735 1039 studeas
780 995 988 1038 intimare.
1117 994 1391 1038 Communem
1430 995 1611 1038 amicum
1647 997 1838 1038 nostrum

280 1071 573 1116 Corbeiensem
604 1073 798 1117 abbatem
827 1086 903 1130 per
931 1085 1007 1116 vos
1036 1072 1083 1115 in
1113 1071 1295 1115 Domino
1326 1071 1570 1116 salutamffl.
1836 1069 1837 1072 ’

285 1213 398 1261 123.
431 1216 642 1260 Wibaldus
670 1215 944 1260 Fuldensibus
971 1218 1122 1271 scribit,
1155 1233 1198 1260 se
1229 1218 1295 1259 die
1315 1216 1371 1259 21
1395 1232 1446 1258 m.
1471 1215 1659 1260 Octobr-‘s
1675 1214 1839 1260 Fuldae

418 1294 614 1352 futurum
653 1309 737 1337 non
777 1310 871 1337 esse.
917 1295 1206 1352 Praepositum
1241 1310 1360 1337 suum
1389 1295 1519 1337 mittit.
1568 1293 1840 1337 Concordiam

425 1387 646 1430 papaeque
677 1372 912 1430 obsequium
942 1373 1099 1415 suadet.
1623 1368 1696 1424 (M.
1722 1369 1838 1423 102'.)

163 1467 256 1502 1148
398 1459 546 1503 Frater
560 1459 811 1514 W(ibaldus)
832 1459 913 1503 Dei
943 1460 1080 1515 gratia
1108 1460 1154 1503 id
1183 1460 1294 1516 quod
1325 1463 1389 1504 est
1410 1460 1456 1503 in
1477 1459 1678 1504 aecclesia
1697 1458 1839 1503 catho-

182 1516 246 1546 0αῄ
279 1537 360 1581 lica
398 1537 638 1581 reverendis
675 1538 720 1580 in
750 1536 916 1580 Christo
951 1537 1141 1594 patribus
1173 1541 1215 1581 et
1244 1538 1444 1582 fratribus
1476 1537 1562 1581 suis
1592 1536 1640 1580 B.
1665 1550 1839 1581 venera-

279 1614 355 1659 bili
393 1615 570 1670 decano,
603 1615 648 1658 T.
675 1615 889 1672 preposito
928 1618 970 1658 et
1000 1615 1149 1659 ceteris
1180 1614 1399 1659 Fuldensis
1432 1614 1657 1659 aecclesiae
1686 1612 1839 1672 priori—

280 1692 357 1735 bus
390 1705 438 1735 ac
468 1691 578 1748 filiis,
609 1693 753 1748 magni
783 1691 948 1736 consilii
978 1692 1184 1748 angelum.

402 1769 526 1813 Venit
556 1770 609 1813 ad
639 1784 715 1813 nos
737 1769 956 1814 Corbeiam
986 1770 1117 1814 frater
1138 1774 1278 1815 vester
1298 1769 1552 1825 Orthwinus,
1582 1768 1699 1822 nulla
1717 1768 1837 1814 nobis

281 1847 516 1905 perferens⁰
541 1849 825 1891 communium
853 1847 1090 1892 litterarum
1120 1848 1288 1904 indicia,
1319 1847 1470 1892 obnixe
1500 1851 1643 1892 tamen
1671 1847 1838 1891 univer-

282 1926 419 1969 sitatis
458 1929 622 1969 vestrae
652 1929 800 1983 petens
831 1925 1033 1982 alloquio,
1071 1929 1118 1969 ut
1149 1926 1202 1970 ad
1237 1928 1289 1970 12
1320 1925 1411 1970 Kal.
1437 1922 1709 1970 Novembris’
1738 1923 1839 1968 Ful-

282 2003 379 2046 dam
410 2003 464 2046 ad
492 2017 566 2046 vos
598 2003 855 2059 veniremus,
894 2003 1138 2047 interfuturi
1167 2003 1341 2059 collegio
1371 2006 1530 2059 vestro,
1569 2002 1642 2047 ubi
1672 2002 1724 2047 de
1753 2001 1837 2047 ele-

281 2081 416 2124 ctione
454 2081 586 2124 suturi
617 2080 779 2124 abbatis
810 2084 991 2125 tractare
1020 2081 1110 2125 Deo
1141 2085 1309 2125 auctore
1339 2080 1594 2124 instituistis.
1641 2079 1728 2124 Nos
1757 2080 1836 2125 ita-

282 2173 382 2215 que,
428 2159 579 2202 fratres
625 2159 860 2214 karissimi,
905 2159 1005 2203 licet
1046 2159 1185 2203 animo
1224 2172 1407 2203 essemus
1444 2157 1750 2215 promptissimi
1786 2171 1838 2203 ea

281 2236 451 2292 exequi,
491 2249 569 2292 que
607 2237 757 2280 vestris
795 2236 1048 2280 iussionibus
1085 2240 1127 2280 et
1156 2236 1366 2280 communi
1396 2235 1570 2279 utilitati
1600 2239 1740 2280 essent
1767 2247 1836 2280 ac-

281 2313 519 2368 commoda,
551 2316 694 2356 tamen
723 2315 886 2369 magnis
918 2327 966 2358 ac
996 2313 1298 2371 multiplicibus
1327 2313 1461 2357 nostri
1490 2314 1735 2358 monasterii
1764 2313 1836 2358 ‹le-

280 2391 388 2435 tenti
418 2390 773 2447 occupationibus,
809 2391 990 2435 transire
1021 2391 1074 2435 ad
1103 2405 1178 2435 vos
1207 2403 1471 2448 nequaquam
1498 2390 1726 2448 potuimus,
1757 2394 1835 2446 set,

281 2482 358 2526 pro
388 2468 505 2512 vobis
537 2468 591 2511 ad
621 2468 807 2511 divinam
828 2468 1093 2513 clementiam
1113 2473 1211 2512 vota
1230 2469 1462 2524 fundentes,
1492 2468 1629 2512 nostri
1647 2467 1836 2514 coenobii

281 2546 543 2603 prepositum
579 2559 705 2598 causa
742 2546 994 2590 visitationis
1035 2550 1078 2590 et
1113 2546 1408 2590 consolationis
1438 2545 1492 2589 ad
1522 2549 1708 2590 vestrum
1737 2559 1836 2591 con-

282 2622 475 2667 ventumb
512 2623 754 2667 direximus.
876 2623 1081 2680 Quicquid
1124 2638 1221 2669 vero
1256 2627 1401 2668 nostra
1436 2623 1623 2680 parvitas
1661 2637 1835 2681 presens

283 2700 552 2744 excellentiae
588 2705 752 2745 vestrae
791 2702 835 2744 in
874 2701 951 2745 hac
989 2715 1115 2745 causa
1149 2704 1292 2759 posset
1321 2714 1561 2756 suggerere,
1602 2701 1718 2745 brevi
1747 2714 1834 2745 ser-

282 2792 405 2822 mone
436 2778 629 2823 absentes
661 2779 939 2836 explicamus:
972 2782 1018 2822 ut
1037 2777 1243 2834 videlicet,
1273 2777 1443 2822 remotis
1464 2777 1649 2835 partium
1669 2778 1832 2833 studiis,

378 2889 404 2909 a.
433 2879 555 2918 §ferens
577 2891 602 2909 c.
686 2880 715 2910 b.
743 2882 922 2910 conventum
939 2882 1041 2919 posuis
1062 2882 1213 2920 corrigens
1233 2890 1339 2910 nem
1360 2878 1464 2909 eadam
1486 2889 1573 2918 cuper
1595 2878 1764 2918 collegium.

379 2943 411 2976 1.
436 2942 501 2978 SS.
518 2942 671 2979 Cosmae
694 2946 732 2979 et
757 2943 935 2979 Damiani.
1032 2944 1068 2978 2.
1094 2942 1186 2978 1148
1209 2942 1289 2978 Oct.
1304 2942 1363 2978 21.
