1924 3288
281 191 368 235 204
792 204 990 236 wmAnm
1017 205 1236 238 110101·οω
1263 206 1333 237 126.

167 300 257 336 1148
280 301 479 343 vacarent
513 302 555 343 et
583 299 664 343 huo
693 299 873 356 illucque
903 300 1140 356 vagabundi
1170 300 1506 358 discursitarent,
1545 315 1600 348 ex
1628 303 1836 350 sententia

177 350 240 380 Oct.

279 376 469 434 priorum
504 380 588 420 non
626 391 716 421 esse
754 377 909 422 bonum
942 378 1239 434 iudicavimus,
1278 393 1443 424 sumere
1470 393 1623 438 panem
1651 379 1834 427 filiorum

279 457 322 498 et
350 455 518 498 mittere
538 454 708 498 canibus
721 452 752 509 ¹3
785 458 910 512 atque
937 456 1000 499 ita
1017 456 1323 513 inpoenitentes
1343 457 1473 502 immo
1495 461 1638 516 aperte
1656 458 1832 505 rebelles
1869 449 1879 457 ’

278 532 330 576 de
351 533 669 588 congregatione
689 535 732 576 et
751 532 934 578 claustro
953 547 1038 578 non
1059 534 1149 578 sine
1169 534 1311 578 dolore
1337 538 1379 578 et
1397 534 1582 580 lacrimis
1602 536 1830 583 emisimus

396 610 590 654 Ceterum
619 614 667 654 ut
691 610 857 654 noverit
875 615 1017 656 vestra
1043 612 1252 668 diseretio,
1284 612 1402 656 cuius
1423 613 1632 671 opinionis
1661 614 1832 661 cuiusve

277 688 511 732 sanctitatis
543 692 682 732 essent
709 689 754 732 hi
784 703 932 744 graves
972 693 1014 733 et
1049 690 1182 734 severi
1212 690 1423 746 homines,
1463 691 1535 748 qui
1571 695 1832 739 mortuorum

276 767 438 810 meritis
467 766 680 824 inquinari
711 780 756 810 se
784 767 1113 812 arbitrabantur:
1145 769 1307 825 primus
1338 782 1482 812 eorum
1511 769 1680 814 nomine
1699 769 1830 816 Ever-

275 844 453 899 nandus,
484 858 510 887 a
538 844 754 888 iuventute
785 858 861 888 sua
889 845 1048 889 discors
1079 849 1121 889 et
1148 845 1296 889 evirati
1323 849 1464 901 gestus
1486 850 1610 904 atque
1629 847 1830 906 incessus,
1919 887 1922 890 .

275 925 463 979 tempore
508 921 695 966 Heinrici
738 922 934 979 iunioris,
982 924 1054 981 qui
1097 927 1198 967 tunc
1237 923 1487 968 Corbeiense
1529 926 1830 971 monasterium

273 999 463 1055 tenebat,
503 999 610 1043 libro
641 1013 723 1043 uno
753 1000 900 1044 furtim
930 1000 1091 1044 sublato
1130 1001 1396 1057 sacrilegium
1431 1003 1711 1060 perpetravit3
1750 1016 1829 1061 pro

274 1091 355 1134 quo
392 1090 526 1134 penae
565 1077 754 1121 addictus
801 1078 878 1122 sub
916 1091 1045 1121 manu
1082 1079 1277 1135 prefecti,
1322 1079 1438 1123 nullo
1481 1093 1560 1137 pro
1606 1093 1654 1124 eo
1698 1080 1830 1126 inter-³

273 1155 444 1199 cedente
490 1158 554 1199 set
590 1158 734 1199 tamen
769 1155 981 1212 plerisque
1020 1159 1194 1213 propter
1232 1157 1390 1200 ordinis
1426 1157 1644 1202 infamiam
1682 1158 1829 1204 erube-

273 1232 496 1288 scentibus,
526 1233 669 1288 fugere
699 1233 928 1290 permissus
960 1236 1042 1288 est;
1075 1248 1199 1290 quem
1219 1248 1310 1290 nos,
1342 1248 1508 1279 omnem
1527 1235 1827 1283 correctionem

273 1324 367 1354 cum
405 1311 521 1354 omni
555 1311 759 1354 instantia
787 1311 1125 1368 promittentem,
1164 1325 1241 1369 pro
1273 1326 1499 1370 supprema
1526 1313 1827 1371 misericordia,

270 1403 324 1432 110
361 1389 539 1445 periret,
578 1389 624 1432 in
658 1388 840 1432 claustro
870 1389 1117 1446 recepimus.
1166 1389 1380 1434 Secundus
1412 1405 1464 1435 ex
1494 1391 1629 1435 tribus
1657 1392 1826 1438 nomine

270 1466 522 1510 Adelbertus
554 1479 604 1510 en
636 1465 768 1510 altera
797 1467 887 1510 vice
916 1466 1072 1511 levavit
1101 1467 1341 1512 calcaneum
1372 1482 1494 1512 suum
1527 1469 1726 1514 adversus
1753 1469 1826 1515 de-

270 1547 385 1588 creta
423 1547 466 1587 et
503 1557 607 1600 opus
646 1547 935 1588 sacrosanctae
968 1545 1116 1588 matris
1146 1549 1316 1589 nostrae
1345 1545 1556 1590 Romanae
1587 1546 1824 1606 aecclesiae,

271 1621 507 1666 adherendo
537 1621 600 1664 illi
630 1621 842 1677 Heinrico,
882 1636 1006 1679 quem
1035 1623 1212 1666 domnus
1243 1623 1423 1667 Thomas
1454 1624 1692 1680 cardinalis,
1724 1638 1825 1683 apo-

270 1699 441 1744 stolicae
472 1699 582 1744 sedis
613 1702 714 1743 tunc
743 1700 919 1755 legatuS,
951 1700 1002 1743 de
1032 1701 1224 1758 symonia
1253 1701 1489 1745 convictum
1519 1705 1562 1746 et
1590 1702 1824 1748 confessum

270 1778 521 1835 deposuerat
559 1781 600 1821 et
630 1779 861 1822 sententiae
890 1791 974 1821 non
1004 1782 1223 1835 parentem
1261 1779 1363 1836 quin
1397 1779 1526 1824 immo
1555 1779 1754 1825 rebellem
1782 1783 1825 1826 et

268 1869 409 1899 rerum
449 1855 852 1900 aecclesiasticarum
890 1870 1160 1913 pervasorem
1189 1856 1343 1900 iudicio
1375 1857 1510 1901 sancti
1539 1856 1721 1915 Spiritus
1751 1871 1823 1902 ex-

269 1934 668 1988 communicaverat3
699 1947 778 1991 pro
803 1948 885 1991 qua
903 1923 949 1978 re
969 1934 1082 1978 idem
1100 1933 1352 1979 Adelbertus
1371 1935 1639 1992 postmodum
1658 1934 1823 1994 publice

267 2010 487 2068 poenitens
527 2014 568 2054 et
606 2011 658 2055 ab
697 2012 1144 2067 excommunicatione,
1187 2025 1270 2068 qua
1297 2012 1528 2056 maculatus
1559 2015 1670 2069 erat,
1702 2013 1823 2058 abso·-

267 2089 379 2132 lutus
418 2102 443 2132 a
472 2089 766 2146 predecessore
796 2093 961 2145 nostro,
1001 2103 1125 2147 quem
1155 2090 1246 2147 ipse
1276 2102 1388 2133 1111110
1417 2090 1647 2147 exsepelire
1675 2090 1822 2136 molie-

268 2167 404 2222 batur,
435 2166 508 2209 vix
538 2170 635 2223 post
663 2166 833 2223 longam
862 2166 1113 2211 humilitatis
1145 2167 1325 2224 speciem
1353 2167 1399 2210 in
1426 2168 1716 2213 communione
1736 2169 1821 2214 fra-

268 2248 379 2288 trum
411 2247 454 2288 et
483 2245 804 2299 congregatione
835 2248 898 2288 est
919 2248 1126 2302 receptus.
1173 2244 1342 2288 Tercius
1364 2258 1509 2289 eorum
1530 2244 1819 2303 Godescalcus,

268 2336 293 2365 a
329 2322 416 2365 suis
456 2322 691 2365 coaetaneis
730 2321 968 2366 cellerarius
997 2322 1242 2366 monasterii
1271 2325 1416 2366 eontra
1445 2322 1655 2367 seniorum
1683 2325 1820 2369 eonsi-

266 2399 390 2455 lium,
431 2402 654 2456 antequam
685 2399 873 2455 regimen
902 2400 1034 2457 ipsius
1064 2399 1308 2444 monasterii
1338 2400 1684 2457 suscepissemus,
1716 2402 1818 2447 satis

266 2476 610 2521 irrationabiliter
639 2477 870 2532 institutus,
902 2477 1161 2535 consumpsit
1189 2477 1463 2522 substantiam
1493 2479 1738 2523 monasterii
1754 2479 1818 2524 vi-

266 2555 445 2609 vendo·;
477 2554 529 2598 de
557 2554 675 2598 cuius
695 2554 784 2598 vita
806 2557 848 2598 et
867 2555 1052 2599 moribus
1072 2558 1210 2599 tacere
1230 2568 1354 2611 quam
1373 2553 1487 2611 loqui
1506 2554 1720 2600 honestius
1739 2560 1815 2602 est.

385 2632 472 2676 Hos
503 2635 610 2687 tres,
642 2631 679 2675 si
709 2631 762 2675 ad
791 2645 865 2676 vos
896 2632 1003 2676 forte
1032 2633 1242 2688 venerint,
1279 2631 1471 2687 indignos
1501 2637 1643 2677 vestra
1670 2633 1816 2679 huma-

266 2711 398 2754 nitate
428 2709 680 2764 iudicabitis,
710 2723 787 2753 1100
817 2713 981 2754 vestrae
1011 2723 1107 2754 cum
1127 2709 1444 2757 Corbeiensibus
1465 2710 1698 2756 sodalitatis
1719 2724 1816 2756 eon·-

267 2784 452 2831 stitutio²
481 2787 527 2830 in
556 2791 720 2831 tantum
741 2787 1001 2843 extendetur,
1031 2791 1079 2831 ut
1098 2787 1202 2831 tales
1221 2787 1375 2843 fovere,
1405 2787 1471 2831 vel
1490 2788 1609 2832 nobis
1630 2802 1679 2834 ae
1697 2802 1816 2834 mon-

267 2865 419 2909 asterio
451 2864 661 2921 quondam
690 2878 765 2908 0110
795 2865 1078 2920 reconciliare,
1108 2864 1192 2908 ullo
1222 2864 1344 2908 modo
1374 2865 1656 2911 consentiatis.

361 2951 393 3027 ἶ..
414 2953 547 3028 ffatth.
566 2992 620 3037 15,
638 2991 696 3028 26.
792 2993 827 3029 2.
852 2991 906 3029 Cf.
933 3002 991 3038 ep.
1008 2992 1055 3028 50
1078 3002 1188 3037 supra
1213 3003 1246 3037 p.
1267 2993 1347 3029 128.
1366 2993 1444 3030 129.
