1924 3262
592 230 791 262 wmALm
819 229 1040 262 EPls'rOLA
1069 229 1119 259 12.
1585 216 1642 260 89

74 330 241 373 vestrae
284 326 502 385 piissimae
541 325 859 382 tranquillitatis
902 325 955 368 ad
992 338 1068 368 nos
1105 324 1152 368 in
1191 323 1343 368 Casino
1382 324 1642 368 venientium
1668 328 1758 364 1137

75 405 318 461 didicimus,
364 418 440 449 vos
477 404 562 448 iam
601 404 689 448 fere
725 403 974 460 Aquilegiae
1011 403 1335 461 propinquasse,
1384 402 1513 446 etiam
1548 402 1642 460 ipso
1683 377 1748 408 (Μ’

75 483 223 530 auditu
250 483 378 527 nimis
409 486 552 527 noster
582 482 855 526 contristatus
887 495 936 526 ac
961 482 1145 526 deiectus
1166 484 1231 525 est
1251 481 1429 537 animus,
1462 483 1505 525 et
1523 484 1642 524 tanto

73 561 212 608 iaculo
241 561 445 606 moeroris
477 574 548 605 cor
577 563 768 604 nostrum
797 559 951 616 infixit,
986 563 1034 604 ut
1063 560 1232 616 linguae
1261 559 1470 604 humanae
1500 558 1641 603 nullus

76 639 258 686 sufficiat
295 639 506 698 explicare
543 652 703 694 sermo,
745 638 844 695 quia
879 639 1080 682 nimirum
1115 638 1250 694 magis
1280 638 1401 683 nobis
1432 637 1645 682 moestitia

76 719 129 764 de
157 721 298 763 vestro
330 717 382 762 ab
407 717 532 761 Italia
559 730 729 760 recessu
757 730 870 760 nunc
900 720 992 760 orta
1023 720 1100 773 est,
1134 731 1260 774 quam
1291 716 1448 760 dudum
1478 730 1645 760 moeror

76 795 236 853 affecit,
281 809 377 840 cum
420 798 561 839 vestro
606 795 817 852 imperiali
854 795 972 839 iussu
1012 809 1140 839 onera
1177 794 1418 839 Casinensis
1456 794 1646 840 coenobii

75 874 249 920 ferenda
277 874 456 931 suscepi.

195 952 261 997 De
305 951 554 996 venerandis
599 965 698 995 vero
745 950 1007 995 sermonibus
1050 951 1222 1007 vestris,
1271 965 1373 1008 quos
1410 951 1532 995 nobis
1569 964 1647 1009 per

76 1031 247 1076 nuntios
277 1033 439 1075 vestros
469 1029 645 1073 misistis
687 1029 738 1073 de
770 1029 1043 1073 sacramentis
1070 1029 1429 1073 Nortmannorum
1461 1043 1509 1073 ac
1535 1028 1646 1072 Lan-

77 1109 358 1166 gobardorum
371 1106 394 1164 ¹,
431 1109 595 1152 utinam
635 1121 721 1152 non
756 1107 841 1151 illis
881 1107 1135 1164 imputetur3
1175 1107 1326 1151 melius
1367 1108 1481 1151 enim
1510 1108 1648 1151 fuerat

76 1187 162 1232 illis
192 1201 278 1231 non
306 1186 460 1242 iurare,
498 1200 625 1243 quam
653 1186 795 1230 iurare
827 1189 868 1230 et
897 1186 1130 1244 periurium
1162 1186 1437 1230 committere.
1492 1185 1646 1229 Omnes

80 1266 206 1322 enim,
238 1265 312 1322 qui
339 1265 386 1309 in
415 1265 510 1309 istis
539 1264 732 1322 partibus
762 1264 968 1320 habitant,
1002 1267 1288 1322 apostatantes
1321 1264 1374 1308 ad
1405 1267 1526 1307 satan
1550 1277 1647 1307 con-

78 1344 191 1388 versi
231 1346 353 1399 sunt,
393 1346 436 1387 et
471 1343 578 1387 nihil
615 1342 683 1387 vel
721 1343 867 1387 dicunt
903 1342 973 1387 vel
1008 1343 1188 1398 faciunt,
1227 1343 1312 1386 nisi
1349 1342 1460 1398 quod
1492 1342 1647 1398 digitus

81 1421 238 1467 diaboli
274 1421 322 1466 in
350 1421 477 1465 corda
508 1435 654 1465 eorum
685 1421 843 1465 scribit.
889 1421 999 1465 Nam
1030 1421 1229 1478 quicquid
1258 1421 1492 1477 nequitiae,
1534 1421 1648 1477 quic-

81 1499 182 1558 quid
205 1499 427 1556 malitiae,
468 1500 667 1557 quicquid
701 1499 1014 1558 perversitatis,
1056 1499 1254 1556 quicquid
1289 1499 1551 1543 tortitudinis
1582 1499 1650 1543 vel

81 1578 165 1623 dici
196 1578 262 1622 vel
292 1578 468 1634 cogitari
497 1581 651 1636 potest,
682 1578 728 1622 in
758 1577 954 1635 operibus
982 1577 1173 1635 ipsorum
1194 1578 1415 1622 cernimus.
1463 1577 1649 1630 Quantas

83 1660 224 1702 autem
253 1656 528 1713 calamitates,
561 1659 738 1713 quantas
769 1655 1061 1700 tribulationes
1092 1656 1160 1700 vel
1189 1659 1366 1713 quantas
1394 1657 1650 1714 persecutio-

82 1749 158 1780 nes
190 1735 242 1780 ab
272 1735 376 1793 ipsis
407 1735 652 1791 sustineam,
683 1749 760 1792 per
791 1734 1112 1778 dilectissimum
1140 1733 1273 1778 filium
1304 1749 1447 1779 meum
1476 1734 1650 1779 Petrum

82 1813 202 1858 vobis
239 1812 456 1857 notificare
493 1813 782 1867 decreveram3
821 1813 896 1857 sed
933 1813 1032 1869 quia
1067 1813 1231 1858 itineris
1270 1813 1316 1857 id
1352 1813 1571 1869 longitudo
1610 1816 1651 1857 et

84 1892 294 1938 conclusio
323 1891 551 1950 prohibuit,
583 1891 728 1949 paucis
746 1891 960 1948 aperiam.

203 1970 306 2015 Post
334 1973 523 2015 vestrum
551 1982 733 2026 namque
765 1969 994 2013 discessum
1016 1968 1228 2025 Saraceni,
1251 1969 1505 2013 Nortmanni
1526 1972 1651 2026 atque

84 2049 366 2106 Langobardi,
397 2048 657 2092 invenientes
683 2048 868 2104 quietam
887 2050 1059 2103 terram,
1092 2061 1429 2104 quaquaversum
1458 2048 1650 2104 tendunt,

86 2127 341 2172 devastando
382 2126 710 2184 depopulantur,
749 2126 942 2170 incendio
982 2129 1107 2182 atque
1144 2125 1380 2169 homicidiis
1411 2129 1547 2170 totum
1579 2140 1650 2170 ex-

86 2206 380 2260 terminantes3
428 2205 503 2248 sed
543 2217 621 2248 nec
659 2204 841 2248 arbustis
880 2203 1108 2248 fructiferis
1147 2204 1315 2247 omnino
1353 2208 1552 2261 parcunt,
1598 2219 1651 2248 ne

86 2284 216 2340 forte,
256 2297 359 2341 quos
399 2286 522 2326 antea
555 2282 762 2325 montium
794 2285 866 2326 aut
894 2285 1124 2339 praerupta
1152 2285 1363 2326 terrarum
1393 2282 1461 2326 vel
1490 2282 1653 2326 seclusa

89 2375 278 2419 quaeque
308 2361 531 2416 occultant,
561 2360 646 2403 illis
676 2359 842 2417 pabulis
872 2355 1126 2404 nutriantur.
1173 2360 1230 2404 Et
1261 2360 1322 2403 sic
1352 2360 1498 2404 eadem
1527 2363 1652 2416 atque

88 2441 242 2484 iterum
285 2439 361 2483 tali
406 2438 652 2483 crudelitate
696 2438 903 2493 furentes,
952 2438 1003 2482 ab
1045 2451 1189 2482 eorum
1227 2437 1474 2493 contagione
1512 2438 1652 2481 nullus

88 2518 224 2562 laetus
260 2517 463 2562 remansit
501 2520 542 2560 et
580 2515 720 2559 nullus
757 2515 872 2559 locus
911 2515 962 2559 ab
1001 2529 1146 2560 eorum
1181 2516 1449 2559 infestatione
1489 2519 1553 2559 est
1586 2529 1653 2559 re-

89 2595 213 2640 lictus
251 2595 469 2649 immunis3
511 2594 762 2652 praesertim
800 2593 844 2636 in
883 2593 1216 2650 possessionibus
1255 2593 1529 2636 sacratissimi
1563 2607 1652 2637 mo-

90 2674 264 2718 nasterii
302 2673 543 2717 Casinensis
595 2685 673 2716 nec
718 2685 802 2714 non
849 2674 891 2715 et
928 2671 971 2714 in
1019 2670 1113 2713 aliis
1161 2670 1346 2714 eeclesiis
1386 2670 1654 2727 basilicisque

187 2755 221 2791 1.
253 2765 338 2791 nam
370 2754 517 2791 circiter
549 2754 608 2791 die
638 2755 685 2790 22
709 2752 811 2798 Sept.
842 2752 971 2799 „iuxta
1002 2752 1190 2788 civitatem
1214 2754 1376 2788 veterem
1402 2750 1653 2798 Aquinensem

92 2825 139 2852 ex
162 2814 265 2851 iussu
295 2814 526 2860 imperatoris
549 2811 770 2860 Raginulfus
800 2812 875 2848 dux
900 2811 1058 2858 Apuliae
1092 2815 1128 2848 et
1153 2811 1361 2848 Robbertus
1392 2811 1564 2858 princeps
1589 2812 1653 2850 Ca-

92 2884 235 2920 puanus
260 2876 299 2910 et
322 2884 448 2910 omnes
473 2873 625 2910 comites
641 2873 688 2909 de
712 2872 920 2918 principatu
937 2872 1110 2917 Oapuano
1136 2874 1173 2907 et
1191 2871 1344 2908 comites
1363 2871 1596 2917 Aquinenses
1616 2875 1654 2909 et

91 2933 291 2970 Nox-manni
305 2933 635 2969 circummanentes
651 2932 776 2969 abbati
789 2931 972 2968 Guibaldo
983 2929 1198 2967 fidelitatem
1212 2930 1376 2968 fecerant
1386 2931 1652 2968 iureiurando“.

93 2992 138 3029 V.
164 2993 264 3029 Petri
288 2992 381 3029 diac.
401 2992 535 3030 Chron.
553 2992 635 3029 Cas.
661 2993 701 3028 L.
719 2992 784 3029 IV.
810 3001 842 3027 c.
861 2991 930 3027 124
953 3001 990 3037 p.
1007 2991 1090 3027 839.
