1930 3242
277 189 335 233 60
690 197 1092 232 onnonocmpnns
1122 197 1413 230 conamen

161 299 252 336 1147
275 295 415 353 ipsum
442 295 621 340 fratrum
649 298 889 339 nostrorum
919 293 972 336 ad
1003 293 1203 336 decanam
1232 295 1275 337 et
1304 292 1358 337 ad
1379 293 1696 351 prepositissam
1714 292 1834 351 legs-r

275 373 411 429 tione,
450 387 530 430 quo
562 372 760 416 deberent
789 372 898 415 suis³
928 370 1139 414 sororibus
1169 371 1440 427 concordare,
1477 371 1591 428 quod·
1614 374 1757 416 tamen
1772 374 1834 417 ¹et

276 450 329 494 ad
367 464 540 508 presens
578 449 824 505 flagitabant
862 447 1028 492 differre
1067 461 1112 492 se
1149 448 1195 492 in
1233 449 1370 504 gratia
1398 449 1585 493 omnium
1612 448 1741 494 licere
1768 456 1834 487 'tw

274 527 362 572 litis
392 528 552 572 cunctis
581 527 694 570 illius
726 525 924 570 ecclesiae
954 525 1031 569 sub
1060 526 1399 570 interminatione
1429 526 1577 571 salutis
1605 539 1707 572 sune
1730 539 1834 585 pro-¹

274 605 398 663 cepit,
428 605 474 648 in
493 604 607 648 nullo
627 617 800 661 prorsus
819 602 1103 660 prepositum*
1123 603 1333 648 obaudire.
1380 603 1500 656 Quod
1517 607 1567 648 ut
1584 604 1830 662 quantocius

274 683 462 726 noscioni
491 695 609 725 meae
639 681 801 736 claruit,
831 680 1034 724 instinctu
1062 694 1156 725 meo
1186 682 1489 726 communicato
1509 694 1606 726 cum
1625 682 1712 727 suis
1730 695 1834 740 pre*

273 760 434 817 positus
465 759 637 802 consilio
669 783 725 788 —
757 759 954 815 quoniam
982 771 1126 802 recens
1157 759 1359 816 scriptum
1391 759 1623 804 detuleram
1648 759 1836 805 flatrum·

275 862 330 868 —
364 851 416 881 ex
453 850 633 893 persona
666 836 856 894 ipsorum
886 835 1164 880 Theodericus
1197 836 1348 881 blande
1378 837 1687 894 conveniretur,
1725 850 1830 895 quan·

273 918 394 959 tenus
432 918 474 958 et
503 914 592 958 eius
621 914 751 957 iussio
781 914 827 957 in
858 913 1084 958 adventum
1114 914 1276 958 abbatis
1305 927 1437 971 usque
1466 914 1754 972 relaxaretur,
1780 915 1834 960 111·-

272 992 368 1036 ι8118
405 991 524 1036 verbi
562 991 868 1049 compactione,
907 994 955 1035 ut
990 991 1095 1049 ipsis
1126 991 1302 1036 domnus
1333 992 1462 1036 abbas
1491 996 1755 1050 moneretur,
1787 993 1833 1038 81

273 1070 373 1127 quid
403 1070 650 1114 correctioni
680 1069 933 1124 condignum
961 1069 1007 1112 in
1035 1069 1247 1126 utrisque⁶
1269 1069 1391 1126 foret,
1421 1069 1586 1127 placide
1605 1083 1828 1128 compone-

271 1151 406 1202 retur3
445 1147 491 1191 in
525 1147 592 1191 his
632 1161 730 1203 ergo
769 1147 1027 1204 conquievit,
1067 1161 1280 1204 quousque
1314 1150 1362 1191 ut
1391 1147 1550 1192 dictum
1579 1151 1645 1193 est
1673 1162 1763 1194 008
1760 1148 1834 1194 de

270 1225 360 1270 loco
390 1225 606 1269 mandavit
635 1223 841 1282 superflue
870 1225 1087 1269 transired.
1807 1236 1809 1240 ’

390 1302 464 1347 Set
501 1306 543 1348 et
572 1302 652 1346 hoc
680 1306 869 1360 tempore
900 1303 1112 1347 abbatissa
1142 1327 1198 1333 —
1228 1302 1314 1347 iam
1345 1302 1521 1360 depulsa
1547 1306 1597 1347 ut
1623 1303 1736 1349 infra
1756 1303 1835 1351 dn

271 1384 384 1425 ctum
422 1384 486 1424 est
521 1380 854 1436 miserabillime,
894 1380 1073 1437 qualiter
1110 1384 1227 1425 tante
1264 1380 1357 1438 quis
1386 1380 1618 1426 nobilitatis
1647 1395 1733 1426 non
1762 1385 1836 1427 αθ

271 1459 482 1503 auditum·
520 1459 581 1502 sic
620 1459 710 1503 sine
747 1472 859 1502 noxa
895 1458 947 1503 de
985 1458 1156 1516 proprio
1193 1458 1284 1502 loco
1322 1459 1438 1502 exire
1467 1482 1524 1489 -—
1556 1472 1658 1503 cum·
1683 1460 1827 1505 curiae

270 1535 595 1581 Frankenvorde
633 1536 761 1580 etiam
789 1536 948 1580 frustra
977 1539 1169 1580 conserta
1183 1535 1365 1592 fuisset,
1405 1536 1547 1593 sicque
1575 1536 1653 1581 1188
1682 1539 1830 1594 partes

271 1614 486 1672 provincie
514 1613 662 1658 revisit
691 1617 745 1670 et,
775 1616 824 1657 ut
851 1613 976 1670 vulgo
1005 1616 1169 1657 rotatur
1198 1613 1371 1657 consilio
1402 1616 1445 1657 et
1481 1613 1687 1658 adiutorio
1715 1614 1832 1660 eius—-

271 1693 367 1737 dem
383 1692 639 1748 Theoderici,
661 1704 940 1748 quoscumque
960 1694 1126 1748 poterat
1144 1691 1299 1736 milites
1319 1690 1486 1747 collegit
1505 1694 1549 1736 et
1566 1691 1833 1738 Kimenaden-

272 1770 326 1814 ad
359 1769 702 1827 repossidendam
730 1769 792 1813 ire
823 1769 1017 1813 decrevit.
1073 1768 1191 1821 Quod
1220 1771 1268 1812 ut
1296 1769 1451 1813 nostris
1480 1769 1827 1815 ministerialibus

272 1851 491 1906 expertum
519 1847 614 1903 fuit,
645 1847 796 1891 armati
825 1847 1039 1904 preposito
1069 1847 1339 1902 advenerunt,
1371 1850 1414 1891 et
1431 1846 1524 1904 ipse
1543 1847 1703 1904 pariter
1722 1860 1832 1905 quos

270 1928 436 1984 poterat
473 1925 527 1970 ad
561 1925 841 1970 resistendum
870 1924 938 1968 vel
974 1924 1119 1982 pocius
1155 1925 1209 1969 ad
1239 1924 1555 1982 despoliandum
1582 1924 1701 1969 illam
1729 1938 1834 1970 cunr

272 2004 358 2048 suis
388 2003 649 2048 coadunavit.
695 2002 752 2046 Et
780 2006 829 2046 ut
856 2002 934 2046 hec
951 2001 1044 2046 fieri
1063 2005 1249 2059 possent,
1279 2002 1434 2047 nostris
1453 2002 1570 2046 nulla
1588 2001 1833 2048 diffidens&

270 2082 371 2138 fuit,
411 2081 510 2138 quia
546 2083 588 2124 et
624 2080 719 2124 illos
760 2080 992 2137 quantitate
1031 2093 1080 2124 ae
1107 2080 1353 2124 fortitudine
1381 2083 1501 2124 tanta
1527 2079 1823 2138 precellebant,

270 2163 318 2204 ut
346 2172 431 2203 non
461 2158 575 2203 aliud
606 2158 772 2203 evenire
802 2158 1094 2215 opinarentur;
1125 2157 1280 2202 idcirco
1311 2160 1354 2201 et
1372 2161 1544 2202 conatus
1564 2157 1835 2203 adversario*

269 2250 364 2281 rum
393 2250 489 2281 cum
518 2236 838 2292 congregatione
868 2249 946 2279 sua
974 2235 1224 2293 dispersioni
1253 2235 1402 2293 patuit.

386 2314 637 2359 Prelatrices
673 2313 801 2358 etiam
831 2310 962 2358 duae¹
990 2313 1076 2358 iam
1105 2313 1337 2371 prelibatae
1366 2312 1419 2357 ob
1449 2311 1584 2356 victus
1614 2311 1839 2357 defectum:

270 2392 528 2437 transierunt
556 2392 610 2436 ad
640 2392 815 2436 electam
845 2388 985 2435 suam'
1015 2391 1061 2434 in
1080 2390 1307 2435 Larensse‘
1330 2389 1559 2445 castellum,
1588 2389 1731 2446 ibique
1749 2390 1822 2435 de-

270 2474 428 2527 gentes,
460 2484 540 2527 que
568 2470 614 2514 in
642 2469 733 2514 loco
763 2483 839 2514 suo
870 2469 1100 2525 agebantur
1130 2468 1387 2526 aliquamdiu
1413 2481 1498 2511 non
1519 2470 1743 2522 noverunt3
1773 2471 1824 2512 ut

271 2552 411 2594 autem
451 2548 639 2604 indagini
681 2561 756 2591 sue
789 2547 996 2604 obrepsit,
1041 2546 1285 2603 quantocius
1319 2544 1569 2590 Kiminaden
1602 2548 1831 2602 venerunt,

269 2626 602 2685 inportuniores‘³
639 2638 765 2682 quam
803 2625 1055 2680 condignum
1099 2624 1238 2668 fuerat
1274 2622 1428 2667 nostris
1467 2635 1512 2666 se
1544 2621 1820 2679 ingesserunt,

365 2731 394 2752 8.
420 2721 530 2752 fratres
558 2732 609 2760 ap.
627 2722 776 2751 Peru-‘um
800 2730 857 2759 pro
884 2719 958 2750 suis.
1039 2719 1069 2750 b.
1097 2721 1228 2760 sequitur
1254 2719 1347 2749 liure
1372 2718 1493 2758 exigua.
1575 2724 1603 2746 c.
1630 2716 1748 2757 inutsq3
1777 2727 1820 2755 ας

271 2775 379 2806 detrita
401 2781 445 2806 est
465 2776 564 2805 linem
585 2774 597 2804 i
617 2785 705 2812 super
724 2774 748 2804 t.
791 2775 926 2804 pertzius
947 2774 1068 2812 scripsit
1086 2772 1236 2812 iniusque.
1297 2771 1328 2802 d.
1347 2769 1487 2801 manre
1504 2780 1531 2801 c.
1560 2771 1610 2807 Cf.
1623 2780 1717 2809 supra
1730 2770 1822 2801 verb·

270 2829 362 2858 haec.-
390 2837 444 2867 per
469 2828 596 2859 nuncios
623 2835 695 2858 suos
716 2826 754 2858 de
775 2826 846 2857 inde
866 2826 1078 2864 transmigrare
1098 2825 1244 2865 precepit.
1317 2833 1344 2855 e.
1364 2823 1386 2854 'n
1406 2823 1425 2854 ὅ
1449 2822 1585 2854 anditum
1605 2834 1631 2854 c.
1705 2822 1727 2854 f.
1747 2822 1819 2854 Lar-

269 2890 353 2912 resse
375 2892 426 2920 ορ.
441 2883 599 2912 Pontium.
682 2889 709 2919 g.
730 2879 939 2920 inportunior&
959 2891 985 2910 c.

364 2944 396 2980 1.
422 2943 571 2981 Β808118
593 2946 633 2981 et
654 2942 926 2990 praepositissa.
1020 2943 1055 2979 2.
1079 2939 1343 2988 Helmburgim.
