1930 3242
624 194 832 227 ANNALES
863 191 1169 226 commanens
1617 175 1676 219 43

235 293 362 337 1115.
407 292 594 336 Saxones
622 294 768 335 contra
787 290 1033 334 Heinricum
1049 287 1086 332 V
1106 286 1264 332 bellum
1290 286 1478 329 fecerunt
1506 285 1550 328 in
1564 282 1677 328 Wel-

113 370 319 431 pcshulte,
351 370 433 415 Dei
463 371 600 426 gratia
628 370 820 413 victores.
912 367 1090 419 Quidam
1119 379 1219 409 vero
1251 363 1450 408 scelestus
1470 362 1677 406 Burchar-

114 450 212 506 dus,
255 463 405 493 manus
444 451 592 493 contra
628 446 842 490 Christum
879 446 1072 500 mittens,
1111 443 1445 488 Erchenbertum
1484 441 1678 485 abbatem

113 528 357 586 captivavit,
389 530 432 571 et
460 530 509 571 ut
539 526 628 571 200
656 537 821 568 marcas
852 523 1100 578 exsolveret,
1131 524 1273 579 preter
1293 520 1464 578 quaein
1485 519 1677 577 captione

114 606 278 662 amisit,
317 605 473 661 coegit,
511 617 588 662 per
618 603 696 646 hoc
725 599 823 646 vere
853 601 1008 644 inferni
1039 613 1169 658 penas
1199 602 1430 653 mercatus3
1463 601 1604 642 actum
1633 597 1676 640 in

115 684 450 742 quadragesima,
482 682 550 725 die
582 679 913 725 annuntiationis
945 681 1115 722 sanctae
1145 677 1315 721 Mariae.

236 763 362 806 1116.
412 760 590 804 Sanctus
613 759 736 802 Vitus
766 759 812 801 in
841 757 943 801 villa
963 756 1102 800 Werle
1134 737 1353 812 quendam·
1373 753 1677 809 demoniacum,

114 853 210 885 cum
253 841 452 898 parentes
499 851 595 882 eum
638 840 783 880 nostro
828 834 1084 879 monasterio
1124 834 1413 877 adducendum
1451 833 1677 887 vovissent,

113 917 246 962 menti
275 917 475 962 restituit.
567 915 736 959 Bremia
765 918 868 969 tota,
897 912 1136 957 Wormacia
1164 925 1242 969 pro
1272 912 1425 955 maiori
1454 914 1576 969 parte
1607 924 1678 954 ex-

114 999 211 1041 usta
241 999 318 1052 est,
351 999 393 1039 et
421 994 701 1038 Frikenhurst
714 990 735 1035 ¹.
829 991 1053 1035 Certamen
1084 990 1196 1047 apud
1215 989 1508 1034 Wormaciam.

236 1075 363 1118 1117.
411 1073 567 1117 Terrae
596 1074 737 1115 motus
767 1083 945 1125 magnus
974 1070 1021 1112 in
1053 1068 1250 1112 Saxonia.

389 1340 941 1396 CI-[RONOGRAPHUS
988 1338 1408 1391 CORBEIENSIS.

236 1463 335 1507 790.
383 1462 473 1507 Hoc
511 1475 620 1506 anno
656 1460 801 1504 hostili
829 1459 1076 1517 pergatione
1105 1458 1284 1502 Karolus
1314 1472 1390 1502 rex
1421 1457 1682 1502 Pannoniam

115 1540 362 1585 devastavit.

236 1619 335 1663 844.
383 1618 474 1662 Hoc
513 1630 622 1661 anno
664 1615 919 1660 Loutharius
956 1629 1033 1659 rex
1063 1614 1343 1670 Rugiacenses
1376 1614 1578 1658 Scravos“
1610 1614 1682 1658 de-

115 1697 263 1752 victos,
296 1699 339 1741 et
366 1710 466 1752 rege
494 1697 685 1753 ipsorum
714 1697 932 1752 perempto
954 1693 1202 1750 Gestimulo,
1234 1693 1410 1737 tradidit
1434 1693 1531 1736 huic
1549 1706 1683 1737 novae

116 1771 356 1820 Gorbeiae*.

163 1910 166 1913 .
245 1849 268 1872 '⁸
296 1857 388 1893 Alia
406 1869 508 1892 manu
524 1868 612 1892 saec.
623 1855 709 1890 XII
721 1855 842 1890 addita
858 1854 943 1890 haec
957 1858 1055 1889 sunt:
1087 1850 1186 1894 844.
1210 1849 1455 1893 Hlotharius
1482 1863 1558 1893 rex
1587 1862 1683 1893 cum

296 1928 569 1974 orientalibus
600 1927 773 1972 Francis
804 1927 921 1970 venit
948 1927 994 1970 in
1026 1926 1224 1983 Slaviam,
1256 1927 1421 1983 Rugian
1440 1928 1680 1983 vocitatam,

296 2012 339 2053 et
367 2021 513 2051 eorum
542 2019 686 2062 regem
713 2003 993 2048 Gestimulum
1025 2006 1188 2061 occidit,
1221 2009 1464 2062 ceterosque
1485 2006 1565 2050 sibi
1585 2006 1683 2050 sub-

296 2083 404 2142 egit²
436 2089 479 2129 et
509 2084 626 2128 dedit
657 2083 855 2127 ecclesiae
885 2097 1019 2126 novae
1050 2082 1261 2127 Corbeiae.

240 2166 366 2209 1090.
415 2163 506 2207 Hoc
538 2175 646 2206 anno
677 2174 773 2204 cum
804 2161 1079 2216 dubitaretur,
1117 2175 1171 2204 an
1202 2161 1314 2218 apud
1343 2175 1419 2205 nos
1451 2165 1562 2205 esset
1592 2175 1682 2205 cor-

117 2257 197 2301 pus
234 2242 413 2300 preciosi
449 2241 570 2298 pueri
602 2243 644 2284 et
674 2239 862 2282 martiris
883 2239 990 2294 Viti,
1031 2239 1208 2282 domnus
1238 2239 1522 2283 Marcwardus
1554 2240 1682 2283 abbas

119 2334 214 2365 cum
245 2320 479 2365 senioribus
509 2318 741 2374 inquirenS,
774 2330 869 2359 cum
901 2317 1093 2360 omnibus
1124 2330 1232 2374 pene
1255 2317 1456 2361 membris
1478 2318 1565 2361 suis
1587 2332 1682 2361 eum

117 2399 279 2443 invenit
310 2400 333 2442 7
357 2397 454 2441 Idus
485 2396 592 2440 Iulii.

238 2476 388 2530 (1114)
421 2508 568 2518 .....
601 2473 699 2517 Dux
722 2475 861 2515 autem
881 2470 1119 2527 Liutgerus,
1141 2473 1186 2515 in
1206 2472 1300 2529 ipsa
1321 2486 1397 2515 sua
1418 2473 1682 2529 expeditione

120 2553 174 2598 ad
210 2553 431 2597 interiores
464 2552 611 2597 Slavos
649 2550 807 2594 habens
846 2549 891 2592 in
932 2549 1087 2592 auxilio
1123 2550 1407 2594 marchionem
1438 2550 1682 2594 Heinricum

121 2630 379 2676 Stadensem.
459 2630 538 2683 Qui
583 2631 851 2674 contraxerat
898 2626 1258 2684 Scyrcipensiumb
1306 2627 1550 2672 Sclavorum
1596 2630 1683 2672 300

212 2771 239 2793 a.
262 2754 374 2793 Sc'avos
397 2773 423 2792 c.
516 2762 545 2792 b.
571 2764 617 2792 sic
638 2767 681 2792 est
702 2763 731 2790 in
754 2762 819 2799 ipso
843 2759 946 2789 codice
968 2765 1129 2789 correctum
1151 2759 1411 2798 Scurcepensium.

215 2833 248 2868 1.
274 2830 524 2868 Frekenhorst
547 2841 661 2877 prope
687 2827 916 2872 Warendorf,
941 2839 963 2864 a
985 2829 1207 2865 Monasterio
1231 2829 1278 2865 ad
1303 2828 1490 2865 orientem.
1563 2829 1597 2864 2.
1624 2828 1680 2866 Cf.

121 2898 196 2937 eos,
221 2891 284 2937 qui
309 2891 347 2926 in
371 2891 563 2927 annalibus
584 2889 904 2927 Hersfeldensibus
929 2888 1104 2932 nituntur,
1132 2888 1281 2924 annales
1298 2887 1620 2925 Hildeshemenses
1644 2892 1682 2925 et

121 2950 481 2997 quedlinburgenses
505 2950 553 2987 ad
576 2961 609 2986 a.
627 2950 698 2986 844
721 2949 759 2985 in
783 2949 880 2985 Mon.
899 2949 1021 2985 Germ.
1040 2947 1102 2985 SS.
1122 2948 1187 2984 111.
1204 2947 1262 2984 46.

1700 683 1788 714 Mart.
1804 683 1844 714 25
