1924 3288
492 214 692 246 wmALm
719 214 969 247 nms'ronAE
997 213 1068 246 396.
1092 212 1163 245 397.
1521 202 1609 247 529

43 307 155 354 Nam
183 308 410 367 secundas,
443 324 545 367 quas
577 311 842 368 scripsimus,
881 313 1047 355 vestrae
1076 309 1357 366 magnitudini
1386 309 1504 367 prius
1537 324 1610 368 ap·
1635 311 1729 349 1152

43 391 287 446 portaverat
315 388 517 445 magister
545 388 764 433 Baldricus
787 388 1056 433 Treverensis
1070 385 1092 432 ¹.
1212 388 1270 432 Et
1298 401 1410 432 1111110
1441 388 1611 445 quidem

45 480 248 525 suspenso
279 480 329 511 ac
359 467 484 512 dubio
517 467 825 524 aliquantulum
860 467 1000 511 animo
1031 467 1317 525 scriptitamus
1346 470 1522 525 propter
1551 467 1611 511 le-

44 548 190 601 gatum
218 548 420 602 vestrum,
453 559 578 603 quem
607 546 751 590 venire
782 542 1040 590 audivimus²
1069 548 1134 589 set
1163 545 1478 603 pervenientem
1506 559 1611 589 non-

45 622 147 668 dum
177 624 427 682 accepimus,
457 627 506 668 ut
534 626 632 681 post
664 624 854 668 auditum
886 638 938 669 ex
966 624 1059 682 ipso
1081 623 1391 681 beneplacitum
1410 631 1611 681 vestrum,

43 704 262 759 tamquam
290 701 518 746 voluntarii
547 702 659 747 servi
687 703 819 747 vestri
849 703 902 746 ad
933 716 1101 746 omnem
1128 706 1277 746 nutum
1298 706 1485 747 vestrum
1516 703 1612 747 obe-

45 779 206 824 dientes
237 783 280 824 et
308 780 469 838 parati,
508 780 560 824 de
589 780 799 824 mandatis
829 780 981 825 vestris
1018 781 1272 839 exequendis
1304 782 1484 825 certiora
1514 795 1613 839 que-

45 858 144 903 dam
175 858 445 903 excellentiae
475 861 638 903 vestrae
668 859 974 904 intimaremus.

162 936 414 993 Enimver0‚
453 937 490 980 si
528 951 706 993 regnum
741 940 934 981 nostrum
973 938 999 981 a
1029 938 1115 982 suis
1146 937 1360 982 intestinis
1392 951 1440 982 ac
1470 938 1612 996 perni-

45 1015 286 1060 tiosissimis
316 1015 500 1060 motibus
531 1029 695 1060 cessare
717 1016 940 1072 aliquando
961 1019 1116 1074 posset,
1148 1016 1279 1060 nichil
1302 1020 1413 1061 esset
1432 1017 1615 1061 claritati

46 1097 211 1139 vestrae
241 1093 530 1150 dubitandum,
564 1094 665 1151 quin
695 1097 962 1138 sacrosancta
991 1098 1126 1138 mater
1147 1098 1294 1139 nostra
1312 1095 1502 1140 Romana
1523 1109 1614 1140 aec-

47 1171 176 1217 clesia
204 1172 410 1230 pristinae
441 1172 656 1228 dignitatis
688 1172 882 1217 decorem
912 1186 989 1230 per
1008 1173 1210 1217 virtutem
1232 1174 1437 1231 principis
1458 1171 1615 1218 nostri³

46 1254 192 1309 posset
219 1251 418 1309 recipere.
464 1250 606 1308 Atque
635 1251 811 1307 utinam,
843 1250 952 1295 bone
981 1251 1089 1308 Iesu,
1122 1252 1194 1308 qui
1214 1253 1420 1296 veraciter
1448 1253 1614 1297 dixisti:

47 1330 142 1387 qu
166 1345 250 1388 pro
282 1338 320 1374 te
348 1331 509 1388 royavi,
541 1330 680 1384 Pete-e,
712 1339 760 1373 ut
787 1345 874 1373 non
897 1331 1061 1386 deficiat
1078 1331 1189 1385 fides
1219 1327 1327 1385 tua⁴‚
1362 1331 1490 1374 etiam
1521 1344 1617 1375 cum

48 1405 188 1464 Patre,
220 1421 345 1464 quem
374 1421 518 1463 rogas,
549 1407 697 1463 largiri
728 1407 937 1463 digneris:
969 1411 1017 1451 ut
1045 1407 1231 1452 humana
1261 1409 1502 1453 defensione
1532 1423 1618 1453 non

49 1483 205 1543 egeat⁵,
245 1489 310 1530 set
346 1488 418 1530 tuo
458 1488 624 1530 tantum
655 1486 863 1530 adiutorio
897 1489 938 1530 et
969 1486 1237 1530 abstrahatur
1268 1487 1293 1531 a
1322 1487 1460 1531 noxiis
1493 1490 1535 1531 et
1565 1487 1619 1531 ad

48 1563 251 1608 salutaria
281 1564 499 1621 dirigatur.
561 1564 727 1608 Durum
766 1567 830 1608 est
860 1565 994 1621 enim,
1037 1578 1107 1609 eos
1139 1565 1319 1622 servire,
1361 1580 1464 1623 quos
1495 1569 1543 1609 tu
1572 1565 1619 1609 in

51 1642 255 1687 altissimo
274 1643 445 1701 imperii
465 1642 646 1687 culmine
666 1643 863 1698 dignatus
885 1657 928 1687 es
945 1642 1162 1687 collocare.
1197 1643 1270 1688 Set
1284 1644 1388 1688 haec
1403 1644 1617 1688 hactenus.

48 1721 160 1765 Nam
190 1721 398 1779 sapientia
427 1724 569 1765 vestra
592 1735 617 1764 a
636 1721 726 1765 Deo
756 1721 994 1765 illuminata
1025 1724 1067 1765 et
1093 1735 1169 1765 nos
1190 1722 1423 1778 intelliget*
1454 1726 1496 1766 et
1525 1722 1620 1780 plu-

49 1800 161 1844 rima
189 1799 418 1858 prudenter
448 1799 672 1857 disponere
703 1800 930 1844 consuevit.
979 1799 1218 1844 Scribemus
1240 1801 1427 1858 apertius
1459 1803 1501 1844 et
1522 1814 1620 1858 pro-

49 1877 192 1934 lixius,
224 1891 321 1922 cum
351 1891 404 1921 ex
432 1876 570 1933 legato
601 1881 755 1934 vestro,
789 1878 890 1935 quid
920 1892 1024 1936 opus
1056 1879 1112 1922 sit
1141 1879 1265 1935 facto,
1298 1879 1566 1923 audierimus.

170 1956 236 2001 De
257 1970 384 2000 causa
402 1955 548 1999 latoris
568 1956 830 2013 presentium
854 1957 982 2014 pedes
1004 1957 1240 2001 sanctitatis
1261 1960 1426 2001 vestrae
1448 1957 1621 2001 deoscu-

51 2034 203 2091 lamur,
223 2038 272 2079 ut
292 2048 388 2079 eum
409 2037 555 2078 contra
578 2035 938 2092 presumptionem
952 2034 1158 2079 laicorum
1174 2035 1355 2079 solidare
1376 2035 1620 2091 dignemini,

53 2128 107 2159 ne
144 2113 397 2170 glorientur,
438 2126 483 2157 se
519 2112 753 2157 hereditate
792 2113 1078 2157 sanctuarium
1115 2113 1197 2157 Dei
1235 2114 1471 2172 possidere3
1511 2113 1623 2170 quod

55 2192 184 2237 etiam
213 2205 290 2249 per
321 2191 649 2247 successionem,
690 2191 921 2235 ordinando
959 2191 1155 2236 videlicet
1190 2192 1237 2236 in
1274 2191 1476 2237 aecclesia
1513 2190 1623 2235 filios

54 2270 411 2328 predecessorum,
440 2270 643 2314 festinant
672 2270 907 2328 profanare.

58 2412 176 2461 397.
201 2415 412 2459 Wibaldus
442 2414 599 2458 Hillino
631 2414 937 2472 archiepiscopo
972 2414 1210 2458 Treverensi
1247 2416 1459 2472 diqnitatis
1489 2430 1624 2458 acces-

204 2495 359 2536 sionem
386 2493 632 2550 9ratulatur.
697 2492 805 2536 Suos
835 2493 1101 2535 commendat.
1407 2490 1480 2546 (M.
1504 2492 1622 2547 377.)

175 2582 417 2627 Reverendo
449 2581 562 2639 patri
593 2594 667 2624 suo
697 2584 739 2624 et
758 2580 926 2624 domino
947 2580 1140 2636 H(illino)
1163 2584 1332 2624 sanctae
1353 2581 1623 2626 Treverensis
1649 2589 1743 2624 1152

59 2659 283 2705 aecclesiae
314 2659 543 2705 venerabili
579 2658 892 2716 archiepiscopo
930 2659 1062 2703 frater
1090 2658 1344 2714 W(ibaldus)
1376 2659 1457 2703 Dei
1487 2661 1624 2715 gratia

58 2738 116 2795 id,
149 2738 259 2795 quod
290 2742 354 2783 est
382 2739 428 2782 in
459 2737 660 2782 aecclesia
690 2737 907 2793 catholica,
940 2737 1111 2794 exiguas
1133 2737 1343 2782 orationes
1366 2741 1407 2782 et
1427 2738 1624 2783 devotum

59 2816 290 2861 servitium.

157 2909 185 2931 a.
212 2899 340 2938 intellig.
362 2911 387 2930 c.

157 2958 191 2994 1.
216 2958 263 2995 de
288 2968 362 3004 quo
387 2956 433 2994 cf.
461 2967 519 3004 ep.
536 2957 581 2993 91
607 2967 719 3003 supra
737 2967 774 3003 p.
788 2956 860 2994 164
875 2967 913 2994 n.
925 2958 962 2994 2.
1057 2958 1092 2993 2.
1116 2956 1163 2995 V.
1180 2967 1237 3003 ep.
1256 2957 1325 2993 391
1351 2968 1462 3004 supra
1485 2969 1523 3004 p.
1540 2958 1621 2995 522.

62 3017 96 3054 3.
122 3017 300 3054 Friderici
324 3017 433 3064 regis.
538 3017 574 3053 4.
598 3018 690 3054 Luc.
706 3017 762 3064 22,
780 3018 839 3054 32.
942 3017 978 3054 5.
1002 3015 1208 3063 Suspirium
1232 3016 1303 3054 hoc
1327 3017 1426 3056 clare
1447 3018 1623 3065 loquitur.

122 3082 227 3116 Jnni.
249 3084 438 3113 Bibliotheca
458 3084 480 3112 1.
1294 3083 1341 3119 34
