1924 3288
259 180 346 224 622
811 193 954 225 num
983 193 1304 226 EPISTOLARUM

259 337 376 384 Super
398 339 545 384 negotio
569 341 692 375 vestro
733 365 741 373 .
791 365 799 374 .
851 366 859 374 .
910 366 918 374 .
966 297 1035 376 ἒῗῖ
1083 340 1309 378 Venerabilis
1333 339 1445 377 frater
1467 343 1591 378 noster
1612 341 1755 389 Philip-¹
1791 301 1861 331 1²⁸3·

259 397 375 444 Super
397 398 545 444 negotio
569 400 692 434 vestro
733 424 741 432 .
793 424 800 432 .
851 425 859 433 .
911 425 918 433 .
967 399 1062 548 582⁴
1130 411 1199 446 pus
1265 427 1745 438 .........
1791 403 1863 440 584

258 457 376 504 Super
398 458 633 504 querimonia,
658 467 767 503 quam
794 484 800 491 .
851 484 859 492 .
910 485 917 492 .
966 459 1036 495 586
1082 459 1299 496 Venerande
1323 462 1428 505 pater
1445 463 1483 496 et
1501 486 1743 497 ......
1789 463 1862 500 496

258 517 447 564 Supplices
471 521 582 563 atque
605 517 758 552 devotas
793 543 801 551 .
851 543 858 552 .
908 543 918 554 .
966 518 1036 554 568
1085 519 1244 556 Veniens
1269 519 1317 555 ad
1340 529 1407 556 nos
1431 519 1585 556 dilectus
1617 546 1626 555 .
1675 546 1683 555 .
1735 547 1743 556 .
1815 509 1862 558 98

258 576 427 623 Suscepti
450 576 636 623 regiminis
659 586 727 612 nos
793 603 800 611 .
852 603 859 610 .
909 603 917 611 .
965 578 1036 613 488
1085 578 1246 615 Veniens
1270 578 1318 614 ad
1342 589 1408 614 nos
1431 578 1549 615 fidelis
1618 606 1626 614 .
1676 605 1685 614 .
1735 606 1743 615 .
1791 581 1862 618 592

259 639 363 673 'l'am
387 637 537 672 rationis
561 646 670 682 quam
733 661 741 671 .
793 661 800 670 .
851 662 859 670 .
910 662 918 670 .
966 637 1036 672 572
1084 637 1245 673 Veniens
1271 637 1318 673 ad
1341 648 1408 674 nos
1431 637 1568 674 frater.
1618 665 1626 673 .
1676 666 1684 673 .
1736 665 1744 674 .
1788 639 1862 676 ‚437

257 696 438 732 Tenorem
459 696 659 732 litterarum
684 695 819 731 domini
852 721 860 730 .
911 722 919 730 .
965 695 1035 731 411
1084 696 1245 732 Veniens
1270 697 1317 733 ad
1341 700 1503 734 nostram
1525 697 1745 744 presentiam
1789 698 1862 735 486

257 755 504 792 Theodericus
528 755 575 791 de
600 754 787 791 Salenrivo
852 782 858 789 .
910 781 917 790 .
968 755 1036 791 186
1086 756 1245 792 Veniens
1270 756 1318 792 ad
1340 767 1408 793 nos
1431 756 1648 795 venerabilis
1677 785 1684 793 .
1735 785 1744 794 .
1792 759 1861 803 267

258 814 342 851 Tibi
366 815 447 851 dieo
470 816 512 850 L.
529 818 654 861 pastor
677 841 917 849 .....
991 814 1038 851 64
1084 815 1302 852 Venientem
1326 816 1374 852 ad.
1398 817 1617 863 apostolicae
1677 843 1686 852 .
1735 844 1744 853 .
1790 818 1861 854 481

257 875 387 911 Totius
412 885 545 911 causae
569 878 716 911 nostrae
734 900 742 909 .
793 900 801 909 .
852 900 860 908 .
911 901 918 908 .
968 874 1036 910 107
1084 874 1300 911 Venientem
1326 875 1374 911 ad
1396 886 1464 913 nos
1487 875 1635 914 fratrem
1677 903 1685 912 .
1709 902 1711 904 -
1734 903 1743 912 .
1791 877 1861 914 291

257 934 539 970 Transmisimus
564 934 613 970 ad
636 934 867 970 sanctitatem
911 960 918 967 .
966 933 1037 969 450
1084 934 1283 971 Venientes
1308 935 1356 970 ad
1379 935 1565 972 dominum
1618 962 1626 971 .
1677 963 1684 972 .
1735 963 1743 972 .
1792 937 1864 974 114

257 993 361 1029 Tuae
385 993 570 1029 dilectioni
594 997 720 1030 notum
735 1019 743 1028 .
794 1019 803 1028 .
854 1019 861 1027 .
911 1019 919 1028 .
966 993 1038 1029 490
1086 993 1284 1030 Venientes
1309 994 1357 1030 ad
1380 1005 1447 1031 nos
1471 995 1594 1032 dilecti
1620 1022 1628 1030 .
1677 1022 1687 1031 .
1735 1021 1744 1032 .
1790 997 1864 1033 404

257 1053 361 1089 Tuae
383 1052 551 1089 fidelitati
574 1063 639 1099 per
674 1079 918 1087 .....
990 1053 1037 1088 83
1084 1053 1283 1090 Venientes
1307 1054 1355 1090 ad
1374 1065 1441 1091 nos
1461 1054 1657 1092 stabulaus
1677 1081 1685 1090 .
1735 1081 1744 1091 .
1792 1056 1863 1092 295

257 1111 338 1149 {Ibi
361 1112 572 1148 mandatum
597 1115 636 1149 et
677 1138 918 1146 .....
966 1112 1037 1148 485
1084 1112 1261 1149 Venimus
1286 1113 1334 1149 ad
1358 1114 1494 1150 curiam
1559 1140 1568 1149 .
1618 1141 1626 1150 .
1677 1141 1685 1149 .
1735 1141 1744 1150 .
1792 1115 1864 1152 374

257 1171 513 1208 Universitatis
535 1174 681 1208 vestrae
706 1170 890 1208 doloribus
911 1199 917 1205 .
967 1172 1035 1208 521
1083 1173 1196 1210 Venit
1223 1173 1271 1209 ad.
1306 1183 1373 1210 nos
1402 1172 1593 1210 Corbeiam
1627 1174 1744 1221 capel-

257 1231 558 1278 Unumquemque
582 1231 737 1278 propriis
793 1257 800 1265 .
851 1257 859 1265 .
909 1257 917 1265 .
965 1231 1036 1267 486
1131 1232 1235 1268 lanus
1266 1258 1744 1269 .........
1791 1234 1862 1272 406

257 1290 308 1327 Ut
329 1292 402 1327 iam
426 1302 492 1337 per
514 1291 637 1337 plures
676 1316 916 1325 .....
966 1291 1037 1326 334
1083 1291 1195 1328 Venit
1219 1291 1267 1327 ad
1290 1302 1357 1328 nos
1382 1291 1572 1330 Corbeiam
1595 1291 1708 1330 frater
1736 1319 1744 1328 .
1793 1294 1862 1330 196

256 1350 307 1387 Ut
329 1361 522 1397 processus
546 1350 684 1386 itineris
732 1374 742 1385 .
793 1376 799 1383 .
851 1376 858 1384 .
909 1376 917 1384 .
967 1351 1036 1386 126
1083 1351 1195 1387 Venit
1218 1351 1266 1386 ad
1289 1362 1357 1388 nos
1381 1352 1599 1389 venerabilis
1618 1379 1625 1387 .
1677 1379 1684 1387 .
1735 1378 1743 1388 .
1791 1353 1861 1390 251

256 1410 432 1446 Vacante
456 1410 681 1446 Traiectensi
733 1435 741 1443 .
791 1434 799 1443 .
850 1435 858 1443 .
909 1435 917 1443 .
964 1409 1035 1445 452
1083 1409 1217 1456 Verba,
1243 1421 1337 1456 quae
1362 1412 1556 1457 scripsistis
1618 1437 1626 1446 .
1676 1437 1685 1447 .
1734 1438 1743 1447 .
1790 1412 1862 1449 413

256 1468 483 1506 Venerabilis
507 1479 551 1504 ac
575 1468 729 1504 dilectus
791 1494 799 1502 .
849 1495 856 1502 .
909 1495 916 1502 .
965 1469 1036 1504 310
1083 1470 1238 1506 Vestrae
1262 1471 1400 1507 litteras
1425 1471 1658 1517 benignitatis
1676 1498 1684 1506 .
1735 1498 1743 1506 .
1791 1472 1862 1509 378

256 1528 484 1565 Venerabilis
515 1527 626 1563 frater
656 1533 780 1563 noster
804 1527 917 1564 abbas
965 1528 1035 1564 552
1085 1529 1349 1565 villicationem
1371 1534 1533 1566 nostram
1560 1557 1567 1564 .
1618 1557 1625 1565 .
1676 1557 1685 1566 .
1735 1558 1743 1566 .
1790 1531 1862 1568 543

256 1587 483 1625 Venerabilis
495 1585 607 1623 frater
617 1590 740 1623 noster
753 1587 915 1633 I(ngran-
1084 1588 1184 1625 Visis
1208 1589 1426 1625 sinceritatis
1449 1593 1536 1626 tuae
1557 1618 1563 1624 .
1618 1616 1625 1624 .
1676 1617 1683 1624 .
1734 1616 1742 1625 .
1791 1591 1861 1627 331

304 1648 387 1691 nus)
437 1673 915 1682 .........
966 1648 1032 1683 171
1085 1648 1318 1685 Voluntatem
1343 1648 1489 1694 quidem
1514 1649 1651 1685 domini
1677 1675 1684 1684 .
1734 1675 1742 1684 .
1790 1649 1862 1686 412
