1924 3288
540 213 738 245 WIBALDI
767 211 1015 244 nmsToLAE
1049 212 1118 243 180.
1141 212 1211 243 181.
1567 201 1650 244 301

91 311 134 353 et
169 310 358 352 extrema
394 307 582 365 pericula
620 323 696 353 sua
725 308 921 353 clementi
951 309 1209 366 protectione
1238 308 1445 366 provexit.
1509 307 1654 351 Virtus
1681 313 1773 348 1149

88 389 230 431 vestra
259 388 301 431 et
328 386 557 442 industria,
592 401 668 444 per
699 387 779 431 Dei
809 388 1042 445 potentiam
1073 387 1176 443 alte,
1207 386 1437 431 terribilem
1467 399 1542 430 vos
1574 387 1654 429 ini·
1695 363 1758 392 Μ’

89 465 210 509 micis
249 463 492 519 effecerunt3
533 465 644 509 unde
683 470 725 509 et
761 480 882 509 mora
921 466 1139 509 abicienda
1178 468 1261 521 est,
1302 468 1344 509 et
1374 465 1474 509 dum
1505 468 1655 508 cuncta

90 546 266 601 pavent,
303 542 506 587 utendum
537 547 601 587 est
629 544 791 588 ratione
819 545 1042 602 temporis,
1075 547 1118 587 et
1148 543 1360 587 curvanda
1390 546 1508 599 sunt,
1548 557 1655 600 quae

90 621 176 665 iam
204 620 317 665 flecti
345 624 565 679 ceperunt,
604 625 646 665 et
675 625 771 666 ante
802 623 928 666 corda
957 622 1177 667 rebellium
1207 621 1492 679 percellenda,
1529 635 1654 678 quam

90 699 378 744 convalescere
410 699 435 743 a
463 703 579 743 metu
609 700 826 757 incipiant.

209 777 513 835 Conquerimur
543 781 684 822 autem
716 779 932 823 serenitati
962 782 1139 834 vestrae,
1173 778 1283 834 quod
1303 777 1534 822 Mindensis
1566 779 1655 835 epi-

91 869 241 914 scopus
254 853 265 874 ¹
284 856 514 914 plurimum
544 870 620 900 nos
652 860 800 912 gravat
832 860 874 900 et
893 857 1094 900 hactenus
1115 856 1336 914 impedivit
1358 857 1408 900 de
1428 857 1494 900 his
1516 856 1654 912 rebus,

92 949 194 992 quas
225 934 468 979 Gorbeiensi
506 935 730 979 aecclesiae
769 935 1040 991 attribuistis,
1081 935 1350 978 Kaminatam
1380 935 1576 978 videlicet
1616 938 1657 978 et

89 1013 275 1057 Visbick.
404 1012 462 1056 Et
497 1013 544 1056 in
573 1013 799 1057 Kaminata
830 1014 1017 1070 quidem,
1056 1014 1129 1057 ubi
1159 1014 1312 1057 fratres
1343 1016 1508 1057 nostros
1539 1013 1656 1056 iussu

89 1095 228 1136 vestro
260 1091 624 1147 ordinaveramus,
664 1092 853 1135 divinum
884 1091 1066 1136 officium
1097 1091 1299 1136 celebrari
1330 1092 1564 1149 prohibuit3
1605 1091 1655 1135 de

90 1170 207 1214 cuius
237 1169 570 1227 possessionibus
601 1170 784 1214 mediam
813 1170 901 1213 fere
931 1173 1119 1227 partem⁰
1145 1170 1374 1213 amisimus.
1487 1170 1535 1213 In
1565 1169 1655 1213 loco

90 1262 189 1292 vero
219 1247 410 1292 Visibick
448 1238 663 1305 nunquam
693 1249 964 1304 intravimus,
1004 1261 1082 1291 nec
1118 1261 1291 1305 passum
1329 1248 1448 1305 pedis
1485 1248 1537 1291 de
1567 1251 1656 1291 tota

90 1326 353 1384 possessione
382 1326 443 1370 ibi
462 1326 699 1384 pertinente
723 1326 858 1370 adhuc
878 1327 1147 1382 obtinuimus,
1179 1326 1427 1383 prohibente
1448 1326 1527 1369 hoc
1547 1325 1655 1369 Min-

90 1404 210 1448 densi
249 1404 444 1462 episcopo
486 1407 527 1448 et
563 1405 714 1448 comite
749 1404 904 1448 Adulfo
945 1405 995 1449 de
1027 1402 1373 1459 Scowenborch²;
1414 1405 1487 1448 ubi
1528 1405 1655 1448 etiam

90 1482 181 1540 ipse
211 1481 443 1526 Mindensis
475 1483 695 1541 episcopus
726 1498 793 1527 res
823 1484 1069 1527 monasterii
1098 1497 1174 1541 per
1203 1484 1354 1527 fratres
1387 1482 1655 1540 Cappenber-

91 1575 239 1617 genses
270 1560 491 1605 ordinavit.
541 1561 622 1605 Pro
655 1576 737 1619 qua
766 1576 812 1606 re
844 1561 1131 1618 Corbeienses,
1164 1561 1236 1618 qui
1255 1561 1373 1606 vobis
1395 1562 1446 1605 de
1477 1562 1656 1619 pecunia

90 1638 353 1695 iuraverant,
392 1639 574 1696 solvere,
612 1644 702 1684 tota
739 1640 939 1684 aecclesia
975 1640 1253 1696 reclamante,
1292 1654 1377 1684 non
1413 1643 1654 1697 potuerunt.

92 1716 277 1769 Quantas
303 1732 402 1761 vero
434 1718 708 1763 adversitates
740 1722 782 1762 et
813 1722 989 1775 quantas
1021 1733 1226 1776 expensas
1257 1733 1333 1777 pro
1366 1719 1524 1763 eisdem
1553 1718 1655 1762 locis

92 1795 435 1851 sustinuerimus,
472 1795 636 1853 plenius
669 1810 743 1840 suo
775 1800 976 1854 tempore,
1009 1800 1173 1841 vestrae
1204 1797 1449 1842 clementiae
1481 1797 1654 1852 genibus

93 1873 234 1930 affusi,
265 1874 506 1917 referemus.
628 1875 685 1918 Et
713 1889 844 1931 nunc,
877 1878 1077 1932 quantum
1110 1878 1251 1919 vestra
1279 1876 1477 1918 maiestas
1510 1875 1655 1930 digna-

91 1952 205 1996 bitur
244 1955 286 1996 et
321 1955 522 2008 quantum
559 1956 704 1997 nostra
741 1953 1006 1997 mediocritas
1046 1954 1253 1997 sustinere
1283 1953 1415 2009 valet,
1455 1953 1506 1997 de
1544 1956 1656 1996 statu

91 2034 230 2074 vestro
262 2034 304 2074 et
333 2031 454 2086 regni
482 2030 616 2087 nobis,
647 2031 837 2076 fidelibus
865 2032 1031 2088 vestris,
1065 2031 1299 2087 significare
1329 2045 1414 2074 non
1446 2031 1653 2075 abnuatis.

91 2108 304 2153 Victorem
334 2122 408 2153 vos
441 2112 483 2153 et
511 2108 762 2154 incolumem
793 2116 1010 2154 conservet
1040 2111 1303 2167 omnipotens
1335 2109 1554 2153 Dominus.

99 2251 212 2299 181.
242 2254 457 2297 Conradus
482 2252 557 2297 III
583 2269 658 2296 rex
695 2254 927 2298 Wibaldum
971 2256 1037 2298 die
1076 2255 1134 2298 15
1170 2271 1223 2297 m.
1255 2257 1432 2313 Auyusti
1466 2255 1654 2298 Franco-

231 2331 397 2390 fwrtum
429 2332 487 2374 ad
514 2347 557 2374 se
586 2332 723 2373 venire
753 2333 873 2375 iubet.
1435 2331 1507 2386 (M.
1538 2333 1652 2386 169.)

212 2419 461 2475 C(onradus)
493 2420 573 2464 Dei
602 2420 739 2476 gratia
758 2419 1040 2464 Romanorum
1067 2435 1144 2465 rex
1162 2420 1390 2477 W(ibaldo)
1413 2421 1654 2466 Corbeiensi
1680 2426 1771 2462 1149

94 2502 135 2543 et
166 2497 407 2543 Stabulensi
436 2498 577 2543 abbati
607 2498 787 2554 gratiam
818 2512 937 2542 suam
969 2502 1010 2542 et
1041 2513 1163 2543 omne
1193 2500 1360 2544 bonum.

213 2576 327 2620 Certi
348 2591 506 2633 sumus,
532 2577 656 2633 quod,
679 2576 730 2620 de
753 2590 926 2620 numero
947 2576 1135 2620 fidelium
1154 2581 1394 2621 nostrorum
1413 2578 1651 2634 precipuus,

94 2654 357 2713 inopinatum
392 2655 575 2699 reditum
612 2658 803 2698 nostrum
839 2668 1003 2698 summa
1032 2655 1169 2699 cordis
1202 2655 1418 2699 alacritate
1449 2655 1652 2713 suscipias

191 2747 218 2769 a.
261 2740 324 2769 arte
347 2751 373 2769 c.

189 2797 222 2832 1.
239 2747 455 2834 liffeinricus.
533 2798 568 2834 2.
592 2797 638 2834 V.
653 2795 854 2842 chronogr.
873 2795 1084 2832 Corbeiens.
1102 2806 1212 2841 supra
1227 2807 1264 2842 p.
1278 2796 1334 2833 55.
1349 2797 1408 2833 56.
1434 2796 1547 2833 Cuius
1564 2796 1652 2833 rela-

93 2854 232 2892 tionem
258 2856 289 2892 si
314 2867 397 2892 cum
421 2856 492 2893 hoc
516 2857 692 2903 epistolae
718 2856 824 2892 istius
847 2856 929 2892 loco
955 2856 1164 2901 contuleris,
1189 2856 1352 2892 Heinrici
1377 2856 1541 2902 episcopi
1562 2856 1652 2892 Min-

94 2915 219 2952 densis
243 2919 281 2952 et
304 2915 465 2953 Wibaldi
490 2916 775 2954 controversiam
808 2916 992 2962 intelliges
1023 2916 1094 2952 iam
1129 2926 1253 2953 mense
1278 2916 1477 2954 Februario
1507 2928 1540 2953 a.
1560 2917 1650 2954 1147

96 2985 217 3011 orsam
242 2986 335 3012 esse.
