1924 3288
307 170 396 214 300
750 179 947 210 wrnALm
976 177 1225 210 EPISTOLAE
1254 177 1414 209 179.180.

192 281 282 362 1149
307 276 457 321 dilecto
502 289 577 320 suo
614 273 843 318 venerabili
881 272 1182 329 chorbegensis
1227 271 1451 316 aecclesiae
1495 272 1636 318 abbati
1678 272 1858 328 gratam

307 368 426 399 suam
457 357 499 397 et
529 366 650 396 omne
680 347 849 396 bonumJ
1822 390 1827 394 .

371 431 531 483 Quia
565 431 674 473 inter
713 429 930 473 universos
966 428 1085 484 regni
1121 427 1255 472 nostri
1291 427 1503 484 principes
1527 426 1671 473 nullus
1700 394 1766 473 est
1791 441 1858 472 re—

307 514 472 568 pertus,
513 509 584 565 qui
621 506 780 551 fidelis·
818 506 886 550 vel
921 506 1042 550 nobis
1081 505 1149 550 vel
1182 504 1268 549 filio
1307 507 1450 548 nostro
1488 517 1565 562 pro
1599 518 1725 563 posse
1761 508 1858 551 tuo·

306 592 403 646 post
439 587 670 631 discessum
698 587 889 628 nostrum
920 583 1120 639 astiterit,
1160 582 1397 640 specialiter
1425 581 1617 628 fidelitati
1644 585 1743 629 tuae
1770 586 1861 631 tam

304 666 426 710 factis
465 677 592 721 quam
620 663 759 707 verbis
800 664 940 718 grates
978 661 1135 705 referre
1167 660 1436 706 intendimus.
1498 659 1614 705 Scire
1645 660 1859 718 itaque,te

305 743 510 799 volumus,
543 755 666 786 sanos
697 743 740 784 et
769 740 874 784 bene
894 738 1080 783 valentes
1109 739 1156 782 in
1186 741 1333 782 octava
1360 735 1644 796 pentecostes¹
1663 736 1859 793 1111118110-

304 834 404 864 nam
433 820 687 877 pervenisse,
719 818 819 875 quia
847 817 893 861 id
922 816 1106 860 maxime
1134 819 1178 860 te
1207 815 1445 860 desiderare
1474 815 1759 872 cognovimus.
1780 860 1781 864 ,
1824 866 1825 869 ¹

310 974 423 1021 180.
447 974 657 1018 W'ibaldus
689 972 923 1016 Com-adm
945 969 1019 1014 ΙΙΙ
1037 985 1174 1028 reqem
1202 972 1246 1014 in
1273 970 1541 1014 Germaniam
1567 985 1775 1026 reversum*
1800 972 1861 1023 ad

452 1068 518 1095 res
549 1052 730 1095 celeriter
757 1050 959 1107 yerendas
987 1047 1185 1090 hortatur.
1225 1047 1466 1091 Ham-ioum
1493 1049 1728 1107 episcopum
1745 1047 1859 1102 Min-

453 1131 616 1172 demem
646 1129 696 1171 de
725 1127 888 1170 iniuriis
916 1127 994 1169 sibi
1022 1126 1147 1168 illatis
1177 1133 1350 1168 accusat.
1642 1123 1715 1179 (Μ.
1741 1124 1858 1180 163.)

188 1226 279 1262 1149
423 1218 570 1262 11101110
600 1215 896 1274 triumphatori
927 1214 952 1259 a
970 1213 1060 1258 Deo
1091 1218 1287 1258 coronato
1317 1217 1360 1258 et
1388 1213 1569 1258 exaltato
1593 1213 1858 1260 serenissimo

200 1276 264 1306 lun.
305 1297 473 1341 domino
520 1309 595 1339 suo
633 1293 858 1349 G(onrado)
895 1292 1178 1336 Romanorum
1221 1292 1466 1349 imperatori
1510 1294 1688 1347 augusto
1727 1291 1860 1337 stater

304 1373 556 1428 W(ibaldus)
587 1372 669 1416 Dei
704 1375 746 1416 et
775 1374 915 1415 vestra
944 1370 1080 1425 gratia
1107 1369 1153 1412 id
1182 1369 1293 1425 quod
1322 1373 1386 1413 est
1414 1369 1459 1412 in
1489 1369 1689 1414 aecclesia
1715 1369 1859 1415 catho-

303 1452 398 1507 lica,
430 1450 608 1494 salutem
637 1451 682 1493 in
712 1463 774 1505 eo,
807 1449 879 1505 qui
909 1448 982 1491 dat
1010 1447 1187 1491 salutem
1216 1446 1384 1502 regibus
1393 1443 1421 1490 ¹.

425 1528 542 1572 Sicut
570 1527 801 1571 infidelium
831 1529 992 1570 mentes
1019 1525 1070 1569 de
1089 1525 1301 1582 insperato
1322 1524 1503 1568 adventu
1521 1526 1662 1568 vestro
1680 1523 1859 1569 nimium

304 1609 592 1652 consternatae
629 1608 748 1661 sunt,
786 1605 848 1648 ita
882 1603 1068 1647 fidelium
1097 1605 1329 1646 vestrorum
1363 1602 1493 1646 animi
1521 1604 1637 1646 tanto
1667 1601 1858 1647 coelestis

303 1684 489 1729 muneris
519 1682 719 1727 beneficio
749 1682 977 1740 plurimum
1007 1684 1105 1724 sunt
1134 1680 1367 1724 exhilarati.
1412 1680 1460 1723 In
1489 1693 1666 1736 quorum
1683 1693 1858 1724 numero

302 1765 448 1806 nostra
475 1761 664 1819 parvitas
694 1773 779 1804 non
807 1759 1002 1803 inmerito
1034 1761 1260 1814 aggregata
1286 1761 1404 1802 tanto
1435 1757 1596 1802 exultat
1615 1756 1782 1814 gaudio,
1810 1760 1859 1802 ut

303 1855 399 1885 cum
427 1839 667 1897 patriarcha
696 1838 817 1882 Iacob
847 1838 984 1881 dicere
1013 1836 1241 1894 possimus:
1283 1836 1451 1893 Sufficit
1477 1836 1602 1889 mihi,
1638 1835 1792 1879 vadam
1821 1842 1859 1879 et

303 1919 447 1963 videbo
486 1919 699 1961 dominum
736 1911 905 1959 meum⁸.
973 1914 1030 1958 Et
1066 1928 1143 1958 nos
1181 1913 1370 1970 quidem,
1409 1913 1482 1970 qui
1515 1925 1681 1970 semper
1717 1912 1857 1959 anino

305 2000 347 2040 et
383 1995 570 2040 oratione
610 1997 735 2051 atque
770 1992 852 2036 fide
889 1993 1103 2037 vobiscum
1141 1991 1318 2046 fuimus,
1355 1991 1441 2034 iam
1477 1990 1523 2034 in
1559 1990 1653 2048 ipso
1688 1990 1857 2048 imperii

305 2073 435 2118 vestri
463 2073 656 2128 ingressu
686 2070 893 2128 corporali
922 2069 1135 2127 presentia
1164 2069 1280 2114 vobis
1311 2069 1646 2124 occurrissemus,
1675 2067 1762 2113 nisi
1787 2081 1858 2112 ra*

303 2152 428 2210 pinae
466 2154 508 2194 et
535 2149 729 2193 incendia
758 2149 977 2192 cotidianis
1006 2147 1215 2205 pressuris
1244 2146 1561 2202 Lotharingiam
1589 2149 1632 2190 et
1660 2145 1857 2203 precipue

303 2230 502 2273 miseram
522 2227 793 2271 Arduennam
818 2225 1087 2279 afflictarent3
1119 2226 1164 2268 in
1194 2238 1277 2281 qua
1305 2224 1565 2268 miseriarum
1591 2223 1857 2268 dimicatione

303 2311 504 2363 tanquam
531 2305 578 2348 in
607 2304 696 2348 acie
725 2304 955 2347 succinctos
987 2303 1137 2347 acerba
1154 2302 1380 2346 necessitas
1399 2314 1476 2345 nos
1496 2304 1610 2345 stare
1629 2300 1855 2359 compellit.

303 2385 360 2429 Et
397 2383 593 2440 quoniam
629 2381 882 2426 desideranti
911 2395 985 2425 vos
1024 2384 1066 2424 et
1104 2381 1190 2424 iam
1219 2380 1306 2424 fere
1335 2378 1493 2423 labenti
1522 2379 1685 2436 patriae
1714 2378 1857 2423 divina

304 2462 439 2520 pietas
469 2473 619 2504 sanum
649 2462 691 2503 et
718 2459 968 2503 incolumem
997 2458 1194 2514 restituit,
1229 2456 1430 2515 porrigite
1458 2455 1685 2500 salutarem
1713 2455 1856 2501 dexte-

305 2554 397 2583 ram
437 2537 669 2596 oppressis,
709 2537 920 2581 sublevate
957 2536 1159 2594 pupillos,
1198 2534 1406 2580 defendite
1435 2533 1602 2589 viduas,
1640 2533 1855 2577 subvenite

305 2616 532 2661 catholicae
561 2613 798 2669 aecclesiae,
834 2614 944 2670 quod
974 2617 1090 2658 tanto
1119 2626 1231 2657 nunc
1259 2612 1470 2670 potentius
1500 2614 1623 2667 atque
1653 2610 1854 2655 efficatius

304 2694 513 2752 complere
543 2692 756 2750 poteritis,
789 2696 943 2748 quanto
975 2691 1263 2736 excellentiam
1293 2693 1476 2734 vestram
1506 2688 1695 2733 coelestis
1725 2689 1854 2733 maie-

305 2776 391 2816 stas
421 2769 682 2815 mirabilibus
712 2772 755 2814 et
783 2770 1010 2826 inopinatis
1040 2768 1264 2826 triumphis
1293 2781 1370 2825 per
1397 2766 1661 2812 incredibiles
1690 2766 1854 2811 labores

400 2876 427 2897 a.
455 2869 501 2898 εἰσ
522 2866 591 2896 cod.

401 2924 431 2959 1.
460 2923 550 2959 1149
574 2922 657 2959 Mai.
674 2922 732 2958 29.
827 2921 861 2957 2.
887 2921 1118 2968 Ps.143‚1o.
1213 2921 1245 2957 3.
1273 2919 1437 2965 Gen.45,
1454 2919 1513 2956 28.
