1924 3262
586 205 786 236 wmALm
813 203 1034 236 unsa-om
1063 204 1113 233 11.
1579 191 1635 234 87

66 299 223 357 fidelia,
261 313 386 358 quem
424 301 468 344 in
505 299 792 356 Alemaniam,
834 299 1082 355 Saxoniam,
1121 298 1319 354 Daciam,
1359 297 1556 342 Sueviam
1587 311 1636 342 ac

65 378 383 435 Lothmngiam
421 379 588 423 mittere
625 378 907 434 decrevimus,
947 377 1217 434 cognoscetis.
1266 376 1500 420 Historiam
1535 389 1635 420 vero

65 457 386 503 occidentalium
431 457 756 515 imperatorum,
805 470 932 513 quam
973 456 1110 500 eidem
1149 454 1274 500 Petro
1315 455 1474 499 dictare
1510 468 1635 512 prae-

65 536 259 594 cepistis,
297 535 500 580 noveritis
539 535 675 579 adhuc
711 548 797 579 non
829 534 1032 591 explesse.
1081 534 1221 578 Variis
1253 533 1366 578 enim
1396 533 1634 577 tribulatio-

63 613 187 659 nibus
219 617 262 659 et
292 613 495 670 angustiis
526 626 711 670 pressus,
744 612 840 670 plus
873 612 913 656 ei
942 612 1043 656 flere
1075 626 1202 669 quam
1233 612 1416 657 scribere
1435 611 1572 656 libuit.

181 691 309 748 Ergo,
341 690 741 749 praecellentissime
773 704 1004 746 caesarum,
1036 691 1122 734 iam
1152 690 1239 734 iam
1268 692 1438 734 nostrae
1462 689 1635 734 calami-

63 770 143 815 tati
169 769 412 825 succurrite,
445 769 634 813 coenobii
655 768 897 813 Casinensis
917 769 1112 812 miserias
1134 769 1330 825 relevate,
1362 769 1448 812 iam
1468 772 1634 812 vestrae

63 848 278 906 potentiae
307 861 480 892 manum
507 847 726 905 porrigite,
759 850 802 892 et
822 847 998 891 eandem
1020 847 1240 891 ecclesiam
1249 854 1276 903 ⁸,
1310 861 1416 904 quae
1438 847 1634 905 specialis

65 939 114 973 ac
143 925 368 982 singularis
398 925 578 970 Romani
607 925 778 983 imperii
810 939 978 969 camera
1008 939 1175 983 semper
1205 926 1286 969 fuit
1317 929 1359 970 et
1390 929 1466 982 est,
1498 940 1565 982 ne,
1598 926 1635 970 si

62 1004 232 1062 perdita
258 1004 399 1060 fuerit,
437 1007 480 1048 et
508 1003 744 1047 Romanum
774 1004 950 1049 vilescat
978 1004 1207 1061 imperium
1238 1007 1280 1047 et
1310 1007 1398 1047 toto
1431 1004 1522 1048 orbi
1551 1004 1635 1048 Ro-

62 1096 188 1128 mano
226 1086 423 1128 noscatur
460 1082 748 1140 dispendium;
789 1083 909 1139 quia,
948 1095 1044 1126 cum
1081 1082 1203 1125 iuxta
1233 1082 1505 1139 precipitium
1536 1096 1635 1126 0011-

63 1161 282 1218 sistamus,
328 1161 413 1205 nisi
450 1174 579 1204 manu
616 1164 781 1204 vestrae
821 1160 1075 1205 defensionis
1114 1174 1191 1204 nos
1234 1160 1511 1217 adiuvaretis,
1559 1175 1634 1218 spe

62 1239 232 1285 vivendi
267 1253 345 1297 per
376 1238 637 1283 Christianos
677 1238 863 1295 sublata,
905 1242 979 1283 aut
1015 1239 1121 1296 ipsis
1160 1238 1337 1296 paganis
1379 1239 1634 1283 subiciemur

63 1321 157 1374 aut,
198 1317 309 1374 quod
339 1320 502 1362 avertat
533 1318 676 1361 divina
704 1317 915 1374 potentia,
957 1317 1009 1361 ab
1042 1331 1186 1360 eorum
1216 1317 1487 1361 multitudine
1517 1317 1633 1374 victi,

63 1396 118 1442 ad
153 1409 277 1441 0111110
314 1395 634 1440 christianitatis
671 1395 940 1453 dispendium
979 1395 1137 1439 crudeli
1166 1409 1269 1439 nece
1299 1410 1544 1453 pereamus,
1585 1410 1634 1440 00

61 1488 139 1533 per
167 1474 247 1518 hoc
277 1477 320 1518 et
339 1473 497 1518 Christi
526 1488 680 1518 nomen
710 1474 755 1517 in
786 1473 980 1529 gentibus
1012 1473 1374 1530 blasphemabitur
1406 1478 1448 1518 et
1467 1478 1634 1519 vestrae

62 1553 272 1611 opinionis
304 1555 497 1597 anteacta
527 1553 667 1596 studia
698 1551 899 1596 oblivioni
929 1552 1161 1596 tradentur.
1213 1552 1272 1596 Et
1300 1552 1394 1597 ideo
1421 1552 1632 1597 solotenus

61 1631 188 1676 humo
217 1631 421 1689 prostrati
450 1634 635 1675 vestram
666 1630 929 1686 augustalem
955 1630 1222 1674 clementiam
1250 1632 1462 1688 poscimus
1495 1635 1537 1676 et
1555 1646 1635 1689 per

60 1710 250 1754 futurum
278 1709 482 1754 iudicium
512 1723 562 1753 00
589 1722 665 1767 per
685 1709 828 1753 omnia
847 1709 992 1753 divina
1012 1712 1054 1752 et
1072 1709 1258 1753 humana
1276 1710 1494 1767 mysteria,
1526 1724 1633 1767 quae

61 1789 108 1832 in
142 1787 268 1833 coelis
299 1791 342 1832 et
370 1788 414 1831 in
446 1791 561 1831 terra
591 1790 702 1843 sunt,
735 1787 977 1831 adiuramus
998 1790 1135 1844 ratque
1166 1801 1262 1831 cum
1292 1791 1382 1831 tota
1413 1787 1634 1832 Casinensi

62 1866 258 1922 ecclesia,
298 1865 366 1910 cui
403 1879 472 1909 me
508 1865 651 1909 divina
681 1865 868 1921 dignatio
899 1864 1127 1923 praeficere
1157 1865 1312 1922 voluit,
1352 1869 1492 1910 vestro
1525 1867 1631 1910 divi-

60 1945 176 1989 nitus
216 1947 406 2002 protecto
444 1943 622 2001 imperio
661 1943 761 1987 totis
799 1943 959 1987 viribus
998 1944 1261 2000 suggerimus
1300 1945 1492 2001 votisque
1532 1959 1631 2002 sup-

60 2023 240 2082 plicibus
271 2035 417 2080 preces
448 2021 603 2065 multas
635 2020 906 2078 effundimus,
937 2025 986 2065 ut
1015 2022 1239 2079 contritae,
1272 2023 1527 2079 devastatae,
1560 2023 1631 2067 de-

62 2100 220 2146 solatae
265 2104 308 2144 01
353 2100 468 2143 0111111
513 2099 695 2143 humano
718 2148 724 2159 x
744 2099 892 2143 solatio
940 2100 1166 2144 destitutae
1203 2104 1372 2145 sanctae
1411 2101 1631 2145 Casinensi

62 2178 261 2226 ecclesiae
291 2178 575 2222 defensionem
607 2177 873 2235 debitamque
903 2178 1139 2235 tuitionem,
1172 2179 1332 2222 cunctis
1363 2179 1536 2223 remotis
1563 2193 1630 2223 00-

61 2257 299 2302 casionibus
337 2256 580 2313 cunctisque
620 2256 786 2300 omissis
827 2256 1116 2313 dilationibus,
1156 2257 1201 2300 in
1238 2261 1441 2314 quantum
1480 2258 1628 2302 valetis

61 2335 210 2380 auxilii
240 2334 490 2379 omnimodis
521 2333 779 2391 praebeatis;
821 2337 1046 2390 quatenus,
1087 2335 1159 2391 qui
1189 2335 1421 2379 innumeris
1453 2335 1629 2380 tribula-

60 2413 245 2458 tionibus
285 2413 497 2471 quatimur
535 2425 584 2456 ac
623 2414 861 2455 aestuamus
902 2426 950 2456 ac
987 2426 1064 2470 pro
1102 2413 1317 2457 monachis
1357 2413 1478 2457 nobis
1517 2427 1627 2458 com-

60 2492 200 2536 missis
221 2491 403 2536 miseriis
425 2491 673 2546 cruciamur,
695 2490 847 2534 vestris
869 2489 1221 2534 consolationibus
1242 2490 1403 2547 refecti,
1424 2491 1628 2535 laetemur

62 2573 123 2626 et,
163 2584 240 2628 per
278 2583 352 2614 vos
389 2569 695 2627 tranquillitate
732 2571 952 2626 percepta,
995 2571 1182 2626 optatam
1221 2568 1480 2625 libertatem,
1521 2569 1628 2612 sicut

61 2648 200 2703 decet,
247 2661 323 2706 per
367 2651 455 2691 tam
501 2647 729 2703 benignum
777 2659 825 2689 ac
864 2648 1055 2690 sanctum
1094 2647 1392 2703 imperatorem
1431 2647 1627 2703 consequi

59 2739 308 2770 mereamur.
354 2725 465 2769 Nam
486 2725 618 2782 vobis,
652 2725 723 2782 qui
751 2724 796 2767 in
821 2738 953 2779 agone
974 2724 1225 2768 contenditis
1239 2722 1261 2780 ¹,
1293 2728 1341 2768 ut
1361 2725 1414 2768 ad
1433 2724 1625 2768 bravium

61 2817 267 2862 supernae
297 2803 528 2847 vocationis
537 2800 566 2859 ²,
607 2806 655 2846 ut
693 2802 746 2845 ad
777 2802 1078 2858 capessendam
1110 2815 1307 2846 coronam
1338 2803 1625 2860 incorruptam

156 2907 183 2929 a.
204 2898 330 2929 liberate
350 2900 400 2928 vel
421 2900 538 2929 servate
559 2899 607 2929 vel
627 2899 734 2930 similis
756 2897 905 2928 excidisse
925 2898 1050 2927 videtur.

157 2969 190 3004 1.
217 2969 236 3004 1
255 2967 419 3006 Corinth.
435 2968 469 3014 9,
486 2968 546 3004 25.
641 2969 675 3004 2.
700 2966 859 3013 Philipp.
876 2967 910 3014 3,
929 2966 985 3004 14.

1673 313 1765 350 1137

1659 362 1724 394 Oct.
1742 363 1784 394 in.
