1930 3242
522 217 720 248 wmALm
750 215 998 272 sereremus:
1021 215 1040 246 2
1052 213 1124 245 -4.
1554 199 1609 244 79

45 312 200 360 Precor
230 314 273 358 ct
302 325 378 369 ego
410 311 588 356 eundem
617 311 792 368 virginis
823 311 981 355 Filium
1011 325 1085 355 seu
1113 309 1369 366 virginitatis
1400 307 1547 352 florem
1568 309 1836 352 et1119-113O

45 394 259 437 sonetum·
289 391 363 448 qui
395 403 521 448 super
549 389 661 434 hunc
690 389 837 433 florem
867 389 1092 446 requiescit
1116 388 1290 432 Domini
1321 387 1531 444 spiritum7
1562 390 1611 430 ut

43 467 234 515 veritatis
271 469 377 513 mihi
413 472 456 513 et
483 469 530 513 in
559 469 638 513 hoc
669 472 711 513 et
739 469 785 511 in
815 468 990 512 caeteris
1022 469 1221 523 suggerat
1251 478 1420 510 sensum
1451 477 1610 509 sermo-

42 559 224 606 nemque
251 546 422 592 fidelem
453 550 494 592 ct
524 551 706 592 cautum.

44 690 91 739 3.
106 717 114 724 .
127 693 390 739 Innocentius
409 691 462 736 II
467 707 587 750 papa
607 691 874 735 Folomamm
895 691 1082 733 abbatem
1105 690 1385 733 corbeiensem
1408 687 1610 742 hortatur,

128 777 180 815 ut
207 770 482 816 camerarium
511 769 761 827 infamatum
792 768 980 810 dimittat.

135 876 138 880 “
162 858 428 904 Innocentius
449 858 670 916 episcopus
692 870 838 901 servus
859 869 1077 900 servorum
1098 854 1179 898 Dei
1199 855 1351 899 dilecto
1371 853 1458 898 filio
1473 852 1611 909 F(olc-
1625 858 1834 894 1133-1137

43 937 178 992 maro)
210 936 453 981 Gorbeiensi
492 936 635 980 abbati
672 935 851 979 salutem
883 937 925 978 et
957 933 1232 991 apostolicam
1262 933 1608 977 benedictionem.
1669 907 1757 938 ΜΠ
1770 908 1788 937 ⁸

161 1014 470 1071 Religiosorum
499 1014 687 1058 virorum
726 1017 809 1069 est,
851 1012 1047 1056 honestas
1088 1025 1288 1069 personas
1329 1025 1403 1055 suo
1435 1010 1610 1066 collegio

45 1093 256 1149 adhibere,
288 1106 467 1150 quorum
490 1091 771 1136 contubernio
784 1091 958 1135 minime
977 1090 1247 1133 infamentur.
1295 1089 1415 1133 Unde
1435 1089 1610 1147 psalmi-

43 1172 185 1229 grafus
214 1173 333 1216 vates
365 1171 497 1215 canit:
531 1172 759 1215 Ambulans
788 1172 833 1213 in
863 1171 931 1212 via
960 1169 1240 1223 immaculata,
1272 1169 1339 1211 hic
1367 1168 1470 1211 mihi
1488 1170 1611 1211 mini-

43 1247 233 1295 strabat¹.
294 1249 352 1293 Et
389 1248 588 1306 quoniam
618 1248 671 1292 de
702 1247 884 1305 quodam
915 1246 1167 1301 camerarie,
1207 1259 1331 1302 quem
1361 1245 1515 1289 habere
1547 1245 1610 1289 di-

43 1327 164 1383 ceris‚
195 1326 329 1371 multa
359 1327 531 1371 sinistra
556 1326 712 1370 nostris
735 1329 833 1369 sunt
853 1325 1023 1369 auribus
1045 1324 1252 1379 nuntiata,
1283 1338 1360 1382 per
1381 1323 1612 1381 apostolica

44 1406 203 1463 scripta
231 1405 310 1449 tibi
339 1405 588 1449 mandamus
621 1407 745 1461 atque
775 1403 1046 1461 precipimus,
1079 1405 1283 1459 quatenus
1305 1402 1446 1460 ipsum
1469 1402 1493 1446 a
1514 1415 1610 1446 con-

45 1483 174 1528 sortio
212 1486 284 1527 tuo
322 1497 517 1527 amoveas
558 1486 601 1526 et
638 1485 728 1525 tam
767 1481 987 1525 honestam
1026 1480 1349 1536 religiosamque
1385 1493 1611 1538 personam

45 1562 134 1606 eius
163 1561 254 1606 loco
285 1561 528 1616 substituas,
561 1561 612 1604 de
643 1560 760 1604 cuius
783 1559 1098 1604 conversatione
1120 1559 1383 1616 omnipotens
1404 1558 1610 1602 Dominus

45 1639 271 1684 honoretur
301 1642 344 1683 et
372 1639 486 1683 fama
516 1642 590 1682 tua
619 1638 708 1682 Deo
740 1638 930 1696 propicio
963 1637 1178 1681 occasione
1209 1637 1381 1680 huiusce
1404 1637 1519 1680 modi
1538 1650 1611 1680 ne-

45 1730 255 1775 quaquam
284 1717 460 1761 ulterius
492 1717 746 1772 denigretur.
805 1716 896 1760 Tua
924 1716 1067 1772 itaque
1098 1715 1295 1770 interest,
1327 1714 1457 1758 talem
1486 1717 1528 1758 te
1560 1714 1611 1758 de

45 1799 183 1840 cetero
214 1795 424 1850 exhibere,
456 1795 517 1838 ita
549 1795 602 1838 ad
631 1795 943 1839 reformandam
973 1794 1220 1851 religionem
1247 1793 1475 1837 instantius
1495 1791 1611 1836 labo-

45 1887 154 1929 rare,
185 1876 232 1917 ut
263 1872 435 1916 sinistra
464 1872 590 1928 fama,
623 1886 730 1929 quae
759 1886 836 1929 pro
867 1873 991 1916 huius
1012 1872 1127 1916 modi
1149 1872 1260 1929 apud
1280 1871 1422 1915 sedem
1444 1874 1611 1928 aposto-

43 1951 171 1996 licam
199 1951 394 2007 innotuit,
426 1950 532 1994 bone
563 1938 891 1994 conversationis
922 1950 1072 1995 studiis
1103 1950 1369 2006 abstergatur
1400 1952 1442 1993 et
1461 1963 1538 1993 nos
1559 1948 1611 1992 de

45 2029 129 2073 tuis
161 2028 393 2073 actionibus
424 2028 606 2084 gaudere
635 2028 857 2086 possimus.
905 2028 1018 2072 Data
1047 2027 1156 2071 Pisis
1189 2029 1215 2072 6
1246 2027 1345 2072 Idus
1376 2027 1608 2072 Februarii.

46 2176 94 2224 4.
135 2178 359 2222 Lotharius
388 2180 615 2236 imperator
637 2179 872 2221 casinenses
899 2178 1147 2232 cohortatur,
1173 2186 1218 2221 ut
1236 2178 1376 2221 relicto
1397 2177 1611 2220 schismate

136 2256 414 2299 Innocentium
436 2256 486 2299 Π
506 2263 740 2314 sequantur.
785 2255 1066 2299 Smtiorectum
1097 2257 1283 2299 abbatem
1315 2256 1372 2298 ad
1400 2271 1443 2298 se
1473 2256 1611 2298 venire

134 2329 277 2377 vuhbz

163 2415 420 2470 Loth(arius)
436 2415 517 2460 Dei
531 2415 669 2471 gratia
682 2414 965 2459 Romanorum
979 2415 1209 2472 imperator
1225 2418 1426 2470 augustus
1442 2414 1610 2458 univer·
1673 2422 1765 2457 1136

47 2494 105 2538 sis
124 2493 324 2538 fratribus
347 2493 491 2537 Sancti
504 2489 744 2537 Benedicti³
760 2492 941 2547 gratiam
962 2505 1082 2536 suam
1103 2495 1146 2535 et
1166 2492 1319 2536 bonam
1334 2491 1607 2535 voluntatem.
1634 2472 1718 2510 sept‘
1731 2471 1795 2501 ⁰⁰⁸

164 2571 233 2616 Ex
272 2571 443 2628 antiquo
482 2570 657 2615 ecclesia
695 2573 837 2613 vestra
874 2583 1026 2613 nomen
1063 2568 1277 2625 religionis
1316 2569 1464 2614 habuit
1502 2583 1609 2612 sem-

46 2662 204 2708 perque
224 2652 393 2693 sanctae
414 2648 742 2694 conversationis
764 2647 1003 2704 exemplum
1025 2650 1066 2690 et
1084 2646 1264 2690 formam
1285 2647 1378 2690 aliis
1401 2647 1607 2704 praebuit.

142 2748 168 2770 a.
191 2738 262 2769 dum
283 2739 330 2769 cd.
393 2738 422 2769 b.
445 2751 484 2769 ex
506 2739 611 2769 codice
630 2739 789 2770 casinensi
807 2737 904 2767 edidit
921 2737 1054 2778 Angelus·
1074 2737 1111 2766 de
1129 2737 1229 2766 Nuce.-
1252 2737 1402 2768 Chronica
1423 2737 1609 2772 Catinensis,

48 2794 78 2824 ιἰι
101 2793 277 2832 appendicis
297 2804 329 2831 p.
342 2792 391 2822 24.

142 2850 176 2886 1.
199 2850 261 2886 Ps.
279 2850 360 2895 100,
377 2850 410 2886 6.
507 2850 541 2886 2.
566 2849 671 2885 Hanc
696 2847 890 2894 epistolam
914 2847 1087 2892 scriptam
1113 2857 1194 2883 esse
1218 2850 1422 2893 „tempore,
1448 2857 1521 2893 quo
1545 2847 1610 2883 im-

28 2944 29 2948 ,
48 2906 193 2956 pesator
216 2909 438 2946 transcensis
458 2907 616 2954 Alpibus
640 2908 792 2944 intravit
814 2906 957 2943 Italiam
967 2906 995 2951 “‚
1021 2905 1133 2943 refert
1153 2906 1283 2943 Petrus
1306 2902 1401 2943 diac.
1419 2907 1458 2943 in
1474 2906 1609 2944 Chron.

49 2968 170 3008 Oasin.
195 2969 236 3005 L.
253 2969 325 3005 1111
349 2979 380 3005 c.
401 2969 468 3005 107
495 2969 604 3014 (Mon.
624 2968 747 3005 Germ.
764 2966 827 3004 SS.
846 2966 927 3004 V11.
945 2967 1041 3011 818).
1139 2967 1174 3003 3.
1199 2966 1471 3004 Casinensibus.
