1924 3288
530 186 729 218 wmALm
756 184 1007 218 Ems'romn
1039 183 1110 215 359.
1131 183 1203 216 seo.
1559 172 1649 216 489

86 280 206 336 359.
231 281 448 342 Eumenius
475 282 558 327 ΙΙΙ
582 298 705 341 papa
734 281 975 326 Hermanno
1015 282 1205 340 episcopo
1236 281 1432 326 Verdensz‘
1465 280 1650 335 mandat,

233 369 357 416 curet,
387 369 435 405 ut
452 362 698 405 monasterio
719 360 1009 405 Kaminatensi
1029 361 1223 418 adempta
1244 361 1352 404 bona
1370 360 1650 403 restituantur.

1434 435 1506 491 (M.
1531 435 1650 491 336.)

201 497 339 544 Idem
376 512 512 557 papa
548 497 802 543 Ferdensi
843 494 1130 556 episcopo¹.

203 576 250 623 Si
269 577 519 622 universalis
541 576 766 622 aecclesiae
786 589 944 632 curam,
977 590 1103 633 quam
1125 575 1352 632 gerendam
1371 575 1462 626 Deo
1484 578 1654 620 auctore

82 657 357 714 suscepimuS,
380 655 572 712 diligenti
594 654 927 699 consideratione
947 668 1185 711 pensemuS,
1206 654 1513 711 providendum
1530 653 1651 698 nobis

83 738 160 792 est,
190 738 239 779 ut
268 733 460 778 omnibus
490 732 697 789 fidelibus,
729 733 813 777 illis
841 732 1027 777 maxime
1048 733 1119 790 qui
1141 732 1381 790 specialiter
1402 731 1455 776 ad
1474 732 1652 776 tutelam

81 815 269 859 nostram
302 815 492 870 spectare
521 815 764 867 noscuntur,
795 811 939 857 taliter
970 825 1091 856 suam
1110 811 1323 855 iusticiam
1344 824 1652 867 conservemus,

80 894 130 939 ut
161 891 239 936 sub
270 893 445 948 optentu
477 890 714 935 subtractae
744 890 938 934 iusticiae
967 890 1013 934 in
1044 889 1110 933 sui
1139 889 1278 944 rigore
1310 888 1436 933 officii
1465 903 1551 935 non
1582 889 1653 934 de-

80 969 209 1026 beant
227 968 486 1026 negligentes
509 969 702 1013 existere.
734 967 890 1013 Dilecti
909 967 986 1011 filii
1006 968 1141 1012 nostri
1154 967 1372 1022 W(ibaldi)
1387 966 1652 1013 Corbeiensis

82 1048 246 1095 abbatis
275 1062 411 1106 nuper
432 1047 697 1103 suggestione
719 1046 955 1102 didicimus,
989 1046 1100 1103 quod
1120 1045 1368 1102 Hungoldus
1389 1046 1520 1090 frater
1539 1049 1651 1102 tuus,

82 1126 194 1172 unde
223 1126 345 1171 valde
379 1126 605 1181 miramur,
636 1124 701 1170 W.
735 1128 778 1169 et
808 1123 882 1169 Ge.
916 1128 958 1169 et
989 1124 1159 1181 quidam
1191 1124 1264 1168 alii
1292 1123 1560 1182 parrochiani
1590 1124 1653 1169 tui

83 1204 195 1250 bona
224 1204 536 1249 Kaminatensis
568 1203 790 1259 ecclesiae,
830 1216 937 1259 quae
969 1203 1022 1246 ad
1050 1203 1116 1246 ius
1147 1202 1281 1260 ipsius
1313 1205 1504 1260 spectare
1535 1203 1653 1247 dino-

84 1283 228 1339 scitur,
261 1282 465 1328 violenter
497 1281 689 1327 auferant
719 1284 761 1325 et
789 1281 945 1325 iniuste
977 1280 1204 1324 detineant.
1247 1280 1355 1332 Quia
1372 1281 1503 1336 igitur
1524 1280 1654 1325 eccle-

84 1361 256 1406 siastica
285 1361 395 1406 bona
416 1364 458 1405 et
475 1360 675 1418 precipue
697 1358 962 1403 Corbeiensis
984 1358 1223 1414 aecclesiae,
1256 1361 1298 1402 et
1318 1373 1424 1415 quae
1445 1359 1498 1402 ad
1517 1359 1655 1417 ipsam

85 1442 291 1498 spectant,
329 1439 405 1484 sub
437 1439 676 1484 defensione
708 1441 750 1482 et
779 1437 913 1482 tutela
941 1440 1088 1481 nostra
1118 1436 1365 1493 consistunt,
1395 1438 1655 1495 presentium

83 1517 164 1563 tibi
204 1517 452 1562 auctoritate
491 1516 762 1572 mandamus,
803 1516 1000 1573 quatinus
1038 1529 1285 1571 germanum
1320 1518 1441 1568 tuum
1477 1518 1519 1559 et
1550 1516 1654 1561 alios

83 1596 270 1656 prefatos
308 1585 525 1640 invasores
564 1595 754 1639 districte
793 1608 1079 1650 commoneas,
1117 1597 1166 1638 ut
1202 1594 1391 1651 prefatae
1429 1593 1655 1639 aecclesiae

84 1674 226 1720 ablata
253 1673 480 1719 restituant
516 1676 558 1718 et
597 1673 649 1717 ab
681 1673 770 1717 eius
800 1672 1070 1716 infestatione
1101 1672 1319 1717 desistant.
1382 1672 1539 1735 Quodsi
1569 1673 1653 1717 tuis

84 1752 257 1796 monitis
287 1752 577 1810 obtemperare
606 1750 831 1808 noluerint,
863 1750 1048 1795 debitam
1080 1750 1131 1795 de
1151 1750 1256 1808 ipsis
1277 1750 1488 1795 iusticiam
1507 1751 1651 1796 facias.

83 1830 198 1876 Data
225 1833 274 1875 ut
302 1843 443 1888 supra.

89 1991 206 2040 360.
233 1992 449 2050 Εαρεηὶαε
469 1990 553 2035 ΙΙΙ
570 2006 691 2049 papa
715 1989 912 2034 Heinrieo
945 1991 1134 2048 episcopo
1157 1990 1366 2034 Mindensi
1394 1992 1578 2047 mandat,
1610 2000 1655 2036 ut

235 2072 286 2114 de
331 2071 448 2114 bonis
489 2069 737 2113 monasterio
782 2067 1072 2112 Kaminatensi
1116 2069 1264 2112 ablatis
1298 2068 1486 2112 Wibaldo
1533 2085 1653 2127 opem

223 2149 354 2209 ferat.
1430 2145 1502 2200 (M.
1532 2147 1650 2201 337.)

205 2239 346 2283 Idem
382 2250 518 2294 papa
552 2234 814 2280 Mindensi
851 2231 1136 2292 episcopo'.

206 2315 385 2360 Gratum
422 2314 542 2358 nobis
581 2316 644 2358 est
682 2316 725 2357 et
762 2316 1002 2370 acceptum,
1044 2313 1175 2369 quod,
1215 2313 1324 2357 sicut
1359 2327 1412 2358 ex
1449 2313 1653 2359 relatione

88 2395 231 2440 dilecti
259 2393 338 2438 filii
367 2392 503 2437 nostri
533 2390 796 2436 Corbeiensis
827 2390 991 2434 abbatis
1023 2391 1280 2448 accepimus,
1315 2392 1436 2436 iuxta
1463 2394 1652 2436 tenorem

87 2473 337 2528 litterarum,
370 2485 473 2528 quas
504 2470 582 2514 tibi
610 2470 923 2514 transmisimus
931 2465 960 2524 ³,
993 2469 1046 2512 ad
1075 2469 1301 2514 utilitatem
1330 2470 1465 2527 ipsius
1496 2470 1652 2514 aeccle-

88 2552 177 2596 siae
214 2550 417 2595 sollicitus
454 2552 496 2593 et
524 2547 740 2593 benivolus
772 2547 963 2591 extitisti.
1025 2546 1132 2599 Quia
1160 2547 1289 2603 igitur
1318 2562 1404 2592 non
1432 2548 1652 2606 incipienti

89 2633 155 2674 set
184 2628 471 2687 perseveranti
491 2626 700 2684 premium
729 2625 871 2670 deberi
893 2625 1136 2682 dinoscitur,
1165 2640 1242 2683 per
1261 2626 1475 2683 presentia
1495 2627 1652 2684 scripta

88 2707 344 2752 fraternitati
370 2710 468 2750 tuae
488 2705 750 2759 mandamus,
782 2703 977 2760 quatinus
998 2703 1118 2748 bonis
1138 2704 1276 2748 iniciis
1296 2704 1464 2761 potiora
1482 2705 1650 2750 studeas

90 2787 314 2842 augmenta
342 2784 529 2828 conferre
562 2786 603 2826 et
633 2782 922 2840 prenominato
953 2780 1038 2825 fflio
1068 2785 1211 2825 nostro
1237 2781 1478 2826 Corbeiensi
1509 2782 1650 2828 abbati

89 2863 142 2908 de
180 2862 429 2920 quibusdam
465 2860 752 2920 parrochianis
793 2860 878 2904 tuis
916 2864 1004 2904 tam
1043 2859 1205 2904 clericis
1244 2874 1368 2917 quam
1399 2860 1537 2918 laicis,
1577 2862 1649 2918 qui

184 2952 218 2988 1.
242 2951 462 2989 Hermanno.
560 2950 595 2986 2.
620 2948 805 2986 Heinrico.
902 2949 937 2985 3.
962 2959 996 2984 v.
1016 2958 1074 2995 ep.
1092 2949 1163 2986 270
1187 2959 1298 2995 supra
1320 2958 1356 2995 p.
1374 2949 1457 2985 398.
1531 2989 1533 2991 ,

1678 503 1773 540 1152

1681 553 1743 584 Ian.
1755 554 1775 585 9

1677 2243 1770 2280 1152

1679 2293 1741 2325 Ian.
1755 2294 1774 2325 9
