1924 3288
599 206 796 237 wfflALm
827 205 1046 237 EPISTOLA
1078 205 1149 235 340.
1569 191 1655 235 471

92 302 188 348 nim
216 305 261 348 et
288 302 549 347 concorditer
577 301 734 346 factam
763 315 841 359 pro
861 304 1053 345 nostrae⁶
1074 299 1293 356 dignitatis
1315 297 1538 357 privilegio
1560 311 1658 343 con·
1684 302 1775 357 1151

91 379 355 426 firmaremus
386 383 429 425 et
458 379 636 424 electum
667 379 721 423 ad
749 379 1061 423 reformandam
1092 391 1241 436 pacem
1269 381 1312 422 et
1330 377 1519 421 iusticias
1540 390 1659 421 secu·
1691 351 1762 382 Μ’

91 458 202 504 lares
231 458 445 503 faciendas
474 457 801 516 proveheremus
833 461 875 501 et
906 458 1214 501 adiuvaremus.
1261 455 1420 500 Verum
1440 454 1512 499 ille
1534 454 1658 499 solito

91 536 235 582 moreb
266 536 551 581 contradicere
571 535 838 593 persistebat,
871 549 1075 590 asserens,
1108 549 1153 578 se
1180 547 1446 590 nequaquam
1466 532 1659 578 sufficere

92 615 147 660 ad
175 614 384 659 sanandas
414 614 687 658 contritiones
711 627 875 668 eorum3
908 627 1004 657 cum
1023 612 1276 656 lacrimabili
1297 611 1536 669 spectaculo
1567 614 1659 656 tota

90 691 350 737 Coloniensis
381 692 584 737 aecclesia
621 692 676 735 ad
711 692 840 749 pedes
881 692 970 735 eius
1007 693 1223 748 prostrata
1259 690 1437 746 iaceret,
1473 689 1578 734 fiens
1616 693 1659 734 et

90 770 347 829 supplicam,
376 774 426 814 ut
454 770 572 828 lapse
598 774 640 814 et
660 770 881 814 destitute⁰
912 769 1040 813 matri
1071 782 1172 813 suae
1191 771 1409 825 tamquam
1428 768 1524 826 pius
1545 767 1658 812 filius

89 862 262 894 manum
281 848 529 893 erectionisd
551 848 897 892 accommodaret.
944 847 1031 891 Nos
1052 848 1183 903 igitur
1214 847 1266 890 de
1296 849 1439 890 vestra
1468 846 1657 891 bonitate

90 930 133 972 et
162 927 413 971 discretione
421 933 450 983 ⁶,
490 926 638 984 quam‘
668 926 899 984 plurimum
928 926 975 969 in
1003 925 1187 969 Domino
1220 924 1455 980 diligimus,
1496 923 1655 981 confisi,

87 1005 360 1063 promisimus
374 1008 463 1049 tam
479 1004 704 1049 aecclesiae
720 1003 960 1048 Coloniensi
975 1018 1102 1060 quam
1116 1003 1201 1061 ipsi
1222 1002 1354 1047 electo
1363 1009 1391 1058 ⁸,
1411 1002 1523 1059 quod
1543 1003 1657 1060 apud

88 1082 392 1128 sublimitatem
421 1086 606 1127 vestram
625 1083 763 1126 modis
785 1082 978 1126 omnibus
1001 1082 1299 1137 obtineremus,
1333 1081 1530 1138 quatinus
1561 1081 1657 1138 ipsa

87 1160 348 1205 Coloniensis
370 1161 572 1206 aecclesia
591 1164 683 1205 tum
701 1161 747 1204 in
766 1160 1000 1218 privilegiis
1030 1161 1118 1203 suis
1140 1159 1339 1216 antiquis,
1371 1162 1436 1202 set
1454 1159 1656 1215 neglectis

87 1242 133 1284 at
159 1252 272 1283 nunc
300 1253 378 1297 per
408 1242 573 1283 vestrae
603 1238 905 1283 benedictionis
935 1238 1177 1293 largitatem
1206 1237 1460 1281 renovandis
1492 1241 1534 1281 et
1557 1251 1656 1281 con-

85 1316 328 1372 firmandis,
364 1317 654 1372 roboraretur,
692 1313 808 1360 tum¹¹
837 1330 1020 1373 persona
1055 1316 1189 1373 ipsius
1227 1315 1410 1373 pristina
1449 1315 1656 1371 dignitate

85 1395 206 1440 iuxta
243 1395 423 1439 formam
459 1395 804 1452 predecessorum
842 1408 1014 1438 suorum
1050 1394 1358 1438 honestaretur.
1426 1392 1485 1437 Et
1522 1393 1657 1437 adfuit

85 1473 230 1518 divina
258 1474 428 1531 pietas¹‚
459 1473 580 1517 bonis
611 1472 832 1530 principiis
862 1472 1057 1516 meliores
1089 1486 1246 1528 augens
1279 1485 1518 1526 successus3
1552 1485 1655 1527 quo-

84 1551 200 1596 niam
231 1551 284 1596 ad
314 1552 551 1607 ingressum
587 1551 699 1606 eius,
738 1552 885 1594 nostra
921 1554 1174 1608 cooperante
1213 1550 1456 1605 clementia,
1495 1552 1538 1593 et
1567 1549 1655 1593 bel-

84 1629 222 1674 lorum
251 1630 354 1674 tuba
383 1629 586 1674 conticuit
616 1632 658 1673 et
687 1628 900 1672 latronum
930 1642 1053 1684 grex,
1085 1631 1202 1672 tante
1232 1628 1493 1672 fortitudinis
1524 1641 1654 1671 manu

84 1708 356 1765 perterritus,
392 1708 438 1751 in
468 1721 568 1751 suae
598 1706 786 1750 malitiae
818 1706 1020 1750 absconso
1052 1706 1230 1750 delituit.
1352 1706 1536 1750 Proinde
1567 1706 1654 1749 sin-

85 1786 303 1830 ceritatem
338 1788 525 1830 vestram
564 1788 722 1828 attente
759 1784 997 1828 mandando
1037 1783 1109 1827 ack
1147 1785 1354 1829 monendo
1401 1798 1623 1828 exoramus
1632 1784 1653 1840 ¹,

85 1864 283 1920 quatinus
320 1877 398 1921 pro
437 1866 606 1907 nostrae
643 1862 879 1906 dilectionis
926 1875 975 1906 ac
1011 1862 1233 1919 peticionis
1270 1863 1429 1906 intuitu
1475 1862 1654 1906 eundem

85 1941 288 1997 electum,
329 1941 383 1984 ad
414 1944 580 1985 vestrae
610 1940 946 1984 mansuetudinis
977 1940 1236 1997 presentiam
1265 1941 1526 1996 venientem,
1558 1954 1652 1996 gra-

83 2022 225 2063 tanter
245 2019 487 2076 suscipiatis
510 2022 565 2075 et,
589 2018 844 2076 apostolicae
865 2018 1168 2062 benedictionis
1189 2019 1327 2073 gratia
1346 2021 1651 2074 consecratum,

84 2111 179 2142 cum
195 2097 429 2155 privilegiis
446 2097 533 2140 suis
547 2097 793 2142 renovatis¹¹²
815 2100 857 2140 et
878 2097 1010 2140 auctis
1027 2096 1218 2140 celeriter
1239 2097 1293 2140 ad
1312 2110 1389 2140 nos
1409 2096 1649 2140 remittatis.

144 2199 183 2218 ex
204 2188 273 2218 cod.
293 2188 350 2223 fol.
367 2187 455 2217 110¹.
533 2190 537 2219 ἴ
896 2198 933 2216 ex
955 2186 1023 2217 cod.
1043 2187 1101 2223 fol.
1117 2187 1232 2216 122⁴—
1245 2186 1315 2216 123.

84 2252 191 2297 Cum
221 2252 334 2297 enim
365 2266 418 2296 ex
451 2251 512 2295 of·
559 2251 647 2296 Nec
677 2253 899 2309 patiamini
936 2259 1054 2296 eumn
1086 2252 1220 2295 honus
1258 2251 1505 2309 impositum
1543 2266 1569 2295 a
1605 2266 1650 2297 se

82 2330 177 2375 ficio
251 2330 512 2374 Coloniensis
560 2331 717 2374 reicere
749 2333 791 2374 et
821 2330 874 2374 ad
893 2330 1022 2387 pedes
1042 2333 1205 2373 vestros
1230 2329 1449 2386 sicutipse
1468 2329 1651 2374 intendit

84 2408 282 2453 ecclesiae
301 2409 347 2452 in
367 2408 512 2452 Italico
561 2408 791 2466 deponere3
831 2408 930 2464 quia
966 2408 1180 2452 sanctitati
1217 2410 1383 2451 vestrae
1421 2421 1499 2465 pro
1536 2411 1649 2452 certo

83 2500 211 2542 regno
241 2486 513 2531 cancellarius
561 2484 862 2541 significamus,
900 2500 978 2544 per
1017 2486 1146 2529 alium
1176 2486 1256 2529 hoc
1285 2489 1475 2543 tempore
1505 2499 1650 2529 casum

83 2564 239 2609 existat
263 2567 305 2609 et
327 2564 447 2608 nobis
468 2564 513 2607 in
561 2563 786 2607 aecclesiae
816 2563 929 2607 illius
959 2578 1225 2620 nequaquam
1256 2577 1381 2620 posse
1408 2577 1646 2619 resurgere3

83 2642 298 2700 cisalpinis
320 2642 512 2700 partibus
560 2641 768 2696 siquidem
798 2641 849 2685 de
881 2644 994 2685 statu
1015 2641 1263 2685 universalis
1285 2641 1510 2685 aecclesiae
1529 2645 1650 2686 tanta

83 2723 172 2765 tam
210 2734 263 2764 ex
301 2720 512 2776 mag-nitu·
559 2719 677 2763 vobis
709 2732 810 2762 cura
830 2722 906 2775 est,
939 2722 1138 2775 quantam
1162 2733 1252 2763 esse
1272 2733 1357 2763 non
1375 2719 1534 2763 frustra
1553 2733 1648 2777 spe-

182 2819 208 2840 s.
230 2809 314 2848 regio
335 2819 418 2840 more
435 2811 450 2839 1
471 2821 528 2848 pro
550 2818 606 2848 pro
628 2810 749 2839 nostrae
768 2825 799 2829 —
818 2808 986 2848 privilegio.
1069 2809 1100 2839 b.
1123 2809 1223 2839 studio
1246 2810 1274 2839 1.
1361 2818 1387 2839 c.
1408 2809 1521 2839 labenti
1537 2811 1568 2840 et
1581 2819 1646 2840 cor-

83 2863 183 2894 ruenti
204 2864 235 2893 1.
307 2863 336 2894 d.
359 2863 520 2894 erectionis
543 2874 598 2893 om.
618 2864 645 2892 1.
720 2872 745 2893 e.
768 2864 799 2892 et
820 2862 1002 2893 discretione
1025 2874 1081 2893 om.
1098 2864 1126 2893 1.
1196 2862 1216 2892 f.
1240 2871 1299 2902 qua
1320 2864 1348 2893 2.
1422 2872 1450 2901 g.
1472 2863 1531 2894 sibi
1554 2864 1569 2893 1
1589 2875 1646 2902 pro

82 2917 142 2956 ipsi
157 2916 263 2946 electo.
326 2915 356 2946 h.
377 2917 446 2956 ipsa
461 2917 536 2946 add.
553 2917 581 2946 2.
651 2916 671 2946 i.
694 2916 853 2946 clementia
868 2916 895 2946 1.
964 2915 993 2946 k.
1016 2915 1186 2946 mandando
1201 2925 1236 2946 ac
1250 2927 1306 2946 om.
1322 2917 1350 2947 1.
1422 2916 1442 2947 l.
1463 2925 1602 2955 rogamus
1618 2918 1645 2947 1.

82 2979 122 3000 m.
149 2978 298 3000 renovans
319 2971 349 3000 2.
431 2979 462 3000 n.
489 2979 525 3000 eo
547 2982 573 3000 c.
