1924 3288
270 159 357 203 582
716 171 916 202 wmALm
944 170 1193 202 EPISTOLAE
1220 170 1291 201 449.
1314 170 1385 201 450.

152 271 245 306 1156
269 269 375 310 rent.
429 265 672 311 Provisores
704 280 802 310 vero
836 265 1060 310 aecclesiae
1089 266 1168 310 hac
1199 266 1249 310 de
1280 279 1407 309 causa
1437 266 1489 311 ab
1520 266 1634 311 omni
1661 267 1834 312 usuaria

152 319 243 355 1157
269 344 452 388 utilitate
482 345 707 388 aecclesiae
738 344 990 400 sequestrati
1020 347 1128 388 sunt.
1169 344 1312 388 Liberi
1342 344 1531 389 homines
1557 345 1610 389 de
1629 345 1832 402 Kadingis

268 423 476 478 fatentur,
514 423 606 466 iure
642 423 855 480 pertinere
885 423 1164 466 centuriatum
1195 423 1245 466 de
1275 425 1390 466 terra
1418 422 1493 466 illa
1522 425 1693 468 sanctae
1719 422 1833 468 Mar-

270 503 451 557 garetae,
484 501 670 558 exceptis
700 501 780 557 his,
813 514 919 557 quae
941 499 1071 555 vobis,
1104 500 1283 555 domine,
1317 500 1504 557 exposui.
1551 500 1694 544 Nichil
1720 500 1834 545 aliud

269 579 315 622 in
334 579 591 623 villicatione
614 592 711 622 mea
728 579 898 634 retinui,
929 578 1013 621 nisi
1032 581 1196 622 tantum
1221 579 1274 621 12
1295 591 1518 622 mansuum
1537 578 1832 636 provisionem.

271 657 425 700 Thiezo
456 670 586 714 supra
615 657 751 700 dictus
782 658 811 699 4
831 656 1043 714 mancipia
1071 655 1210 711 habet,
1244 655 1316 712 qui
1346 656 1437 700 iure
1466 655 1519 699 ad
1537 655 1833 700 villicationem

270 748 410 779 meam
439 735 665 792 pertinent.
726 734 817 790 Ego
847 734 1069 790 Etelgerus
1099 734 1218 778 vobis
1250 733 1355 778 dico.

271 877 391 923 450.
416 878 707 922 Wichanannus
738 878 1068 936 archiepiscopus
1088 878 1456 935 Maydeburyensis
1476 878 1664 922 Wibalclo
1684 879 1834 932 scribit,

419 956 639 1013 Philippus
661 973 723 1014 ep.
742 955 1066 1013 Osnabmqensis
1088 957 1190 1014 quid
1208 957 1285 999 sibi
1304 956 1584 1013 responderit5
1611 971 1734 1014 seque
1754 955 1837 1007 col-

419 1035 602 1092 loquium
623 1033 958 1091 Merseburqense
980 1035 1046 1076 die
1065 1041 1213 1077 statuto
1235 1033 1471 1077 habiturum
1494 1050 1588 1077 esse.
1636 1031 1708 1085 (Μ
1718 1032 1837 1088 416.)

142 1135 233 1171 1157
390 1122 724 1177 W(ichmannus)
755 1123 838 1166 Dei
867 1123 1004 1178 gratia
1032 1123 1090 1178 id,
1128 1123 1237 1179 quod
1269 1125 1333 1166 est
1361 1122 1406 1165 in
1439 1122 1640 1166 aecclesia
1667 1121 1838 1178 Magdo-

130 1184 192 1215 Ian.
206 1185 250 1216 ³¹²·
271 1202 483 1257 burgensi,
508 1200 659 1245 dilecto
681 1202 725 1244 in
747 1200 914 1244 Christo
934 1201 1056 1244 fratri
1075 1200 1303 1255 W(ibaldo)
1324 1200 1555 1244 venerabili
1575 1199 1839 1245 Corbeiensi·

274 1276 416 1324 abbati
447 1279 648 1323 orationis
681 1282 805 1335 atque
837 1279 1003 1322 servicii
1034 1278 1304 1322 affectuosam
1335 1278 1648 1323 exhibitionem.

394 1357 531 1415 Super
554 1357 719 1412 negotio
741 1359 880 1400 vestro
901 1357 1002 1413 quid
1021 1357 1143 1401 nobis
1165 1358 1189 1400 a
1210 1357 1361 1400 domno
1381 1370 1495 1414 papa
1515 1357 1571 1400 sit
1589 1357 1838 1414 iniunctum,

273 1437 426 1480 domno
442 1435 782 1491 Osenbruggensi
798 1433 1125 1490 significavimus
1139 1432 1160 1478 ¹.
1190 1434 1348 1478 Locum
1366 1435 1404 1478 ei
1419 1435 1464 1478 in
1478 1433 1710 1491 Mersburg,
1728 1435 1840 1479 diem

274 1527 438 1571 quoque
473 1514 527 1557 10
547 1513 757 1556 Kalendas
788 1512 1009 1556 Februarii
1040 1513 1341 1556 denotavimus.
1393 1512 1566 1556 Nullum
1595 1526 1694 1556 vero
1727 1512 1841 1556 aliud

272 1605 521 1649 responsum
553 1591 605 1635 ab
635 1591 728 1648 ipso
761 1590 895 1634 adhuc
927 1591 1176 1647 accepimus,
1208 1594 1350 1647 preter
1373 1591 1497 1647 quod,
1528 1590 1676 1634 nuntio
1695 1594 1840 1634 nostro

274 1672 522 1724 attestante,
560 1669 718 1712 aiebat:
751 1682 795 1712 se
825 1669 964 1725 potius
996 1668 1102 1712 velle
1134 1669 1420 1726 episcopatum
1451 1669 1683 1724 dimittere,
1714 1682 1841 1726 quam

275 1748 458 1792 decimas
478 1747 587 1803 illas,
610 1761 713 1804 quas
736 1746 938 1790 aecclesia
959 1760 1035 1790 sua
1055 1747 1275 1802 sexaginta
1296 1750 1338 1790 et
1359 1746 1537 1804 amplius
1560 1747 1682 1791 annis
1701 1747 1840 1804 quiete

274 1826 483 1884 possedit,
521 1825 586 1868 sui
617 1825 882 1882 episcopatus
913 1828 1103 1882 tempore
1133 1825 1320 1882 perdere.
1381 1824 1463 1868 Per
1493 1825 1671 1868 eundem
1699 1828 1842 1869 tamen

275 1904 472 1949 nuntium
490 1903 630 1947 verbis
663 1906 704 1946 et
733 1917 818 1946 non
840 1903 996 1960 scripto
1022 1903 1260 1946 mandavit:
1293 1916 1338 1946 se
1358 1902 1479 1947 nobis
1503 1916 1683 1960 omnem,
1715 1917 1842 1960 quam

278 1983 441 2038 deceat,
480 1981 761 2025 reverentiam
798 1981 978 2025 libenter
1017 1981 1235 2035 exhibere3
1276 1994 1402 2038 super
1436 1981 1515 2024 hoc
1545 1984 1685 2026 autem
1713 1981 1842 2026 verbo

277 2061 407 2104 totius
440 2059 665 2103 aecclesiae
697 2073 796 2102 suae
827 2062 916 2102 tam
946 2058 1049 2103 cleri
1079 2072 1205 2115 quam
1234 2058 1380 2120 populi
1410 2058 1631 2103 consilium
1661 2073 1706 2103 se
1735 2058 1842 2103 velle

278 2138 446 2194 habere,
475 2138 698 2195 ipsumque
729 2137 950 2180 consilium
969 2151 1046 2194 per
1065 2137 1261 2180 honestas
1283 2140 1325 2180 et
1343 2138 1523 2181 maiores
1543 2137 1730 2181 eiusdem
1750 2149 1843 2181 aec-

279 2216 431 2261 clesiae
465 2229 666 2273 personas
696 2215 817 2259 nobis
847 2229 979 2271 usque
1011 2215 1064 2258 ad
1094 2212 1384 2272 epiphaniam²
1415 2215 1646 2259 ostendere.
1708 2213 1842 2271 Unde,

281 2294 473 2339 omnibus
505 2293 598 2337 aliis
630 2294 815 2349 omissis,
846 2307 977 2336 unum
1006 2293 1086 2336 hoc
1113 2292 1391 2336 fraternitatib
1422 2296 1588 2337 vestrae
1616 2292 1843 2350 responde-

279 2386 388 2428 mus,
421 2372 544 2429 quod,
572 2371 686 2415 vitae
705 2371 825 2415 nobis
845 2371 1133 2414 incolumitate
1154 2374 1332 2428 servata,
1359 2372 1413 2414 10
1432 2370 1523 2414 Kal.
1545 2370 1764 2415 Februarii
1784 2394 1840 2401 —

280 2452 343 2495 ita
372 2450 483 2494 enim
515 2463 567 2494 ex
597 2449 771 2493 consilio
804 2449 1089 2492 ordinavimus
1121 2473 1176 2479 -
1208 2449 1253 2492 in
1283 2449 1373 2493 loco
1399 2449 1589 2492 condicto
1610 2448 1764 2492 erimus
1785 2451 1840 2504 et,

283 2530 371 2574 sive
398 2528 574 2572 domnus
596 2527 954 2582 Osenbruggensis
975 2527 1117 2571 veniat
1137 2527 1225 2571 sive
1245 2541 1342 2583 non,
1374 2527 1602 2570 secundum
1621 2526 1840 2570 consilium

281 2608 461 2652 fratrum
492 2609 535 2650 et
563 2605 903 2663 coepiscoporum
933 2608 1172 2648 nostrorum
1203 2605 1344 2649 debita
1365 2605 1544 2660 iusticia,
1576 2608 1775 2662 quantum
1796 2605 1842 2648 in

283 2685 404 2729 nobis
436 2684 529 2739 erit,
560 2683 813 2727 desiderium
834 2686 1020 2726 vestrum
1047 2697 1132 2726 non
1159 2682 1458 2727 fraudabimus.
1498 2682 1752 2740 Exemplum
1770 2682 1841 2727 lit-

283 2766 484 2819 terarum,
516 2761 626 2819 quod
655 2760 878 2819 petivistis,
908 2761 1122 2816 misimus3
1156 2760 1271 2804 aliud
1299 2774 1384 2804 non
1414 2760 1661 2818 accepimus.

381 2856 409 2877 a.
436 2845 626 2877 Corbeiensis
647 2857 674 2876 c.
754 2844 784 2875 b.
804 2843 991 2875 fraternitate
1014 2856 1038 2874 c.

380 2899 414 2936 1.
438 2908 495 2946 ep.
511 2898 583 2935 444
606 2907 717 2945 supra
738 2908 773 2946 p.
791 2897 872 2933 576.
968 2897 1001 2931 2.
1030 2896 1121 2931 1157
1146 2895 1221 2931 Ian.
1240 2897 1273 2932 6.
