1924 3288
577 194 776 226 wmALDI
803 192 1024 224 EPISTOLA
1054 190 1124 222 167.
1545 175 1629 219 281

193 291 269 337 Set
288 305 342 336 ne
363 290 472 335 forte
491 290 796 348 reprehendere
818 292 860 332 et
880 301 1054 344 arguere
1074 285 1267 344 incipias,
1298 298 1366 329 me
1385 284 1637 328 monachum
1662 286 1754 322 1149

74 375 118 417 et
141 371 229 416 iam
248 382 469 415 canescere
488 369 760 426 incipientem
780 367 883 411 talia
902 366 970 410 vel
988 364 1178 410 lectitare
1198 363 1266 408 vel
1285 364 1482 420 cogitare,
1514 361 1636 418 scias,

75 449 187 507 quod
215 462 292 505 ego
322 448 426 492 haec
456 450 595 491 castra
623 446 836 502 ingredior
866 458 951 488 non
979 447 1180 500 tanquam
1212 443 1399 487 desertor
1429 445 1471 485 et
1500 444 1638 484 trans-

72 528 193 584 fuga,
225 530 290 571 set
318 527 427 570 sicut
457 522 720 583 explorator¹
751 527 793 568 et
814 523 1043 581 spoliorum
1072 521 1262 579 cupidus,
1294 520 1331 564 si
1349 520 1458 564 forte
1477 518 1638 563 Madia-

73 606 192 650 niten
219 618 369 662 rapere
398 604 578 662 possim,
615 616 742 660 quam
771 602 870 659 pilis
901 601 1030 645 erasis
1063 603 1105 644 et
1134 599 1341 655 unguibus
1372 597 1549 642 desectis
1578 597 1638 641 lc-

73 684 220 740 gitimo
250 682 356 726 mihi
385 681 548 726 valeam
579 681 775 738 copulare
804 679 1072 723 matrimonio
1082 675 1109 721 ².

194 761 268 806 Set
284 761 453 805 veniam
485 760 538 803 ad
567 761 749 814 nostros,
782 772 959 815 quorum
988 757 1159 812 ingenia
1188 759 1230 799 et
1260 754 1400 799 studia
1428 753 1575 798 mirari
1599 756 1640 797 et

73 840 246 884 laudare
273 852 518 897 possumus,
556 850 708 893 equare
748 839 790 880 et
818 836 979 879 imitari
1008 849 1092 878 non
1122 847 1364 891 possumus:
1404 832 1640 890 Cyprianus

73 921 235 975 martyr
263 920 306 961 et
326 916 531 975 pontifex,
561 914 820 970 Lactantius,
851 913 1051 972 Hylarius
1071 912 1360 967 Pictaviensis,
1391 910 1641 955 Ambrosius

73 995 410 1051 Mediolanensis,
427 994 683 1038 Ieronimus¹¹
703 991 928 1048 Effrateus,
951 991 1213 1047 Augustinus
1230 990 1534 1048 Ypponensish,
1555 989 1640 1034 Leo

75 1074 252 1131 Magnus
288 1073 405 1117 urbis
435 1072 648 1116 Romanae
689 1072 909 1129 episcopus
949 1073 990 1114 et
1021 1069 1094 1113 alii
1124 1083 1251 1126 quam
1280 1068 1422 1126 plures
1451 1068 1643 1126 precipui

76 1156 119 1197 et
160 1151 265 1197 clari
301 1151 403 1207 viri,
444 1151 610 1207 ingenio
650 1150 765 1194 facili
812 1149 980 1206 copioso
1027 1148 1146 1192 suavi
1183 1149 1243 1203 et,
1292 1161 1398 1203 quae
1438 1147 1642 1191 sermonis

77 1231 264 1276 maxima
302 1233 366 1274 est
394 1229 550 1285 virtuS,
590 1231 756 1286 aperto,
795 1231 843 1271 ut
878 1227 1114 1270 discernere
1143 1239 1228 1269 non
1259 1239 1408 1282 queas,
1447 1228 1644 1269 utrumne

77 1309 309 1354 ornatiores
338 1308 385 1352 in
415 1307 644 1365 eloquendo
672 1320 725 1350 an
745 1306 952 1351 feliciores
972 1305 1018 1349 in
1038 1304 1287 1362 explicando
1311 1318 1365 1347 an
1385 1303 1644 1360 potentiores

76 1389 122 1432 in
150 1387 442 1446 persuadendo
470 1386 639 1430 fuerint.

195 1465 269 1509 Hii
314 1468 457 1509 tamen
500 1477 596 1508 cum
633 1465 679 1507 in
716 1477 801 1507 una
838 1465 880 1506 et
919 1461 1064 1505 eadem
1100 1459 1199 1504 fidei
1236 1460 1462 1504 catholicae
1498 1459 1646 1516 regula

76 1543 249 1588 formati
283 1543 460 1599 fuerint,
509 1542 714 1599 quaedam
753 1541 1013 1598 scripserunt
1058 1553 1143 1583 non
1189 1538 1325 1583 solum
1370 1539 1537 1582 diversa
1582 1541 1646 1582 set

79 1623 207 1667 etiam
235 1620 527 1679 repugnantia.
576 1619 693 1664 Sicut
722 1618 973 1663 Lactancius
1006 1618 1098 1675 qui,
1130 1617 1342 1661 Iudaicam
1373 1620 1539 1660 secutus
1569 1630 1645 1660 no-

78 1701 273 1757 vitatem,
311 1699 428 1744 mille
459 1712 664 1743 annorum
694 1697 879 1742 fabulam
909 1696 1164 1752 introduxit,
1196 1696 1242 1739 in
1273 1695 1422 1753 quibus
1453 1698 1550 1752 post
1578 1709 1645 1739 re-

80 1779 380 1824 surrectionem
421 1778 481 1821 ait
517 1777 745 1820 Dominum
785 1777 831 1819 in
868 1789 993 1819 carne
1030 1787 1127 1818 cum
1165 1774 1321 1817 sanctis
1359 1777 1644 1829 regnaturum.

81 1857 317 1915 Cyprianus
357 1855 569 1899 contraria
606 1855 734 1898 sentit
771 1854 822 1897 de
858 1852 1171 1911 rebaptizandis
1209 1852 1296 1907 his,
1336 1852 1408 1908 qui
1442 1852 1648 1908 baptizati

82 1938 180 1980 sunt
210 1935 263 1979 ab
292 1934 509 1987 hereticis3
543 1935 607 1976 set
637 1946 822 1976 errorem
852 1945 974 1976 suum
1000 1930 1202 1986 sanguine
1224 1929 1422 1987 expiavit.
1465 1929 1646 1974 Ambro—

82 2015 169 2058 sius
207 2017 250 2058 et
278 2012 511 2057 Ieronimus
524 2018 537 2034 ⁸
578 2011 628 2055 de
667 2011 851 2066 digamia
886 2009 1150 2053 sacerdotum
1181 2008 1375 2065 opposita
1403 2008 1645 2064 loquuntur,

83 2096 126 2138 et
171 2105 290 2136 suam
338 2091 513 2147 quisque
560 2089 810 2133 sententiam
855 2088 1086 2131 fortissima
1123 2089 1165 2130 et
1193 2090 1395 2143 tanquam
1432 2086 1646 2130 insolubili

85 2171 388 2228 scripturarum
420 2168 668 2212 auctoritate
697 2170 851 2210 tuetur.
893 2165 1153 2220 Augustinus
1186 2168 1228 2208 et
1247 2164 1477 2208 Ieronimus
1509 2165 1560 2209 de
1584 2179 1646 2221 eo,

86 2249 197 2307 quod
234 2247 389 2292 Paulus
429 2246 554 2290 Petro
595 2246 639 2288 in
678 2245 829 2289 faciem
866 2244 1043 2299 restitit,
1090 2243 1218 2287 variis
1258 2247 1299 2287 et
1336 2243 1646 2287 dissonantibus

85 2327 254 2385 scriptis
283 2326 411 2382 longa
439 2324 705 2369 contentione
736 2323 1035 2366 dissenserunt.
1156 2321 1250 2365 Non
1281 2335 1378 2377 ergo
1408 2321 1578 2377 mirum,
1611 2322 1647 2365 si

86 2404 347 2464 philosophi⁶
378 2404 586 2460 gentium,
619 2402 810 2445 doctrina
838 2400 1075 2444 litterarum
1103 2400 1316 2444 mirabiles
1347 2399 1567 2455 cogitando
1600 2413 1648 2443 ac

87 2483 338 2542 disputando
368 2482 559 2526 veritatis
597 2479 867 2536 inquisitores
905 2481 969 2521 set
1006 2482 1147 2521 tamen
1186 2478 1426 2522 inveniendi
1456 2476 1647 2521 effectum

87 2562 261 2605 minime
298 2562 587 2616 assequentes,
633 2559 743 2601 inter
782 2571 827 2600 se
867 2560 909 2600 et
945 2558 1091 2599 contra
1129 2570 1174 2599 se
1211 2555 1573 2611 discordaverunt,
1612 2556 1648 2599 si

87 2640 239 2697 phisici
276 2641 423 2683 contra
457 2638 613 2694 logicos
656 2639 698 2680 et
733 2635 857 2690 logici
896 2638 1042 2678 contra
1081 2635 1238 2678 ethicos
1278 2633 1497 2689 digladiati
1536 2637 1645 2677 sunt.

91 2717 164 2762 Set
183 2718 228 2761 in
247 2716 420 2775 phisicis
449 2729 497 2759 ac
520 2715 666 2771 logicis
688 2713 1059 2770 disceptationibus
1082 2716 1123 2756 et
1142 2712 1506 2756 contrarietatibus
1526 2712 1649 2755 venia

90 2795 260 2840 concedi
289 2797 474 2852 poterat,
514 2794 631 2851 quia,
671 2793 759 2835 sive
798 2790 955 2848 aliquid
986 2790 1199 2846 dicebant,
1236 2789 1367 2833 nichil
1396 2790 1645 2846 proderant3

186 2905 213 2927 a.
239 2896 405 2927 Ierominus
428 2907 453 2925 c.
535 2895 565 2925 b.
586 2893 795 2934 Ypponenssis
818 2905 842 2922 c.
927 2901 952 2922 c.
973 2891 1112 2931 philophi
1134 2903 1159 2922 c.

187 2961 218 2996 1.
245 2958 302 2997 Of.
327 2959 488 2997 Senecae
512 2969 570 3005 ep.
591 2959 621 2994 I.
642 2959 675 3004 2,
695 2957 729 2993 4.
827 2957 861 2992 2.
887 2955 942 2993 Cf.
968 2955 1117 2992 Deuter.
1139 2956 1195 3000 21,
1222 2955 1278 2990 12.
1299 2954 1356 2990 13.
