1924 3288
301 199 389 244 262
744 212 943 243 erALm
973 211 1224 244 unsa-omn
1251 213 1321 244 156.
1344 213 1415 244 157.

186 309 278 346 1149
301 306 489 363 telligere
508 306 713 362 volumuS,
746 307 945 363 quoniam
965 321 1017 351 ex
1035 307 1121 351 illis
1142 311 1227 363 est3
1260 311 1324 352 set
1341 321 1419 365 per
1440 307 1662 366 epistolam
1679 310 1863 355 vestram

302 384 354 429 de
384 384 576 428 omnibus
606 382 828 428 certificari
857 383 1061 428 volumus.

294 603 423 649 ’157.
454 603 726 647 Bemhardus
778 606 991 663 episcopus
1034 605 1386 648 Paderbomensis
1433 605 1622 650 Wibaldo
1665 607 1862 661 reson-ibit,

450 688 496 724 ut
531 682 577 724 in
608 682 648 724 T
643 682 825 726 hederico
865 684 1009 726 comite
1042 683 1121 726 sibi
1149 683 1453 726 reconciliando
1485 685 1715 727 cautionem
1743 683 1864 728 adhi-

451 760 554 802 beat.
1655 759 1728 814 (Μ.
1747 759 1870 815 138.)

187 854 278 890 1149
419 847 721 902 B(ernhardus)
758 848 840 892 Dei
883 848 1172 893 misericordia
1214 847 1642 894 Patherbornensium
1685 849 1864 908 pusillus

301 925 484 969 famulus
530 925 682 969 dilecto
718 926 841 969 fratri
877 925 1104 981 Wfibaldo)
1149 926 1379 970 venerabili
1422 930 1565 971 sancte
1601 926 1866 972 Gorbeiensis

303 1003 529 1048 aecclesiae
581 1004 724 1048 abbati
775 1017 871 1047 cum
918 1004 1032 1047 omni
1078 1003 1274 1047 karitatis
1331 1004 1529 1061 obsequio
1573 1005 1782 1050 orationes
1819 1005 1866 1049 in

301 1081 496 1126 Domino.

418 1158 629 1203 Affectum
659 1158 908 1214 dilectionis,
940 1172 1078 1215 quem,
1111 1172 1163 1203 ex
1194 1172 1275 1215 quo
1306 1173 1382 1203 vos
1412 1160 1620 1216 novimus,
1651 1160 1763 1204 eirca
1790 1172 1867 1204 vos

302 1236 456 1281 habere
493 1237 725 1294 coepimus,
763 1235 1014 1280 inviolatum
1050 1249 1299 1281 conservare
1335 1238 1587 1294 satagimus,
1623 1238 1686 1281 ita
1713 1241 1763 1282 ut
1788 1243 1868 1282 noc

303 1327 509 1372 personae
537 1327 656 1358 meae
685 1327 764 1358 nec
792 1314 916 1358 rebus
946 1327 1024 1372 pro
1053 1314 1211 1358 honore
1239 1318 1379 1359 vestro
1411 1314 1694 1360 confirmando
1722 1317 1767 1360 et
1793 1326 1868 1359 vo-

303 1393 465 1436 luntate
509 1392 795 1450 promovenda
831 1405 1074 1449 parcamus3
1121 1393 1394 1449 cupimusque
1430 1393 1549 1437 vobis
1588 1394 1648 1437 in
1673 1393 1869 1438 omnibus

303 1469 526 1528 proficere,
565 1470 602 1513 si
640 1470 741 1526 quid
768 1469 884 1513 Deus
925 1470 1073 1513 annuit
1101 1470 1294 1514 sollerter
1322 1484 1399 1514 nos
1430 1470 1697 1515 deliberando
1721 1470 1868 1529 provi-

305 1549 415 1592 dere.
456 1547 578 1591 Unde
607 1548 653 1590 in
682 1547 889 1604 presentis
920 1560 1070 1591 causae
1099 1548 1400 1605 compositione
1429 1548 1508 1592 hoc
1527 1551 1693 1593 vestrae
1711 1548 1869 1593 discre-

304 1627 410 1670 tioni
438 1624 618 1670 fideliter
648 1625 924 1681 suggerimus,
959 1639 1013 1669 ne
1043 1626 1134 1669 sine
1163 1629 1400 1669 vestrorum
1428 1624 1615 1670 fidelium
1644 1629 1733 1671 tam
1760 1626 1869 1671 ami-

305 1718 449 1748 corum
488 1717 614 1760 quam
647 1703 865 1747 hominum
895 1703 1068 1747 consilio
1100 1688 1323 1760 quicquam
1352 1703 1537 1758 faciatis3
1575 1704 1793 1761 quatinus,
1830 1704 1870 1748 si

304 1783 413 1826 forte
451 1781 562 1839 quod
600 1781 711 1825 absit
745 1781 830 1824 tale
867 1780 969 1838 quid
1003 1780 1180 1838 posthac
1216 1781 1452 1837 emerserit,
1499 1781 1554 1825 ad
1589 1781 1869 1826 assistendum

306 1860 424 1904 vobis
453 1861 625 1917 paratos
648 1873 733 1914 eos,
765 1858 874 1902 sicut
893 1871 1004 1901 nunc
1025 1862 1158 1915 erant,
1188 1859 1425 1903 inveniatis.
1466 1858 1667 1903 Fatemur
1685 1859 1867 1916 quidem,

310 1939 408 1995 quia
441 1937 576 1981 multa
604 1936 785 1980 tolerare
814 1936 882 1980 vel
912 1936 1176 1980 dissimulare
1204 1951 1347 1981 rerum
1375 1949 1453 1981 nos
1482 1937 1595 1992 cogit
1621 1937 1868 1992 necessitas3

308 2020 373 2061 set
410 2016 519 2060 sicut
554 2028 632 2073 pro
671 2014 866 2059 evitando
896 2014 1068 2059 vulnere
1105 2015 1288 2070 graviori
1323 2015 1536 2059 interdum
1573 2015 1775 2072 sapientis
1805 2018 1871 2059 est

307 2107 440 2151 usque
471 2093 525 2137 ad
553 2093 697 2136 vivum
726 2092 898 2150 putrida
925 2106 1012 2136 non
1040 2105 1253 2148 resecare,
1284 2093 1346 2136 ita
1374 2105 1688 2149 nonnunquam,
1719 2093 1756 2136 si
1784 2105 1869 2136 non

310 2173 362 2216 ab
391 2172 477 2215 imo
507 2171 632 2229 plage
663 2172 821 2215 sanitas
853 2171 1061 2226 exsurgit,
1097 2171 1265 2226 gravior
1291 2173 1456 2214 tortura
1483 2170 1680 2214 succedit.
1740 2169 1868 2227 Ergo,

309 2253 358 2294 ut
386 2250 640 2307 premissum
671 2251 747 2304 est,
779 2248 1004 2292 discretam
1024 2247 1346 2292 sollicitudinem
1364 2250 1549 2291 vestram
1567 2247 1869 2305 premuniendo

310 2328 597 2382 cohortamur,
635 2340 689 2370 ne
727 2327 818 2370 sine
856 2326 996 2382 gravis
1033 2326 1264 2370 testimonii
1293 2324 1607 2370 confirmatione
1635 2325 1768 2370 ullam
1797 2325 1870 2370 ad-

310 2406 488 2450 mittatis
519 2404 876 2462 compositionem.
932 2404 1080 2447 Tutius
1111 2404 1224 2448 enim
1253 2417 1345 2447 esse
1372 2406 1570 2460 putamus
1601 2406 1768 2461 apertos
1794 2401 1870 2447 ha-

311 2484 410 2528 bere
438 2483 646 2538 inimicos,
677 2495 803 2539 quam
833 2481 1015 2526 occultos
1044 2481 1157 2526 laeta
1183 2482 1321 2526 fronte
1349 2493 1497 2538 paoem
1524 2481 1794 2525 mentientes:

520 2559 610 2612 Quo
641 2559 771 2604 semel
800 2563 864 2604 est
891 2560 1066 2616 imbuta,
1096 2565 1264 2604 recens·
1294 2558 1478 2602 servabit
1507 2558 1677 2603 odorem

521 2638 647 2682 Testa
675 2637 749 2681 diu
760 2635 782 2680 ¹.

411 2750 438 2771 ι.
458 2739 583 2770 imbuta.
603 2748 628 2768 r.
650 2747 675 2768 s.
695 2748 725 2769 u.
747 2737 777 2768 b.
800 2747 828 2768 ο.
850 2738 879 2768 d.
901 2747 926 2768 r.
946 2739 969 2768 t.
991 2737 1020 2768 d.
1042 2749 1069 2769 c.

411 2804 444 2839 1.
468 2802 555 2839 Hor.
573 2801 640 2848 Ep.
660 2801 689 2838 Ι.
705 2802 739 2847 2,
756 2801 815 2838 69.
833 2801 889 2838 70.
