1924 3288
538 199 737 231 wmAnm
764 198 1015 232 nmsronffl
1042 198 1114 231 469.
1135 198 1206 230 470.
1565 188 1650 232 601

89 293 295 341 similibus
334 294 564 353 plurimum
601 295 809 351 innitens,
850 294 1008 351 gratias
1045 295 1180 340 refero
1218 308 1381 340 summo
1417 293 1654 351 Provis0ri;
1681 299 1772 337 1157

89 372 284 422 obnixius
317 373 560 432 deprecans,
591 377 640 418 ut
658 387 733 418 vos
762 373 884 418 nobis
916 377 959 418 et
980 375 1137 419 nostris
1159 373 1323 419 salvum
1343 377 1385 419 et
1403 374 1657 420 incolumem

89 451 181 497 sine
209 450 292 497 fine
323 452 546 509 custodiat,
578 455 621 497 et
651 452 763 509 quod
791 465 878 496 non
905 466 1093 511 possum,
1125 453 1225 511 quia
1242 466 1328 498 non
1347 466 1534 512 possum,
1565 454 1657 511 ipse

87 529 306 576 retribuat.

89 672 209 721 470.
236 675 478 719 Fridericus
503 675 532 719 I
561 675 789 733 imperator
824 673 1011 718 Wibaldo
1051 675 1101 718 de
1139 675 1242 719 bello
1281 676 1479 720 Polom'co
1515 675 1656 735 refert,

236 769 408 812 eumque
437 752 748 811 Wirzeburqum
778 759 908 796 vocat.
1443 752 1516 809 (M.
1537 754 1657 811 434.)

206 841 241 887 F
245 841 481 898 (riderieus)
521 842 603 888 Dei
649 842 786 898 gratia
821 841 1106 886 Romanorum
1142 842 1374 901 imperator
1413 847 1455 888 et
1493 859 1660 904 semper
1685 855 1776 892 1157

90 923 290 978 augustus
330 921 481 966 dilecto
520 935 594 965 suo
625 919 850 976 W(iba1do)
887 919 1129 965 Corbeiensi
1167 925 1210 966 et
1240 921 1481 967 Stabulensi
1517 923 1660 968 abbati
1690 904 1775 945 ⁵⁶⁹²·

89 1000 270 1057 gratiam
301 1013 421 1044 suam
452 1003 494 1044 et
525 1013 647 1044 omne
677 998 846 1043 bonum.

208 1077 417 1131 Quantam
439 1078 485 1122 in
507 1077 773 1136 expeditione
793 1076 1005 1133 Polonica,
1038 1090 1164 1134 quam
1184 1091 1318 1136 nuper
1338 1078 1518 1134 gloriose
1537 1094 1658 1138 pere-

89 1157 240 1214 gimus,
273 1157 417 1201 divina.
445 1157 581 1215 pietas
612 1157 795 1212 gratiam
821 1156 943 1200 nobis
965 1155 1202 1212 contulerit,
1235 1163 1443 1214 quantave
1463 1158 1598 1214 gloria
1618 1162 1660 1204 et

89 1236 248 1282 honore
267 1235 503 1280 Romanum
532 1235 759 1294 imperium
789 1234 1051 1290 exaltaverit,
1082 1233 1231 1279 Poloni
1254 1236 1331 1280 sub
1352 1236 1451 1293 iuga
1470 1237 1659 1282 domina-

90 1315 218 1360 tionis
242 1317 412 1358 nostrae
432 1314 594 1358 reducti
614 1316 915 1372 protestantur,
948 1315 991 1357 et
1009 1326 1100 1369 neS,
1133 1326 1213 1370 quo
1234 1313 1401 1371 plenius
1420 1329 1659 1373 possumus,

91 1393 306 1438 dilectioni
334 1396 433 1438 tuae
464 1393 659 1437 duximus
691 1391 1022 1449 significandum.

208 1471 384 1516 Polonia
411 1472 603 1529 quamvis
635 1474 725 1516 arte
757 1474 800 1515 et
828 1473 981 1515 natura
1012 1470 1237 1515 admodum
1267 1472 1433 1516 munita
1457 1475 1581 1529 esset,
1612 1476 1662 1517 ut

92 1553 375 1595 antecessores
413 1551 550 1594 nostri
586 1563 706 1606 reges
745 1553 787 1594 et
820 1549 1097 1607 imperatores
1126 1550 1200 1593 vix
1229 1563 1384 1606 magna
1414 1550 1660 1596 difficultate

92 1629 146 1673 ad
174 1628 349 1673 fluvium
369 1628 551 1672 Oderam
581 1628 885 1686 pervenissent,
916 1641 994 1672 nos
1021 1628 1230 1672 tamenin
1249 1629 1406 1673 virtute
1425 1629 1520 1686 Dei,
1553 1644 1660 1687 quae

90 1707 313 1752 visibiliter
342 1720 420 1750 nos
449 1707 666 1763 precessit,
697 1706 911 1751 clausuras
941 1705 1124 1762 illorum,
1157 1720 1260 1763 quas
1281 1707 1326 1750 in
1348 1707 1537 1762 angustis
1557 1707 1660 1752 locis
1683 1718 1759 1758 Aug.

92 1786 257 1844 precisa
294 1785 492 1829 arborum
529 1785 736 1830 densitate
773 1785 960 1829 fecerant
998 1787 1039 1828 et
1073 1798 1229 1840 magna
1257 1785 1418 1840 ingenii
1445 1785 1556 1829 mole
1588 1785 1660 1830 ob-

93 1867 356 1919 struxerant,
394 1863 720 1920 penetravimus.
789 1863 846 1907 Et
882 1863 929 1906 in
967 1865 1116 1907 octava
1154 1863 1453 1921 assumptionis
1491 1866 1662 1908 sanctae
1683 1874 1760 1914 Aug.
1773 1876 1813 1906 22

91 1941 251 1987 Mariae
269 1940 444 1986 fluvium
465 1941 660 1996 Oderam,
687 1942 758 1997 qui
778 1944 912 1985 totam
931 1944 1091 1985 terram
1110 1940 1227 1986 illam
1249 1942 1370 1998 quasi
1389 1955 1510 1986 muro
1531 1942 1662 1986 vallat

93 2024 136 2065 et
164 2020 451 2078 profunditate
482 2033 559 2064 sua
589 2033 732 2063 omnes
763 2019 948 2064 excludit
978 2019 1130 2075 aditus,
1163 2022 1310 2064 contra
1340 2033 1461 2077 spem
1482 2019 1660 2065 Polono-

92 2113 188 2143 rum
227 2112 321 2143 cum
361 2099 476 2142 omni
513 2098 701 2142 exercitu
737 2100 881 2141 nostro
911 2098 1196 2141 transivimus
1259 2098 1396 2141 Tanta
1426 2098 1539 2142 enim
1570 2102 1662 2143 erat

95 2178 288 2222 omnibus
319 2177 564 2221 transeundi
595 2175 788 2231 aviditas,
818 2178 867 2218 ut
897 2175 969 2219 alii
998 2175 1217 2233 profundis
1249 2176 1484 2231 gurgitibus
1515 2190 1560 2220 se
1579 2177 1660 2221 im-

94 2259 344 2311 mergerent,
377 2255 450 2298 alii
478 2268 577 2298 vero
607 2256 934 2298 transnatarent.
984 2253 1073 2306 Quo
1103 2254 1194 2298 viso
1224 2252 1373 2298 Poloni
1393 2254 1660 2300 vehementer

95 2334 307 2390 exterriti,
345 2337 388 2378 et
424 2333 510 2377 iam
547 2332 677 2376 nichil
710 2335 852 2390 preter
883 2332 1063 2376 exicium
1095 2335 1137 2377 et
1166 2332 1493 2377 destructionem
1521 2337 1660 2379 terrae

94 2415 327 2471 sperantes,
357 2411 642 2456 munitissima
671 2414 811 2456 castra
840 2409 1040 2466 Glogowa
1071 2413 1113 2455 et
1140 2407 1307 2455 Bitum¹
1337 2414 1380 2455 et
1409 2411 1493 2455 alia
1521 2411 1659 2469 plura,

95 2505 202 2549 quae
236 2491 354 2549 prius
386 2490 438 2534 ab
468 2490 588 2534 hoste
617 2491 742 2546 capta
770 2502 853 2532 non
883 2488 1070 2545 fuerant,
1107 2490 1259 2534 timore
1288 2492 1432 2534 nostro
1463 2490 1658 2535 incende-

94 2573 214 2625 runt,
246 2573 289 2613 et
317 2569 421 2626 ipsi,
454 2568 644 2625 quamvis
675 2567 831 2611 auxilio
862 2567 1094 2611 vicinarum
1124 2569 1325 2624 gentium,
1355 2568 1656 2625 Ruthenorum,

94 2647 359 2704 Parthorum,
390 2646 657 2701 Pruscorum,
678 2645 1020 2702 Pomeranorum,
1051 2647 1282 2690 maximum
1314 2646 1545 2691 exercitum
1574 2646 1660 2691 col-

94 2725 308 2782 legissent,
345 2726 371 2770 a
400 2725 508 2779 facie
538 2727 684 2768 nostra
711 2724 936 2779 fugierunt.
997 2724 1086 2768 Hos
1114 2739 1214 2770 vero
1243 2725 1450 2781 fugientes
1480 2725 1660 2769 insecuti

97 2817 261 2860 sumus,
304 2807 346 2847 et
382 2817 459 2862 per
494 2803 783 2860 episcopatum
812 2799 1067 2846 Frodezlau²
1099 2805 1141 2847 et
1171 2803 1458 2861 episcopatum
1488 2802 1659 2847 Poznan

96 2884 451 2938 transcurrentes,
496 2884 630 2925 totam
674 2880 762 2924 fere
801 2883 958 2925 terram
995 2881 1092 2938 igne
1131 2884 1173 2927 et
1210 2881 1349 2938 gladio
1386 2881 1657 2926 vastavimus.

192 2971 224 3006 1.
248 2970 426 3006 Beuthen.
522 2971 555 3006 2.
581 2970 743 3005 Breslau.
