1924 3288
578 203 776 235 wmALm
805 202 1024 235 EPISTOLA
1054 201 1104 233 34.
1541 190 1624 234 113

64 297 146 343 sibi
180 298 226 343 in
256 297 449 343 abbatem
481 298 690 355 quendam
721 298 987 354 Heinricum,
1028 297 1214 341 eiusdem
1246 296 1444 341 ecclesiae
1474 310 1626 354 prepo-
1651 299 1743 335 1147

65 375 206 420 situm.
267 375 356 428 Quo
387 390 472 420 non
503 376 627 432 longo
659 380 754 434 post
783 380 973 434 tempore
1004 376 1212 431 defuncto,
1243 378 1334 419 tota
1364 374 1627 418 Corbeiensis
1651 349 1741 379 Hm

66 453 280 511 aecclesia,
313 454 522 512 spirituali
552 457 674 512 patre
705 455 863 510 orbata,
895 454 989 511 pari
1019 458 1116 498 voto
1149 456 1191 498 et
1213 452 1403 497 unanimi
1424 466 1629 496 consensu

67 531 194 588 elegit
230 532 312 576 sibi
347 532 394 576 in
431 536 595 590 patrem
636 535 677 576 et
706 536 918 590 pastorem
950 532 1186 576 animarum
1206 531 1447 576 Wiboldum
1479 530 1630 575 Stabu-

65 609 226 655 lensem
255 610 463 667 abbatem,
496 610 691 667 quatinus
720 624 797 668 per
826 611 959 667 ipsius
992 611 1244 655 industriam
1275 614 1317 654 et
1336 612 1528 653 nostrum
1558 608 1630 652 ad-

66 688 268 732 iutorium
297 688 449 732 nobilis
479 688 553 732 illa
583 688 770 744 ecclesia,
803 702 908 746 quae
938 689 1167 746 plurimum
1201 690 1225 733 a
1246 703 1322 732 sua
1341 687 1631 744 magnitudine

66 780 145 825 per
172 766 478 823 neglegentiam
508 767 822 824 precedentium
853 767 1051 811 abbatum
1072 768 1297 823 deciderat,
1329 766 1411 810 Dei
1431 769 1632 823 preeunte

67 844 357 889 misericordia
402 845 664 902 aliquatenus
707 845 1018 889 reformaretur.
1081 845 1138 889 Et
1184 845 1382 902 quoniam
1419 844 1631 902 predictus

68 921 203 968 fidelis
241 926 384 967 noster
415 922 673 968 Stabulensis
713 923 862 980 abbas,
902 937 999 967 cum
1027 923 1105 967 hec
1135 924 1186 967 de
1216 924 1307 981 ipso
1339 922 1508 978 fierent,
1547 935 1634 965 non

70 1000 207 1046 solum
237 1001 386 1046 absens
417 1005 482 1045 set
512 1002 639 1046 etiam
669 1001 791 1057 longe
821 1006 1006 1046 remotus
1031 1005 1135 1057 erat,
1167 1015 1244 1045 nos
1261 1000 1363 1045 'eum
1385 1001 1633 1045 auctoritate

69 1080 187 1136 regia
216 1080 289 1124 diu
317 1080 568 1124 renitentem
600 1093 648 1124 ac
677 1080 976 1124 reclamantem
1007 1080 1285 1135 evocavimus,
1318 1082 1361 1123 et
1388 1079 1441 1122 ad
1461 1079 1634 1136 peticio-

70 1171 168 1202 nem
186 1158 315 1202 totius
337 1157 561 1202 aecclesiae
577 1157 839 1203 Corbeiensis
861 1172 978 1215 onus,
1001 1158 1055 1202 ad
1076 1158 1187 1214 quod
1202 1157 1443 1213 vocabatur,
1466 1157 1634 1200 omnino

70 1236 252 1280 invitum
288 1236 428 1281 subire
458 1236 690 1293 coegimus,
731 1237 926 1294 quatinus
957 1237 1003 1280 in
1033 1236 1276 1280 Corbeiensi
1306 1235 1562 1279 monasterio
1595 1238 1637 1278 et

73 1314 213 1359 divini⁴
234 1314 370 1359 cultus
399 1315 545 1371 religio
578 1329 653 1373 per
683 1316 823 1373 ipsum
852 1315 1103 1359 reformetur
1134 1318 1176 1359 et
1201 1314 1389 1358 debitum
1409 1313 1530 1368 regni
1550 1326 1637 1356 ser-

73 1393 229 1437 vicium
260 1393 314 1447 ad
344 1393 628 1437 defensionem
660 1397 827 1438 sanctae
851 1394 932 1437 Dei
964 1394 1162 1438 ecclesiae
1194 1393 1344 1437 exinde
1375 1392 1564 1450 paratius
1597 1394 1639 1434 et

75 1472 237 1515 auctius
268 1471 526 1516 exhibeatur.
618 1471 754 1516 Erant
783 1472 829 1516 in
857 1472 1093 1530 propinquo
1126 1471 1233 1515 duae
1262 1470 1497 1515 abbatiolae
1517 1469 1638 1513 femi-

74 1563 245 1606 narum,
286 1563 392 1607 quae
429 1549 591 1593 nullum
628 1564 756 1606 regno
795 1553 837 1594 et
873 1550 993 1595 nobis
1024 1550 1092 1594 vel
1121 1550 1167 1593 in
1195 1549 1354 1593 milicia
1383 1548 1451 1592 vel
1480 1549 1526 1591 in
1556 1547 1638 1591 alio

76 1627 251 1672 servicio
282 1628 514 1686 prebebant
543 1628 1041 1686 supplementumffquae
1070 1628 1185 1672 loca⁶
1207 1628 1310 1671 adeo
1336 1627 1578 1670 inordinata
1599 1630 1641 1670 et

76 1705 249 1749 confusa
278 1710 411 1762 erant,
447 1709 495 1750 ut
525 1706 576 1750 de
607 1706 921 1751 conversatione
953 1710 995 1750 et
1023 1706 1210 1750 moribus
1241 1705 1523 1749 habitantium
1553 1718 1640 1747 me-

75 1782 158 1827 lius
197 1784 253 1827 sit
291 1783 414 1828 silere
450 1798 576 1841 quam
604 1784 732 1842 loqui.
794 1785 1020 1842 Multiplici
1050 1798 1148 1841 ergo
1181 1783 1470 1828 exhortatione
1500 1786 1642 1826 vestra

79 1875 205 1919 super
235 1861 388 1906 talibus
419 1862 522 1906 locis
554 1863 811 1919 corrigendis
842 1863 915 1906 diu
946 1863 1163 1919 admoniti,
1197 1862 1448 1906 contulimus
1475 1861 1529 1904 ad
1550 1874 1642 1904 aec-

78 1939 249 1984 clesiam
269 1939 563 1984 Corbeiensem
592 1941 683 1985 iure
713 1941 993 1998 proprietario
1025 1941 1170 1984 eadem
1202 1940 1282 1983 duo
1311 1940 1415 1996 loca,
1446 1940 1644 1983 videlicet

78 2017 308 2062 Keminade
347 2022 389 2062 et
415 2018 611 2075 Visbike,
650 2022 698 2062 ut
737 2022 778 2063 et
817 2019 960 2062 divina
994 2018 1142 2074 religio
1179 2018 1286 2062 inibi
1320 2018 1572 2061 reformetur
1603 2021 1644 2061 et

79 2095 342 2140 Corbeiensis
373 2096 543 2140 abbatia
572 2097 617 2139 in
647 2097 907 2154 temporibus
937 2097 1060 2140 huius
1093 2097 1255 2140 abbatis
1286 2096 1443 2139 honore
1475 2100 1517 2139 et
1537 2095 1643 2139 d'rvi-

81 2173 157 2217 ciis
187 2187 264 2231 per
292 2188 369 2218 nos
402 2178 614 2230 augeatur.
663 2174 798 2232 Super
829 2189 910 2232 quo
942 2175 1227 2219 sinceritatem
1256 2178 1455 2230 vestram,
1488 2174 1539 2217 de
1563 2187 1645 2230 qua

80 2251 309 2309 plurimum
339 2251 600 2309 confidimus,
633 2255 790 2296 attente
820 2253 1027 2297 monendo
1057 2267 1267 2309 rogamus,
1299 2256 1347 2296 ut
1377 2252 1489 2309 quod
1509 2252 1645 2296 eidem

83 2329 224 2374 abbati
254 2333 296 2374 et
315 2329 558 2375 Corbeiensi
577 2331 831 2374 monasterio
853 2331 903 2374 de
925 2331 1084 2375 duabus
1106 2331 1279 2388 prefatis
1310 2330 1426 2374 cellis
1457 2330 1646 2385 legitima

82 2407 306 2452 donatione
336 2422 413 2465 per
441 2409 630 2466 precepti
659 2408 858 2465 paginam
885 2408 1237 2465 confirmavimus,
1270 2422 1344 2452 vos
1365 2409 1495 2452 vestri
1516 2408 1646 2465 privi-

81 2483 182 2541 legii
213 2486 368 2543 scripto
398 2487 595 2531 roborare
625 2500 710 2530 non
742 2486 948 2542 abnuatis,
981 2490 1023 2530 et
1043 2487 1183 2530 abbati
1210 2487 1254 2530 in
1277 2486 1363 2530 suis
1386 2486 1646 2543 oportunita-

83 2563 195 2608 tibus
226 2564 451 2620 benignam
482 2564 762 2609 exauditionis
794 2578 939 2607 aurem
958 2564 1181 2607 inclinetis.
1229 2563 1416 2618 Dignum
1440 2563 1647 2619 siquidem

87 2645 163 2698 est,
193 2645 241 2685 ut
271 2655 373 2699 quos
404 2656 480 2686 nos
510 2643 556 2686 in
586 2643 723 2699 gratia
752 2646 898 2686 nostra
928 2642 1196 2685 clementiore
1220 2641 1385 2684 vinculo
1407 2641 1646 2698 recipimus,

85 2733 160 2763 vos
180 2720 371 2777 propicia
400 2720 682 2764 benivolentia
711 2720 945 2763 dilectionis
973 2718 1084 2762 ulnis
1116 2718 1441 2775 amplectamini,
1474 2722 1515 2762 et
1545 2732 1647 2775 quos

43 2815 47 2822 ⁴
84 2796 185 2845 vos¹²
214 2798 238 2841 e
267 2811 465 2842 converso
485 2798 626 2842 fovere
647 2802 689 2842 et
718 2801 935 2855 protegere
956 2796 1192 2854 disponitis,
1224 2810 1300 2839 nos
1321 2800 1467 2840 contra
1506 2810 1648 2840 omnes

85 2872 277 2919 incursus
308 2875 546 2919 defensare⁰
577 2876 819 2920 studeamus
851 2879 893 2919 et
922 2875 1126 2918 honorare
1157 2874 1361 2930 condigne
1391 2875 1628 2919 debeamus.

184 2968 212 2989 a.
233 2958 300 2989 loca
321 2959 442 2989 addidi.
525 2959 554 2989 b.
576 2968 630 2990 vos
654 2960 774 2990 addidi.
859 2968 885 2990 c·
907 2958 1042 2989 defesare
1065 2970 1090 2988 c.

147 3038 250 3074 Jnni.
273 3041 460 3070 Bibliotheca
481 3042 502 3069 1.
1319 3041 1342 3076 8
