1924 3288
284 179 375 224 590
731 191 930 224 wmALm
957 191 1206 224 nms‘roLAE
1232 192 1304 224 457.
1326 193 1397 224 458.

127 291 218 326 1157
286 289 426 330 autem
455 289 601 330 nostra
629 299 707 343 pro
737 300 815 330 sua
843 287 1029 332 novitate
1057 286 1285 343 infirmant,
1317 301 1393 331 sua
1421 300 1498 344 pro
1529 287 1699 332 illorum
1723 290 1842 333 vetu-

88 339 176 370 Mm'
189 340 262 379 Apr.
286 366 394 408 state
430 362 660 420 affirmant,
698 364 919 409 manifeste
947 365 1170 422 falluntur,
1210 365 1309 422 quia
1337 368 1502 423 tempus
1531 365 1662 410 nichil
1687 365 1735 410 in
1760 354 1844 410 vhoc

285 442 472 486 conferre
500 441 724 499 probatur,
756 445 798 486 et
827 442 933 487 tales
963 443 1130 488 Oratius
1159 443 1327 487 irridet:

478 518 558 571 Qui
586 533 672 564 non
701 520 948 578 suscipiunt,
978 521 1063 565 nisi
1092 521 1203 578 quod
1230 520 1418 565 Libitina
1447 520 1628 564 sacravit
1638 516 1662 564 ¹.

286 595 438 641 Clerici
467 600 621 653 autem,
653 598 726 654 qui
753 598 1043 656 principaliter
1064 598 1215 643 debent
1236 599 1443 656 episcopis
1464 598 1646 654 subesse,
1677 599 1843 642 tantum

286 674 472 718 deiciunt
501 675 749 731 dignitatem
777 690 896 720 suam
917 677 994 721 sub
1015 676 1178 732 abbate,
1211 680 1414 733 quantum
1434 675 1608 720 inferior
1628 677 1693 720 est
1713 674 1842 720 abbas

284 751 494 809 pontifice.
556 753 718 797 Horum
748 754 935 798 omnium
965 755 1066 812 quid
1096 755 1248 799 certius
1278 753 1505 798 tenendum
1534 753 1604 810 sit,
1633 752 1844 798 decernite

285 829 418 874 nobis.
465 830 624 875 Valete.
745 831 853 884 Quid
882 832 1010 877 abbas
1042 832 1187 877 Sancti
1214 829 1454 876 Laurentii²
1483 845 1560 889 per
1587 829 1844 888 pastoralem

285 907 481 951 baculum
525 909 675 954 debeat
718 909 818 954 dare
858 910 1000 955 abbati
1037 910 1180 955 Sancti
1217 907 1381 966 Egidii³
1423 908 1647 954 certificate
1675 901 1804 953 'nobis
1813 904 1842 952 ⁴.

287 985 443 1030 Curam
481 987 594 1030 enim
631 987 884 1044 animarum,
924 1002 1028 1045 quae
1068 992 1133 1033 est
1170 989 1376 1046 episcopi,
1414 988 1514 1033 dare
1551 1000 1637 1030 non
1665 986 1842 1044 poterit;

285 1063 435 1108 fundos
465 1078 550 1108 non
579 1064 717 1122 dabit,
755 1066 854 1123 quia
882 1065 1077 1110 baculus·
1109 1066 1378 1122 contradicit,
1411 1066 1482 1123 qui
1512 1063 1750 1123 spiritualia
1778 1064 1844 1108 in·

285 1142 476 1186 notescit.
539 1142 613 1187 Set
643 1143 787 1188 abusio
818 1147 883 1188 est
910 1144 1015 1200 legis
1046 1145 1332 1189 contradictio.

287 1307 407 1356 458.
432 1310 643 1354 Wibaldus
671 1312 730 1354 ad
756 1313 987 1368 superiores
1009 1313 1163 1355 litteras
1181 1328 1266 1355 ‘non
1284 1313 1372 1354 sine
1392 1312 1656 1369 castiqatione
1673 1326 1844 1368 respon-
1919 1364 1921 1366 Ι

435 1388 513 1441 det,
537 1389 595 1430 ad
611 1387 819 1432 Friderici
831 1389 862 1432 I
870 1390 1131 1447 imperatoris
1151 1391 1309 1433 curiam
1329 1389 1602 1447 profecturus.
1634 1386 1707 1442 (M.
1725 1387 1843 1442 373.)

170 1483 260 1519 1157
402 1470 551 1520 Frater
570 1475 821 1531 W(ibaldus)
841 1477 922 1521 Dei
943 1478 1079 1533 gratia
1102 1478 1160 1533 id,
1193 1477 1303 1534 quod
1324 1481 1388 1521 est
1416 1477 1462 1520 111
1483 1476 1683 1521 aecclesia
1701 1475 1843 1520 catho-

227 1542 252 1562 r'
283 1553 379 1609 lica,
411 1554 577 1597 cuidam
606 1567 681 1597 suo
713 1558 756 1598 et
785 1555 976 1599 omnibus
1008 1555 1152 1599 amicis
1184 1555 1482 1599 conscientiam
1513 1555 1593 1599 sibi
1624 1557 1666 1599 et
1686 1554 1844 1598 famam

283 1630 490 1688 proximo.

401 1709 597 1766 Acceptis
627 1709 780 1753 litteris
812 1710 1057 1754 eruditionis
1088 1713 1206 1766 tuae,
1237 1710 1283 1753 in
1314 1710 1485 1766 quibus,
1517 1709 1738 1766 subpresso
1767 1722 1842 1753 no-

283 1787 398 1830 mine
416 1789 503 1842 tuo,
527 1787 781 1844 multiplices
800 1787 922 1831 nobis
944 1788 1207 1845 quaestiones
1227 1788 1441 1845 proponis,
1462 1787 1670 1831 recordati
1687 1787 1841 1831 fuimus

285 1864 548 1920 euangelicae
577 1864 802 1922 parabolae
831 1865 883 1909 de
912 1879 1042 1921 grano
1074 1866 1267 1923 synapis,
1305 1865 1436 1922 quod,
1466 1865 1578 1909 inter
1607 1865 1749 1909 omnia
1777 1878 1842 1909 se-

282 1942 400 1985 mina
427 1942 661 1998 minimum,
694 1943 731 1986 si
759 1943 805 1986 in
834 1946 992 1987 terram
1016 1943 1169 1988 bonam
1190 1943 1400 1999 ceciderit,
1429 1943 1660 1986 intantum
1680 1942 1842 1999 crescit,

283 2023 332 2064 ut
359 2020 548 2064 volucres
580 2020 684 2064 coeli
713 2023 929 2077 tamquam
958 2021 1003 2064 in
1033 2021 1182 2065 arbore
1210 2020 1426 2064 nidificare
1455 2021 1631 2078 possint.
1679 2019 1744 2064 Ita
1771 2020 1842 2065 lit-

283 2101 400 2142 terae
428 2101 528 2142 tuae
557 2098 696 2155 spacio
727 2098 897 2154 breves,
938 2102 1003 2143 set
1031 2099 1222 2142 sensibus
1254 2098 1488 2156 spaciosae,
1528 2098 1565 2142 si
1596 2098 1648 2143 ab
1679 2098 1841 2142 erudito

283 2188 532 2232 responsore
569 2178 823 2231 tractentur,
863 2179 905 2220 et
940 2176 987 2220 in
1017 2176 1149 2220 altum
1179 2189 1364 2220 crescere
1396 2179 1438 2219 et
1468 2175 1638 2219 odorem
1666 2175 1842 2220 reddere

283 2267 369 2297 non
399 2253 489 2297 sine
519 2252 658 2309 aliquo
689 2253 894 2297 acredinis
926 2267 1075 2311 sapore
1102 2257 1312 2311 poterunt.
1355 2253 1511 2297 Verum
1529 2253 1663 2309 nobis,
1692 2253 1780 2297 iam
1799 2255 1842 2297 et

283 2331 331 2374 in
358 2330 570 2375 laboribus
600 2330 795 2387 plurimis
827 2334 869 2375 et
896 2331 942 2374 in
966 2331 1103 2374 anxiis
1125 2344 1173 2375 ac
1193 2331 1478 2387 frequentibus
1498 2330 1695 2388 periculis
1714 2330 1840 2386 longo

284 2413 474 2466 tempore
508 2408 767 2464 exercitatis,
805 2412 847 2452 et
881 2408 1096 2452 deficiente
1124 2409 1273 2466 capitis
1302 2411 1344 2452 et
1369 2408 1582 2452 oculorum
1609 2407 1840 2452 valitudine

286 2511 342 2517 —
373 2499 484 2530 nunc
515 2486 569 2530 ad
599 2486 854 2542 sequendam
882 2486 1148 2543 imperatoris
1178 2486 1313 2530 nostri
1342 2486 1501 2530 curiam
1533 2483 1750 2530 accinctis⁶
1781 2509 1834 2516 —

286 2564 452 2608 etiamsi
487 2563 709 2620 aliquando
739 2563 888 2607 talium
916 2577 1059 2619 rerum
1087 2563 1261 2621 peritia,
1301 2563 1411 2620 quod
1440 2563 1607 2620 quidem
1637 2562 1688 2607 de
1717 2563 1838 2607 nobis

285 2655 363 2686 nec
391 2641 593 2686 sentimus
622 2653 700 2685 nec
729 2640 919 2696 dicimus,
951 2641 1279 2698 suppeditasset3
1317 2644 1460 2686 tamen
1488 2641 1533 2684 in
1561 2643 1681 2684 tanta
1709 2638 1839 2684 studii

382 2770 409 2791 a.
435 2760 534 2792 bacl's
555 2772 581 2791 c.

380 2818 413 2854 1.
445 2818 531 2854 Hor.
548 2818 616 2864 Ep.
633 2817 679 2854 IL
698 2818 730 2862 1,
747 2817 811 2852 49:
846 2817 1094 2863 „Miraturque
1118 2817 1216 2863 nihil,
1244 2817 1314 2853 nisi
1337 2816 1435 2863 quod
1457 2814 1614 2852 Libitina
1637 2816 1795 2853 sacravit
1803 2815 1834 2853 “.

286 2877 319 2912 2.
345 2876 566 2913 Leodiensis.
661 2878 695 2913 3.
726 2875 864 2912 Publici
888 2877 1020 2912 montis
1043 2876 1264 2913 Leodiensis.
1365 2876 1399 2912 4.
1432 2875 1488 2911 De
1512 2875 1637 2911 horum
1663 2875 1835 2912 abbatum

286 2937 531 2972 controversia
555 2935 600 2972 cf.
626 2946 683 2982 ep.
699 2935 769 2972 395
793 2946 903 2982 supra
925 2947 961 2982 p.
979 2937 1059 2972 526.
1156 2937 1189 2972 5.
1214 2947 1249 2972 v.
1267 2945 1324 2981 ep.
1340 2935 1410 2971 456
1435 2945 1544 2981 supra
1566 2945 1602 2980 p.
1620 2935 1700 2971 588.
