1924 3288
238 186 325 228 596
739 195 939 226 wmALm
966 194 1187 226 merom
1216 194 1288 226 468.

123 294 214 330 1157
239 294 303 334 set
331 290 566 348 prohibitus
597 292 708 333 esset
739 290 764 333 a
793 289 981 346 predicto
1003 288 1257 334 Gisleberto·
1280 302 1357 347 per
1376 288 1632 344 violentiam,
1661 287 1800 343 inten-¹

238 369 337 412 tatis
369 369 496 412 etiam
526 368 677 411 mortis
704 367 844 411 minis.
895 367 966 411 Ad
993 367 1098 412 haec
1125 381 1225 419 vero
1256 365 1538 410 Gislebertusb
1568 360 1800 424 respondit,

240 446 351 503 quod
378 447 524 490 eadem
545 445 759 503 prebenda
779 445 859 489 sibi
879 445 970 489 iure
989 445 1232 503 pertineret,
1262 458 1341 502 pro
1363 458 1411 488 eo
1433 444 1544 501 quod
1564 447 1801 488 antecessor

238 525 464 582 prescripti
494 523 656 568 abbatis
677 522 854 568 Walteri
885 523 1068 567 dedisset
1098 523 1138 572 ei
1166 522 1437 580 prebendam,
1469 535 1575 579 quae
1596 521 1738 579 prima
1754 521 1801 565 in

239 603 386 646 eadem
424 601 624 646 aecclesia
653 605 834 645 vacaret.
896 601 1065 644 Auditis
1102 601 1245 657 itaque
1282 601 1415 658 partis
1453 599 1673 657 utriusque
1700 598 1804 648 allo--¹

238 680 489 735 gationibus‚
522 680 698 723 domnus
730 680 951 736 episcopus
982 678 1211 723 secundum
1241 678 1586 729 consuetudinem
1615 677 1800 722 eiusdem

240 757 463 801 aecclesiae
495 758 746 801 sententiam
775 757 921 801 iudicii
951 757 1264 801 archidiaconos
1297 770 1393 800 suos
1425 759 1467 800 et
1486 759 1624 800 totum
1642 755 1805 805 clerum

236 835 524 891 interrogavit.
587 835 667 888 Qui
697 849 842 879 omnes
871 849 958 879 una
987 838 1029 879 et
1058 848 1242 879 consona
1271 848 1372 878 voce
1401 833 1686 891 protulerunt:
1719 832 1805 883 Geae,

236 914 352 957 rardi
383 927 437 957 ex
465 914 557 965 iure
587 927 678 957 esse
708 914 965 971 prebendam
996 938 1051 944 —
1084 913 1177 970 qui⁰
1209 912 1328 970 post‘l
1355 912 1571 956 decessum
1589 914 1802 961 recentem

235 991 438 1036 Ruoberti
470 991 610 1035 clerici
641 1005 734 1036 eam
765 992 962 1036 canonice
993 994 1211 1049 acceperat
1241 1015 1297 1020 —
1328 991 1483 1048 potius,
1515 1003 1642 1047 quam
1665 988 1804 1035 Gislee

237 1070 358 1126 berti,
391 1070 463 1127 qui
491 1069 840 1127 pollicitationem
870 1070 916 1113 in
944 1070 1092 1114 mortis
1119 1069 1294 1113 alicuius
1316 1069 1598 1126 captationem
1620 1080 1801 1126 aucupa-

237 1151 367 1193 verat.
423 1148 537 1200 Quae
569 1148 790 1204 sententia,
823 1148 876 1192 ab
905 1161 989 1192 uno
1021 1147 1408 1191 archidiaconorum
1436 1146 1717 1205 promulgata,
1747 1145 1800 1191 ab

235 1226 442 1271 universis
475 1226 547 1283 qui
576 1227 622 1270 in
652 1226 810 1283 synodo
843 1229 962 1270 erant
993 1226 1226 1284 approbata
1253 1229 1328 1269 est.
1371 1225 1428 1269 Et
1448 1238 1543 1270 cum
1565 1225 1803 1283 episcopm,

237 1305 424 1348 omnium
449 1304 696 1348 auctoritate
715 1305 862 1360 fretus,
894 1304 1180 1361 supradictum
1203 1303 1470 1358 G(erardum)
1493 1303 1694 1348 scolarem
1713 1303 1800 1349 ius·-

237 1383 362 1426 sisset
391 1383 629 1440 prebendae
661 1396 761 1426 suae
790 1382 1053 1438 integraliter
1082 1382 1264 1438 restitui,
1297 1381 1559 1426 adversarius
1592 1382 1681 1429 eius
1706 1379 1805 1430 Gise

235 1460 419 1504 lebertus
450 1473 535 1503 non
566 1460 592 1504 a
621 1460 831 1510 sententia
861 1463 925 1504 set
956 1460 1007 1504 ab
1039 1460 1305 1504 exsecutione
1339 1463 1503 1504 vestrae
1541 1458 1804 1506 celsitudinis

236 1552 389 1581 nomen
420 1537 659 1595 appellavit.
721 1537 778 1582 Et
808 1538 1007 1595 quoniam
1036 1541 1200 1582 vestrae
1232 1538 1491 1582 auctoritatis
1522 1540 1586 1583 est
1616 1537 1667 1581 de
1698 1549 1805 1593 qua-

235 1616 356 1660 litate
388 1616 717 1673 appellationum
747 1616 954 1672 iudicare‚
990 1619 1176 1660 vestram
1206 1616 1507 1660 beatitudinem
1539 1617 1700 1659 attenta
1729 1613 1800 1658 de-

235 1694 404 1738 votione
433 1707 669 1750 exoramus,
700 1696 748 1737 ut
779 1693 1072 1751 appellationis
1103 1694 1336 1738 remedium
1368 1718 1423 1724 -
1455 1693 1567 1751 quod
1594 1705 1680 1736 non
1705 1695 1800 1736 tan-

235 1776 328 1816 tum
368 1773 393 1816 a
429 1771 704 1820 sanctissimis
743 1773 935 1829 patribus
973 1773 1128 1816 nostris
1167 1772 1474 1817 venerabilibus
1513 1773 1800 1815 sacrosanctae

236 1851 383 1894 matris
430 1854 599 1894 nostrae
637 1849 850 1894 Romanae
897 1850 1122 1895 aecclesiae
1160 1849 1426 1908 pontificibus
1465 1850 1518 1894 ad
1556 1848 1799 1894 relevandas

238 1942 534 1986 oppressorum
565 1942 713 1972 causas
743 1929 1020 1986 inspiratione
1051 1929 1195 1973 divina
1220 1929 1461 1972 institutum
1481 1930 1558 1984 est,
1589 1930 1654 1972 set
1673 1927 1800 1972 etiam

239 2007 264 2050 a
292 2006 630 2063 prudentissimis
661 2007 781 2062 regni
811 2007 1011 2051 secularis
1031 2006 1355 2064 imperatoribus
1376 2005 1560 2050 mirabili
1577 2005 1803 2063 providen-

236 2084 299 2128 tia
336 2088 400 2128 est
430 2085 669 2128 ordinatum
701 2109 756 2114 -
787 2087 907 2129 tanta
937 2085 1188 2130 discretione
1217 2085 1435 2128 moderare
1465 2083 1715 2140 dignemini,
1753 2086 1805 2129 ut.

237 2166 410 2219 propter
439 2162 612 2206 frivolas
645 2165 686 2206 et
716 2162 947 2220 superfluas
976 2163 1280 2221 appellantium
1298 2162 1488 2206 licentias
1509 2161 1801 2206 innocentibus

237 2253 323 2283 non
342 2243 531 2284 vertatur
562 2240 607 2283 in
637 2240 875 2297 pernitiem,
908 2241 1019 2297 quod
1049 2241 1262 2298 oppressis
1293 2241 1508 2298 provisum
1538 2242 1602 2284 est
1621 2240 1668 2284 in
1687 2238 1799 2283 salu-

237 2321 336 2361 tem.
403 2317 494 2360 Hoc
533 2318 661 2361 etiam
699 2321 840 2362 vestra
877 2319 1113 2363 sublimitas
1150 2318 1309 2363 malum
1345 2318 1545 2362 radicitus
1581 2319 1803 2375 amputare

237 2409 324 2439 non
353 2393 530 2451 differat,
561 2409 615 2439 ne
645 2395 690 2438 in
715 2396 961 2453 episcopatu
980 2396 1216 2452 Leodiensi‚
1249 2396 1323 2453 qui
1340 2409 1507 2454 semper
1527 2395 1579 2440 ab
1597 2395 1677 2439 hoc
1695 2394 1798 2439 vitio

240 2473 399 2516 alienus
429 2472 522 2528 fuit,
555 2472 706 2528 aliquis
739 2474 985 2518 ambitiosus
1016 2478 1196 2518 mortem
1225 2474 1471 2531 cuiusquam
1499 2473 1566 2518 vel
1593 2475 1705 2518 emat
1731 2471 1802 2517 vel

238 2554 379 2607 captet
407 2549 472 2594 vel
509 2550 717 2594 desideret
747 2564 822 2594 seu
850 2551 1134 2608 machinetur,
1176 2555 1240 2596 set
1268 2555 1369 2596 tunc
1399 2551 1549 2596 dentur
1579 2550 1800 2595 aeeclesia-

239 2628 345 2671 stica
382 2626 600 2684 beneficia,
639 2640 754 2684 cum,
794 2628 1020 2674 decedente
1055 2643 1237 2688 persona
1265 2629 1526 2687 possidente,
1564 2627 1646 2672 rite
1675 2640 1798 2672 vaca-

237 2705 388 2749 verint.

339 2809 367 2831 a.
396 2800 529 2831 Gerardo
551 2811 577 2831 c.
681 2799 712 2831 b.
739 2800 890 2832 Gemdus
911 2813 938 2833 c.
1043 2811 1069 2833 ο.
1098 2803 1151 2843 qui
1170 2803 1282 2842 scripu·
1297 2813 1354 2842 pro
1382 2809 1471 2842 quam
1498 2800 1567 2831 eod.
1671 2799 1702 2831 d.
1727 2800 1802 2839 post

238 2854 359 2884 addidi.
