1924 3288
597 201 797 233 wmALm
826 199 1046 232 Ems'rom
1078 197 1147 229 127.
1568 183 1656 228 205

94 294 208 342 127.
239 296 451 342 wibaldus
465 297 519 340 H.
536 298 782 341 monachum
800 297 1083 341 stabulensem
1099 296 1157 339 ad
1170 295 1429 339 scribendum
1444 293 1656 349 hortatur,-

211 424 214 428 ,
235 382 360 434 utque
390 376 494 419 libro
526 377 707 436 quodam
727 376 960 431 formando
990 375 1160 417 insistat.
1323 396 1326 402 =
1440 370 1512 426 (M.
1540 371 1656 425 106.)

205 463 356 509 Frater
386 463 639 520 W(ibaldus)
677 465 758 509 Dei
803 464 941 521 gratia
985 463 1030 507 id
1078 462 1189 520 quod
1229 465 1294 507 est
1338 461 1565 506 karissimo
1612 461 1658 504 111
1683 468 1776 504 1148

88 541 256 588 Christo
286 541 373 586 filio
405 556 480 587 suo
512 542 564 587 H.
589 543 936 587 benedictionem.

209 620 440 666 Scribimus
477 621 557 666 tibi
588 635 641 665 en
671 621 805 665 altera
833 621 944 677 vice,
985 624 1027 665 et
1057 620 1245 664 studium
1274 622 1395 663 tuum
1425 618 1657 662 excitamus

89 703 131 744 et
160 700 477 758 responsionem
497 699 772 743 sollicitamus
794 702 837 743 et
857 699 1191 743 vicissitudinem
1210 697 1462 753 flagitamus.
1499 696 1659 740 Verum

89 778 202 835 quod
238 791 316 822 nec
354 777 505 822 calami
541 791 619 822 nec
654 778 880 821 atramenti
909 778 1183 835 responsione
1213 789 1325 820 nunc
1354 775 1508 831 uteris,
1547 774 1656 818 ratio

87 857 152 900 tui
187 856 345 900 silentii
382 869 458 900 nos
496 856 669 901 edocere
700 857 940 912 estimatur,
981 857 1092 913 quod
1123 859 1219 899 actu
1250 858 1292 899 et
1320 855 1416 912 ipsa
1444 868 1491 898 re
1522 852 1658 908 magis

87 933 203 991 loqui
238 934 360 978 nobis
400 935 617 979 contendis
666 949 793 992 quam
831 934 1125 978 articularibus
1173 937 1215 977 et
1250 932 1464 977 vocalibus
1501 932 1659 975 instru-

88 1013 258 1069 mentis,
287 1013 409 1057 iuxta
437 1012 543 1056 illud
561 1012 760 1057 Iohannis
791 1013 991 1070 apostoli:
1023 1015 1125 1057 Non
1147 1014 1367 1070 diliyamus
1387 1013 1508 1055 verbo
1529 1027 1661 1069 neque

89 1092 251 1149 linqua,
291 1099 351 1135 set
389 1107 512 1150 opere
545 1099 582 1135 et
610 1093 780 1135 veritate
792 1088 814 1135 ¹.
865 1091 1083 1148 Siquidem
1114 1089 1227 1147 quod
1256 1090 1302 1132 in
1333 1089 1456 1132 domo
1487 1088 1661 1131 Domini

92 1168 146 1213 ad
176 1168 357 1213 salutem
386 1169 645 1225 animarum,
679 1169 734 1213 ad
762 1169 1030 1225 refrigerium
1062 1172 1104 1213 et
1134 1168 1410 1212 valitudinem
1438 1180 1662 1224 corporum

91 1246 285 1292 edificare
321 1239 630 1304 inchoavimus,
674 1250 722 1291 tu
761 1247 951 1305 perficis,
990 1247 1225 1305 inperfecta
1263 1259 1550 1301 consummas,
1589 1259 1662 1288 ne-

90 1325 228 1382 glecta
264 1339 411 1383 ornas,
452 1327 658 1385 dissipata
690 1327 891 1382 resarcis,
933 1326 1126 1384 dispersa
1155 1338 1384 1381 congregas
1416 1327 1459 1367 et
1489 1337 1662 1379 congre-

91 1407 191 1460 gata
220 1417 456 1449 conservas.
503 1404 756 1450 Benedictus
787 1409 856 1461 tu,
895 1404 957 1448 fili
987 1406 1069 1461 mi,
1103 1418 1128 1448 a
1158 1403 1361 1459 Domino,
1394 1402 1467 1459 qui
1495 1405 1663 1459 patrem

91 1486 212 1526 tuum
247 1483 450 1539 honoras,
496 1484 568 1540 qui
604 1487 894 1541 preceptorem
932 1487 1054 1527 tuum
1091 1483 1256 1539 diligis,
1296 1482 1369 1539 qui
1408 1481 1664 1525 eruditorem

91 1564 212 1605 tuum
242 1561 379 1618 foves,
416 1562 670 1606 nutritorem
701 1562 979 1619 amplecteris.
1025 1561 1184 1617 Legem
1213 1560 1421 1618 implesti,
1452 1562 1664 1603 monaste-

92 1639 204 1683 rium
234 1643 355 1684 tuum
385 1640 555 1696 auxisti,
588 1639 833 1684 aecclesiam
856 1640 938 1684 Dei
969 1640 1189 1685 decorasti.
1239 1638 1384 1683 Scribe
1414 1641 1559 1682 tamen
1588 1651 1664 1681 no-

93 1716 157 1761 bis
189 1717 285 1761 stilo
316 1715 521 1762 hominis²
554 1731 650 1762 cum
690 1718 850 1762 calamo
887 1719 1039 1776 operis.
1087 1717 1235 1762 Molles
1269 1716 1477 1761 auriculas
1508 1716 1665 1760 habent

94 1795 274 1851 domini,
313 1795 470 1840 habent
507 1796 678 1852 divites,
718 1796 958 1841 adulatione
997 1797 1233 1855 capiuntur.
1285 1795 1358 1839 Set
1397 1795 1506 1838 sicut
1534 1794 1609 1838 illa
1640 1808 1665 1838 a

93 1873 178 1917 tuis
217 1874 372 1918 sanctis
403 1874 590 1918 moribus
627 1874 751 1930 longe
789 1875 934 1919 exulat
973 1878 1015 1919 et
1044 1888 1218 1932 prorsus
1250 1878 1451 1918 extranea
1482 1876 1566 1929 est,
1604 1873 1665 1915 ita

93 1964 170 1995 nos
201 1965 287 1996 non
318 1966 411 1996 eam
443 1952 749 2009 amplectimur,
782 1957 846 1997 set
876 1954 1107 1997 amicorum
1137 1957 1378 1997 nostrorum
1408 1952 1593 1996 visitatio
1623 1954 1666 1994 et

95 2031 327 2088 scripturae
366 2030 498 2074 dulcis
539 2030 820 2075 confabulatio
859 2045 937 2088 pro
976 2031 1116 2088 patria
1152 2031 1274 2074 nobis
1310 2034 1394 2086 est,
1435 2030 1665 2074 consolatio

95 2108 216 2153 nobis
248 2113 333 2164 est,
371 2109 680 2152 munimentum
710 2109 831 2153 nobis
863 2112 939 2153 est.
994 2109 1138 2152 Scribe
1169 2109 1319 2164 igitur,
1361 2111 1409 2152 ut
1437 2108 1665 2166 preteritae

96 2187 341 2231 cessationis
373 2187 541 2231 veniam
571 2187 727 2244 capias,
764 2190 812 2230 ut
840 2187 932 2230 laus
963 2190 1037 2230 tua
1066 2201 1283 2243 nunquam
1314 2186 1480 2230 deficiat
1510 2187 1562 2230 ob
1595 2200 1665 2230 ore

96 2269 262 2322 nostro,
300 2268 348 2309 ut
376 2265 706 2323 respondeamus
735 2264 815 2308 tibi
847 2265 927 2309 etsi
955 2279 1041 2308 non
1071 2265 1226 2309 diserte
1256 2268 1399 2308 tamen
1428 2263 1664 2308 affectuose.

97 2343 300 2388 Provocet
329 2347 372 2388 te
402 2347 594 2387 nostrum
627 2342 880 2400 exemplum,
917 2343 1065 2387 incitet
1094 2343 1289 2398 imitatio,
1322 2342 1522 2386 accendat
1553 2342 1666 2386 solli-

99 2421 251 2465 citudo.
299 2421 444 2466 Tantis
477 2425 518 2466 et
548 2425 637 2465 tam
669 2421 824 2464 amaris
857 2414 1200 2478 occupationibus
1232 2420 1446 2476 distracti,
1480 2420 1667 2464 animum

100 2499 355 2556 colligimus,
387 2513 515 2544 manu
545 2499 719 2558 propria
751 2499 995 2554 scribimus;
1029 2503 1071 2543 et
1099 2502 1148 2542 tu
1178 2499 1341 2542 iuvenis
1373 2502 1415 2542 et
1445 2499 1666 2556 expeditus

101 2590 252 2622 cessas.
370 2578 449 2630 ‚Set
478 2579 524 2622 in
554 2592 692 2636 opere,
726 2578 837 2634 quod
867 2577 947 2621 tibi
978 2577 1244 2621 scribendum
1275 2580 1317 2620 et
1348 2577 1476 2620 etiam
1506 2577 1667 2620 dictan-

102 2656 202 2700 dum
230 2656 511 2712 iniunximus,
551 2656 743 2700 volumus
774 2659 817 2700 te
847 2656 1054 2699 intentam
1084 2655 1185 2698 dare
1217 2668 1410 2712 operam,
1442 2657 1490 2697 ut
1520 2655 1572 2698 de
1603 2655 1667 2698 in-

101 2734 222 2790 genio
251 2737 323 2777 tuo
353 2734 610 2792 perhennem
639 2735 823 2778 fructum
853 2734 1081 2791 capiamus,
1114 2733 1223 2777 sicut
1249 2733 1294 2776 in
1321 2746 1446 2790 opere
1466 2746 1668 2776 manuum

102 2825 188 2856 non
216 2812 484 2857 mediocriter
513 2813 755 2869 gaudemus.

199 2900 232 2936 1.
259 2899 424 2946 110h.3,
444 2902 500 2938 18.
596 2902 636 2937 2.-
657 2901 740 2937 lsai.
758 2902 791 2946 8,
812 2902 841 2936 1.
