1924 3288
140 301 233 339 1150

92 351 119 382 Α

119 361 168 390 ug.
181 362 226 383 ex.
243 368 276 373 -

115 394 199 434 Sept.
214 394 255 425 in.

180 1879 272 1915 1150
311 1855 314 1858 ’

184 1928 268 1968 Sept.

303 192 392 236 412
749 204 946 236 wmALm
974 203 1223 236 :merom
1251 203 1321 236 284.
1346 203 1418 236 285.

305 313 396 344 esse
433 299 554 344 nobis
590 299 843 356 iudicamus,
882 299 1109 344 utilitatem
1137 299 1317 344 fratrum
1345 281 1585 345 nostrorum
1611 305 1864 361 postponere

305 380 347 422 et
383 377 578 422 ecclesias
615 380 780 422 nostras
819 377 865 421 in
900 377 1134 435 periculoso
1171 378 1412 423 discrimine
1445 378 1700 438 relinquere,
1736 393 1863 438 quam

302 469 388 500 11011
425 455 655 500 obediendo
694 456 862 499 domino
898 456 1142 512 karissimo,
1179 457 1308 513 iram,
1350 470 1476 514 quam
1505 470 1591 502 non
1617 459 1862 518 meruimus,

303 534 585 590 incurramus,
626 536 669 578 et
697 537 761 578 tot
790 534 940 578 devota
970 534 1160 591 servitia,
1195 548 1302 592 quae
1333 548 1432 592 sepe
1463 538 1506 579 et
1533 543 1665 593 pene·
1696 537 1862 584 assidue

302 612 348 656 in
377 612 588 667 regalibus
620 611 726 655 aulis
758 612 1035 668 exhibuimus,
1067 615 1155 656 tam
1183 615 1357 670 repente
1388 613 1641 658 amittamus.
1702 614 1861 661 Ibimus

302 691 466 747 itaque,
505 690 680 746 ibimus,
718 703 802 734 non
833 691 940 734 sieut
969 691 1088 735 decet
1117 691 1276 747 regiam
1305 691 1590 748 maiestatem,
1629 695 1715 750 set,
1754 692 1864 740 siout

304 768 515 825 quondam
545 768 596 812 de
626 768 748 812 domo
779 771 925 812 nostra
955 769 1258 826 quodammodo
1284 769 1449 826 expulsi
1469 773 1512 813 et
1531 769 1689 828 exules,
1717 772 1862 830 parvis

303 846 539 904 sumptibus
570 850 612 890 et
640 847 787 904 paucis
815 848 999 891 contenti
1019 848 1253 892 comitibus.
1293 846 1539 903 Significare
1556 848 1699 906 itaque
1718 849 1864 907 digne-

301 928 372 968 tur
401 924 522 969 nobis
552 927 693 969 vestra
722 924 957 981 benignitas
988 925 1113 982 diem,
1145 939 1228 982 qua
1258 926 1312 969 ad
1341 939 1415 970 vos
1435 926 1666 984 veniamus,
1695 927 1757 972 ita
1784 940 1862 986 pa-

301 1003 397 1059 rati,
429 1006 477 1046 ut
508 1003 562 1047 ad
591 1003 751 1046 curiam
781 1003 901 1047 nobis
932 1000 1190 1047 condictam¹
1218 1003 1434 1047 vobiscum
1462 1007 1736 1049 transeamus.
1776 1004 1862 1050 Vo-

302 1081 440 1125 lumus
473 1081 586 1125 enim
615 1081 660 1124 in
689 1080 768 1124 hoc
796 1081 946 1125 itinere
977 1084 1019 1125 et
1049 1082 1094 1125 in
1123 1081 1202 1125 hac
1230 1081 1452 1138 legatione,
1483 1083 1592 1127 sieut
1619 1085 1663 1127 et
1681 1096 1861 1142 semper,

302 1160 442 1203 devoti
462 1159 580 1203 vobis
610 1159 656 1202 in
686 1159 878 1203 omnibus
909 1159 1101 1204 existere.
1144 1159 1225 1204 Per
1244 1163 1483 1217 presentem
1502 1160 1644 1218 itaque
1662 1162 1862 1207 nuncium

302 1237 470 1295 scriptis
491 1237 642 1281 vestris
669 1251 794 1294 super
813 1237 892 1281 hoc
911 1251 988 1281 nos
1009 1236 1239 1283 certificare
1259 1239 1426 1282 curetis.
1468 1238 1685 1284 Credimus
1706 1243 1860 1298 autem,

300 1329 396 1359 cum
427 1315 619 1359 dominus
650 1318 792 1359 noster
821 1318 910 1359 tam
939 1316 1145 1360 instanter
1176 1319 1219 1360 et
1249 1319 1407 1361 attente
1433 1331 1510 1361 nos
1529 1307 1698 1362 mittere
1717 1317 1860 1363 deere-

299 1394 427 1449 verit,
467 1393 578 1450 quod
616 1392 757 1450 aliqua
793 1407 948 1449 magna
985 1397 1026 1438 et
1062 1407 1191 1450 regno
1228 1394 1350 1439 utilia
1387 1408 1439 1440 ex
1474 1398 1620 1440 nostra
1653 1395 1860 1452 legatione

297 1472 519 1529 provenire
550 1471 740 1516 debeant.

301 1626 417 1674 285.
445 1628 655 1671 Amoldus
692 1628 960 1671 cancellarius
996 1627 1183 1671 Wibaldo
1224 1629 1410 1686 exponit,
1455 1629 1599 1688 quibus
1636 1629 1688 1673 de
1726 1630 1860 1674 cauas

446 1706 689 1763 leyationem
718 1706 954 1749 Romanam
989 1707 1126 1750 subire
1154 1721 1238 1750 non
1261 1708 1404 1764 possit.
1463 1706 1614 1765 Royat,
1645 1714 1692 1750 ut
1717 1723 1761 1750 se
1791 1708 1859 1752 die

445 1783 503 1827 15
527 1782 714 1827 Octobris
744 1791 954 1842 exspectet.
1641 1782 1713 1838 (Μ.
1736 1784 1855 1841 264.)

418 1872 779 1917 Cancellarius
817 1873 997 1916 domno
1035 1872 1225 1917 abbati.

418 1950 687 1995 Voluntatem
724 1951 893 2008 quidem
929 1950 1088 1995 domini
1126 1951 1210 1995 mei
1246 1954 1335 1994 tam
1372 1964 1423 1995 ex
1453 1951 1616 1996 nunciis
1647 1963 1774 2009 quam
1803 1965 1856 1998 ex

299 2029 453 2074 litteris
485 2029 573 2073 eius
605 2029 759 2085 audivi,
791 2033 855 2072 set
883 2029 1250 2086 inpossibilitatem
1278 2042 1416 2074 meam
1439 2043 1514 2086 ego
1535 2029 1648 2074 solus
1667 2030 1855 2087 cognovi.

298 2107 362 2152 Ne
397 2107 528 2163 igitur
562 2106 732 2162 longam
767 2107 812 2150 in
850 2107 1069 2151 scribendo
1105 2121 1267 2151 moram
1302 2107 1455 2151 faciam
1492 2111 1535 2152 et
1569 2121 1646 2165 per
1678 2107 1855 2166 singula,

300 2198 407 2242 quae
445 2184 746 2242 impedimento
783 2184 887 2228 mihi
925 2188 1043 2241 sunt,
1082 2185 1225 2241 vagari
1260 2185 1483 2243 incipiam,
1519 2185 1702 2230 breviter
1729 2184 1856 2231 finem

297 2263 360 2307 rei
389 2265 554 2306 vestrae
585 2262 797 2306 dilectioni
829 2264 984 2320 aperio.
1036 2263 1082 2307 Si
1110 2264 1326 2308 vobiscum
1356 2263 1435 2307 hoc
1463 2266 1652 2321 tempore
1679 2262 1863 2325 Romam*

297 2342 432 2384 iturus
464 2353 612 2395 essem,
645 2343 857 2397 oporteret
885 2355 954 2384 me
984 2341 1176 2386 omnibus
1208 2355 1288 2398 que
1317 2341 1509 2399 possideo
1539 2341 1786 2386 renunciare
1811 2344 1856 2386 et

298 2422 398 2462 tunc
436 2417 571 2461 solum
609 2420 652 2461 et
687 2418 846 2461 nudum
881 2418 1102 2475 proficisci.
1164 2419 1290 2463 Nulla
1327 2419 1439 2464 enim
1474 2419 1562 2464 dies
1593 2422 1677 2475 est,
1716 2432 1799 2476 qua
1828 2419 1854 2464 ἑ

297 2496 496 2540 fratribus
528 2498 570 2539 et
598 2495 779 2539 claustro
811 2495 955 2540 abesse
985 2497 1142 2554 possim
1167 2497 1235 2541 vel
1265 2497 1453 2553 audeam,
1484 2509 1579 2541 cum
1608 2509 1686 2541 nec
1714 2499 1852 2542 curtes

298 2587 441 2618 eorum
479 2573 546 2618 vel
584 2572 712 2616 villici
759 2587 967 2618 annonam
1006 2574 1073 2618 vel
1110 2575 1282 2619 servitia
1319 2574 1459 2631 aliqua
1495 2574 1554 2618 eis
1590 2573 1850 2633 persolvant3

295 2665 442 2696 verum
472 2651 524 2695 de
554 2654 702 2707 questu
732 2664 824 2694 meo
855 2652 1014 2695 vivunt.
1067 2652 1221 2696 Vinum
1251 2652 1432 2707 omnino,
1464 2652 1572 2696 sicut
1600 2652 1692 2710 ipse
1719 2651 1850 2709 scitis,
1880 2679 1882 2681 ν

295 2731 340 2774 in
370 2733 459 2774 tota
487 2733 602 2774 terra
631 2728 801 2782 defecit3
833 2729 916 2785 ipsi
947 2733 1101 2786 autem,
1132 2730 1300 2788 plagam
1326 2733 1369 2774 et
1386 2742 1558 2774 manum
1577 2729 1748 2774 Domini
1766 2742 1851 2774 non

296 2807 570 2863 attendentes,
602 2821 627 2851 a
655 2820 724 2851 me
753 2805 857 2849 illud
881 2808 1111 2863 requirunt.
1153 2807 1461 2853 Commonitum
1480 2807 1622 2864 itaque
1641 2810 1684 2852 et
1703 2819 1849 2852 exora-

391 2912 418 2933 0.
446 2904 477 2933 et
496 2911 573 2942 pene
596 2904 627 2933 et
646 2911 723 2942 pene
745 2913 770 2931 c.

391 2962 422 2997 1.
448 2960 761 3006 Ratisbonensem‚
785 2959 846 2996 die
870 2959 915 2996 29
941 2959 1041 3006 Sept.
