1924 3288
555 213 753 244 wmALm
781 212 1031 245 EPISTOLAE
1057 213 1128 244 423.
1151 213 1223 244 424.
1583 203 1668 246 561

110 306 402 363 commonituS,
433 307 542 352 sicut
560 310 702 352 vestra
731 309 850 352 novit
876 308 1133 365 fraternitas,
1164 322 1249 352 non
1272 306 1409 352 solum
1427 322 1504 352 nos
1527 309 1672 354 audire
1698 312 1790 348 1153

110 385 381 443 contempsit,
420 398 566 429 verum
602 386 730 429 etiam
759 393 910 430 manu·
940 386 986 430 in
1016 387 1275 431 sacerdotem
1303 386 1434 430 missa
1463 386 1673 442 sacrilegii

109 461 271 507 facinus
315 462 500 508 incidere
538 477 623 507 non
658 464 911 508 formidavit.
979 463 1225 526 Apostolica
1259 464 1389 520 igitur
1426 465 1674 508 auctoritate

111 542 154 585 et
182 542 327 584 nostra
355 541 566 598 prefatum
589 542 784 586 comitem
804 542 1039 600 palatinum
1059 541 1354 597 F(ridericum)
1375 545 1522 600 utpote
1544 543 1673 586 sacri-

109 616 250 675 legum
289 622 332 662 et
368 618 677 664 inobedientem
715 621 1145 676 excommunicamus,
1187 623 1230 665 et
1267 621 1673 664 excommunicatum

109 696 228 741 vobis
260 698 580 754 annuntiantes,
612 698 656 741 in
686 711 787 742 vera
816 698 1053 742 obedientia
1082 698 1361 756 precipimus,
1394 698 1589 755 quatinus
1621 699 1672 743 ab

110 774 199 819 eius
230 775 520 819 communione
549 775 716 833 penitus
737 789 811 820 vos
841 776 1111 833 subtrahatis,
1143 780 1186 821 et
1207 776 1259 821 ab
1281 776 1473 820 omnibus
1495 776 1673 821 subditis

109 852 261 897 vestris
292 853 454 897 clericis
485 856 527 897 et
555 853 675 897 laicis
706 854 750 898 id
779 854 921 912 ipsum
940 854 1117 899 firmiter
1138 855 1353 899 observari
1372 854 1550 899 faciatis.
1594 854 1674 907 Qui

108 930 189 975 hoc
216 931 463 976 mandatum
493 935 662 976 sanctae
681 931 893 976 Romanae
925 932 1149 977 aecclesiae
1180 936 1222 976 et
1250 936 1441 977 nostrum
1468 936 1611 977 tenere
1633 936 1675 977 et

111 1008 206 1054 aliis
244 1010 493 1054 annuntiare
524 1010 873 1067 dissimulaverit,
913 1010 1039 1055 officii
1079 1011 1159 1055 sui*
1175 1014 1217 1055 et
1248 1010 1438 1056 beneficii
1468 1011 1675 1055 iacturam

110 1087 258 1146 procul
293 1088 418 1132 dubio
452 1088 656 1144 incurret3
696 1089 796 1146 quia
824 1093 1026 1147 tanquam
1055 1089 1365 1135 inobedientem
1396 1103 1492 1134 eum
1523 1089 1674 1134 domno

110 1179 247 1224 papae
278 1167 631 1212 annuntiabimus.

112 1307 231 1355 424.
260 1311 434 1355 Manuel
453 1311 708 1356 Graecorum
737 1314 964 1371 imperator
983 1311 1173 1356 Wibaldo
1203 1313 1421 1371 siqmflcat,
1455 1314 1506 1356 de
1525 1313 1674 1357 Fride-

260 1390 338 1433 rici
355 1389 387 1433 I
397 1391 506 1448 reqis
525 1392 786 1434 matrimonio
812 1392 976 1434 nuntios
1006 1406 1032 1433 a
1051 1406 1095 1433 se
1121 1391 1264 1433 missos
1292 1407 1387 1434 esse.
1460 1389 1532 1443 (M.
1554 1391 1675 1445 407.)

230 1477 399 1523 Manuel
418 1478 464 1523 in
484 1478 650 1523 Christo
671 1479 748 1524 deo
768 1478 904 1524 fidelis
931 1493 1022 1535 rex,
1053 1478 1439 1537 Porphirogenitus,
1469 1480 1674 1537 sublimis,
1716 1488 1809 1524 1153

111 1555 245 1613 fortis,
277 1556 465 1601 excelsus
497 1561 696 1613 augustus
728 1561 770 1602 et
795 1558 1025 1616 imperator
1054 1557 1253 1614 Romeon,
1286 1572 1309 1602 0
1331 1557 1570 1615 Comninos,
1600 1558 1675 1602 ho·
1697 1538 1824 1569 N0v'22

112 1634 420 1679 norabilissimo
442 1638 484 1679 et
505 1625 767 1680 sanctissimo
790 1635 932 1680 abbati
951 1636 1197 1680 monasterii
1213 1635 1474 1681 Stabulensis
1494 1637 1675 1693 gratiam

114 1726 234 1757 suam
263 1716 306 1757 et
333 1713 487 1758 bonam
517 1713 786 1758 voluntatem.

230 1789 394 1835 Littera
422 1795 519 1836 tuae
549 1788 832 1836 reverentiae¹
863 1791 1002 1835 delata
1032 1795 1097 1836 est
1125 1792 1288 1850 inperio
1320 1806 1434 1849 meo,
1467 1807 1574 1850 quae
1605 1793 1676 1838 de-

114 1867 313 1925 clarabat,
345 1869 456 1926 quod
485 1883 650 1928 semper
669 1883 746 1928 pro
766 1883 859 1913 meo
881 1883 975 1913 oras
995 1870 1172 1927 inperio.
1212 1869 1270 1913 Et
1289 1871 1500 1928 inperium
1519 1885 1675 1927 meum,

115 1947 167 1991 ab
199 1947 314 1991 omni
338 1947 482 2003 lingua
502 1948 689 2004 audiens,
722 1948 832 2004 quod
852 1951 1044 2005 superest
1063 1951 1160 1992 tuae
1179 1947 1362 2005 virtutis,
1394 1953 1488 1992 tuas
1510 1962 1676 2007 semper

115 2025 290 2069 advocat
319 2026 540 2082 orationeS,
571 2026 756 2083 vultque,
786 2026 1012 2070 memorari
1038 2026 1172 2083 ipsius
1202 2028 1320 2069 tuam
1344 2027 1611 2070 sanctitatem
1630 2027 1677 2070 in

115 2103 372 2148 orationibus
403 2104 489 2148 suis
521 2103 574 2147 ad
593 2103 731 2148 Deum
757 2107 799 2148 et
820 2117 939 2148 orare
961 2117 1056 2148 eum
1075 2117 1152 2161 pro
1173 2104 1521 2162 prosperitatibus
1541 2105 1676 2149 nostri

114 2181 279 2238 inperii.
359 2181 425 2225 De
454 2181 626 2237 negocio
647 2195 746 2226 vero
777 2182 988 2237 connubii,
1019 2182 1070 2225 de
1102 2195 1183 2238 quo
1210 2182 1571 2239 prenobilissimus
1599 2197 1675 2227 rex

113 2258 271 2303 Romae
309 2262 351 2303 et
388 2258 564 2303 dilectus
602 2259 732 2303 frater
769 2260 922 2321 inperii
954 2260 1039 2303 mei
1067 2262 1210 2303 nostro
1242 2259 1469 2305 declaravit
1497 2261 1674 2318 inperio,

114 2337 277 2381 remisit
307 2337 346 2381 ei
375 2337 586 2394 inperium
605 2337 768 2382 meumb
795 2337 1093 2382 intentionem⁶
1114 2351 1233 2381 suam
1253 2337 1443 2382 diffusius
1464 2352 1559 2382 cum
1578 2353 1675 2396 pre-

116 2415 303 2460 sentibus
332 2414 491 2458 nuntiis
522 2415 676 2472 inperii
704 2416 800 2459 mei.
856 2414 957 2459 Vult
988 2415 1100 2459 enim
1128 2415 1338 2474 inperium
1368 2430 1509 2461 meum
1539 2417 1674 2472 magis

117 2506 166 2537 ac
193 2493 328 2548 magis
358 2496 629 2549 utrorumque
659 2506 884 2548 regnorum
912 2493 1156 2538 unitionem.
1197 2493 1343 2549 Mense
1362 2493 1590 2538 Novembri
1610 2494 1675 2538 in—

116 2570 309 2614 dictionis
341 2570 546 2615 secundae
555 2567 582 2613 ².
629 2569 761 2614 Missa
791 2574 854 2615 est
884 2584 909 2614 a
938 2568 1109 2615 Castro⁸
1139 2571 1388 2628 Pelagoniae
1417 2585 1562 2616 mense
1590 2571 1675 2616 No-

115 2648 277 2693 vembri
305 2650 376 2704 22,
407 2648 634 2692 indictione
662 2649 702 2691 2.
745 2650 797 2699 -:{÷
925 2648 1192 2705 Inperiale
1230 2649 1291 2693 ad
1320 2649 1674 2694 venerabilis-

118 2725 297 2770 simum
335 2726 570 2771 abbatem
605 2726 915 2770 monasterii
954 2725 1298 2771 Stabulensis.

214 2855 240 2876 a.
268 2846 358 2876 manii
380 2858 406 2877 c.
488 2845 517 2876 b.
546 2844 574 2875 ffi
597 2858 622 2876 c.
706 2854 732 2875 c.
753 2844 875 2875 intenti⁹
897 2858 923 2876 c.

213 2909 246 2945 1.
271 2920 329 2954 ep.
345 2910 413 2945 411
438 2919 475 2954 p.
489 2909 569 2944 550.
665 2908 698 2943 2.
725 2919 783 2944 an.
802 2908 904 2944 1153.
931 2908 1335 2954 Constantinopolitana
1350 2908 1447 2946 enim
1472 2909 1625 2948 indictio
1648 2912 1672 2948 2

118 2966 235 3003 valuit
257 2979 280 3004 a
303 2968 339 3004 d.
357 2970 377 3004 1
404 2967 504 3013 Sept.
524 2967 616 3004 1153
640 2967 687 3003 ad
711 2967 748 3004 d.
767 2968 786 3004 1
812 2966 912 3014 Sept.
934 2967 1038 3004 1154.
1133 2968 1167 3005 3.
1197 2968 1360 3006 Castoria
1383 2969 1628 3009 Macedoniae.

177 3031 281 3067 Jnrx'.
303 3034 490 3064 Bibliotheca
509 3035 532 3063 1.
1318 3035 1363 3072 36
