1924 3288
176 306 268 343 1146

182 356 258 387 Nov.

292 196 381 241 240
795 206 993 238 wmAnm
1021 203 1242 238 nmsrronn
1271 204 1341 236 150.

292 303 579 359 continebant,
619 315 726 359 quae
761 314 838 345 nos
876 301 930 345 ad
965 302 1153 357 regimen
1188 301 1378 359 ipsorum
1413 297 1657 343 favorabili·
1693 295 1846 343 afim

291 381 538 426 invitabant.

409 459 468 502 At
505 470 603 502 vero
634 457 826 501 dominus
856 459 1000 500 noster
1028 470 1105 500 rex
1133 455 1342 512 frequenti
1370 453 1556 498 iussione
1583 465 1663 497 nos
1690 451 1748 500 ul
1772 464 1845 497 cuz·

291 536 398 580 riam
419 549 539 579 suam
557 535 746 591 vocabat,
777 535 961 590 graviter
981 547 1240 589 succensens,
1273 532 1383 589 quod
1403 530 1604 576 aecclesia
1622 529 1846 575 corbeien—

292 614 363 670 sis,
401 627 487 657 non
515 613 726 657 modicum
756 611 951 657 videlicet
979 612 1099 668 regni
1129 612 1194 656 sui
1224 611 1472 666 membrum,
1502 611 1649 653 nostra
1675 606 1745 652 vel
1770 619 1850 652 na-

291 691 491 747 gligentia
520 690 588 735 vel
615 691 814 735 tarditate
845 690 1130 735 collaberetur.
1170 689 1371 733 Venimus
1401 688 1543 744 itaque
1573 686 1628 731 ad
1646 684 1849 744 oppidum

186 787 229 808 ec.
291 768 606 813 Frankenevort
641 769 669 813 5
700 768 797 812 Idus
827 768 1092 823 Decembris,
1130 767 1366 823 credentes,
1405 765 1621 809 dominum
1655 766 1848 809 nostrum

139 1942 212 1973 Dec.
230 1942 269 1973 10

143 2878 204 2909 Dec

207 2881 270 2909 ‚11

291 860 434 902 regem
463 846 620 891 ibidem
650 860 754 903 esse,
786 846 894 890 sicut
922 846 1014 904 ipse
1041 845 1162 889 nobis
1181 859 1258 903 per
1278 844 1451 888 nuncios
1472 846 1515 887 et
1532 842 1696 887 litteras
1716 841 1847 898 signi-

290 923 507 980 ficaverat3
541 927 583 969 et
610 925 846 969 invenimus
873 923 933 968 ibi
953 923 1224 967 Corbeienses
1245 922 1484 978 monachos,
1515 920 1688 965 clericos
1708 922 1752 964 et
1768 918 1848 964 lai·

291 1016 360 1046 cos
397 1016 483 1046 non
513 1015 688 1060 paucos,
730 1002 802 1059 qui
830 1015 907 1060 pro
939 1015 1016 1045 sua
1047 1001 1247 1045 electione
1279 999 1506 1044 obtinenda
1534 998 1720 1042 omnium
1749 996 1848 1042 reli-

291 1094 468 1137 quorum
505 1074 703 1139 mandato
742 1083 784 1123 et
818 1079 1058 1123 testimonio
1095 1079 1362 1123 advenerant.
1483 1075 1719 1121 Didicimus
1739 1077 1849 1119 stne

291 1158 471 1215 quodam
502 1171 614 1213 casu,
646 1171 742 1201 cum
767 1157 846 1202 hoc
864 1157 1024 1200 nollent
1044 1156 1328 1211 Corbeienses,
1359 1155 1560 1199 domnum
1578 1153 1700 1198 illum
1717 1152 1849 1197 Hein-

290 1236 425 1280 ricum
471 1236 608 1279 adisse
653 1235 795 1278 domni
838 1249 974 1292 papae
1019 1248 1096 1292 pro
1143 1248 1219 1278 sua
1262 1233 1532 1278 restitucione
1577 1231 1850 1290 presentium

291 1313 454 1365 Quanto
479 1316 606 1358 2metu
643 1325 692 1356 ac
729 1312 871 1356 dolore
910 1311 1048 1356 affecti
1082 1312 1304 1368 fuerimus,
1343 1323 1608 1367 nequaquam
1638 1308 1849 1367 'explicare

290 1391 429 1435 verbis
465 1386 700 1448 possumus.
749 1390 1010 1434 Tenebamur
1046 1389 1297 1445 obligatione
1328 1388 1459 1432 divini
1489 1387 1698 1445 precepti,
1737 1385 1850 1444 qnod

291 1481 367 1526 per
397 1482 443 1512 os
473 1464 653 1512 fratrum
678 1467 988 1512 Stabulensium
1019 1480 1324 1525 acceperamus,
1357 1466 1553 1523 quatinus
1583 1465 1638 1509 ad
1666 1464 1848 1509 vocatio-

291 1560 389 1590 nem
419 1545 734 1590 Corbeiensium
768 1549 888 1603 cepto
918 1545 1068 1589 itinere
1098 1545 1437 1602 procederemus3
1476 1543 1700 1587 resistebat
1725 1541 1848 1586 nobis

291 1624 399 1668 ratio
429 1627 587 1680 nostra,
619 1627 662 1667 et
691 1623 928 1667 deterrebat
956 1636 1033 1666 nos
1057 1636 1142 1666 non
1161 1621 1434 1680 inprobabilis
1455 1621 1707 1676 coniectura,
1737 1618 1849 1677 quod

291 1701 508 1759 inpingere
538 1715 756 1759 possemus
786 1702 833 1744 in
851 1701 1084 1744 Romanam
1115 1700 1358 1744 aecclesiam
1388 1703 1430 1743 et
1458 1699 1642 1755 graviter
1672 1697 1749 1742 sub
1772 1710 1848 1755 po-

291 1779 398 1823 tenti
434 1793 563 1823 manu
598 1778 759 1834 collidi,
798 1779 835 1822 si
870 1792 1041 1823 causam
1071 1778 1385 1822 Gorbeiensium
1413 1780 1642 1821 retractare
1671 1775 1849 1820 domnus

292 1870 404 1915 papa
433 1858 657 1901 insisteret.
706 1856 926 1900 Doluimus
958 1860 1000 1900 et
1028 1854 1233 1911 flevimus,
1265 1859 1307 1900 et
1335 1854 1446 1899 male
1476 1854 1596 1899 nobis
1627 1856 1730 1898 erat.

410 1935 481 1978 Ad
516 1935 700 1992 primum
738 1948 835 1990 ergo
873 1934 1086 1992 pullorum
1123 1937 1311 1988 cantum,
1350 1946 1445 1976 cum
1484 1931 1715 1976 dormirent
1747 1929 1850 1975 Gor-

293 2013 502 2068 beienses,
542 2026 617 2056 nos
656 2011 766 2056 clam
794 2012 1063 2067 recessimus,
1102 2014 1340 2068 sperantes,
1381 2010 1492 2067 quod
1519 2009 1566 2053 in
1594 2008 1848 2053 monasterio

293 2089 606 2134 Laurisamensi
636 2090 852 2134 dominum
880 2093 1072 2133 nostrum
1101 2102 1264 2144 regem,
1296 2088 1405 2132 sicut
1434 2087 1608 2144 abipso
1637 2100 1714 2144 per
1741 2099 1848 2130 nun·-

294 2168 405 2212 cium
449 2181 762 2226 acceperamus,
805 2167 995 2211 invenire
1038 2180 1255 2224 possemus
1302 2169 1344 2208 et
1388 2164 1526 2221 aliquo
1570 2163 1694 2208 modo
1737 2162 1850 2221 apud

294 2246 434 2303 ipsum
472 2249 682 2301 satagere,
723 2245 760 2288 si
797 2246 905 2289 forte
935 2244 1128 2288 voluntas
1158 2244 1239 2288 Dei
1269 2245 1400 2297 esset,
1438 2245 1486 2285 ut
1515 2241 1735 2286 Corbeiam
1763 2253 1849 2285 non

294 2324 619 2382 perveniremus.
743 2323 1031 2379 Sequebantur
1067 2336 1143 2365 nos
1175 2320 1444 2364 Corbeienses
1482 2319 1592 2362 facto
1631 2332 1754 2363 mane
1781 2318 1848 2362 in-

295 2401 475 2457 dignati;
516 2414 564 2445 ac
594 2402 840 2459 disponente
871 2400 980 2456 Deo,
1013 2400 1212 2443 domnum
1240 2410 1402 2453 regem,
1435 2399 1659 2452 antequam
1689 2395 1743 2440 ad
1770 2408 1848 2440 nos

294 2479 553 2537 perveniret,
592 2480 637 2522 in
666 2479 737 2523 via
767 2477 935 2522 obvium
955 2477 1220 2540 babuerunt.
1262 2475 1320 2519 Et
1355 2474 1455 2517 totis
1493 2474 1652 2528 ingenii
1689 2473 1848 2520 viribus

297 2556 408 2614 apud
443 2557 577 2614 ipsius
612 2556 975 2600 mansuetudinem
1014 2557 1205 2610 egerunt,
1244 2566 1297 2596 ne
1333 2552 1447 2609 ipsos
1483 2565 1557 2608 spe
1588 2563 1664 2594 sua
1693 2554 1736 2595 et
1764 2549 1848 2595 ele-

296 2635 433 2679 ctione
471 2647 623 2678 vacuos
663 2637 705 2677 et
743 2634 820 2677 sub
860 2633 1034 2690 ancipiti
1071 2630 1256 2689 periculo
1293 2629 1540 2674 constitutos
1570 2629 1614 2671 in
1645 2642 1691 2672 se
1721 2626 1848 2672 confi-

297 2712 441 2756 dentes
472 2712 714 2755 dimitteret.
761 2710 1008 2755 Consolatus
1039 2713 1104 2754 est
1134 2723 1203 2753 eos
1234 2707 1429 2762 benigne3
1469 2709 1511 2749 et
1539 2706 1685 2763 plenos
1715 2705 1848 2749 bonae

296 2790 584 2846 promissionis
614 2789 713 2833 fecit
742 2788 946 2846 hospitari
976 2800 1118 2831 secum
1147 2787 1192 2830 in
1221 2785 1321 2830 villa
1343 2783 1552 2828 winheim
1574 2783 1801 2827 nominata.

415 2866 495 2911 Die
524 2867 713 2911 insecuta
741 2879 831 2922 nos,
862 2879 946 2909 non
977 2863 1111 2909 solum
1142 2863 1279 2908 vocati
1308 2865 1372 2906 set
1402 2861 1529 2904 etiam
1558 2874 1634 2918 per
1660 2859 1787 2905 fidem
1806 2862 1848 2904 et

394 2970 420 2991 a.
448 2962 572 2991 favorali
593 2974 619 2992 c.
