<?xml version="1.0" encoding="UTF-8"?>
<!DOCTYPE html PUBLIC "-//W3C//DTD XHTML 1.0 Transitional//EN"
    "http://www.w3.org/TR/xhtml1/DTD/xhtml1-transitional.dtd">
<html xmlns="http://www.w3.org/1999/xhtml" xml:lang="en" lang="en">
 <head>
  <title>
</title>
<meta http-equiv="Content-Type" content="text/html;charset=utf-8" />
  <meta name='ocr-system' content='tesseract 3.04.00' />
  <meta name='ocr-capabilities' content='ocr_page ocr_carea ocr_par ocr_line ocrx_word'/>
</head>
<body>
  <div class='ocr_page' id='page_1' title='image "bibliothecarerum01wattuoft_0038.png"; bbox 0 0 1930 3224; ppageno 0'>
   <div class='ocr_carea' id='block_1_1' title="bbox 317 196 1326 241">
    <p class='ocr_par' dir='ltr' id='par_1_1' title="bbox 317 196 1326 241">
     <span class='ocr_line' id='line_1_1' title="bbox 317 196 1326 241; baseline -0.005 0"><span class='ocrx_word' id='word_1_1' title='bbox 317 196 375 241; x_wconf 83' lang='lat'><strong>20</strong></span> <span class='ocrx_word' id='word_1_2' title='bbox 858 205 1143 239; x_wconf 70' lang='lat' dir='ltr'><strong>TRANSLA&#39;rto</strong></span> <span class='ocrx_word' id='word_1_3' title='bbox 1173 205 1210 237; x_wconf 88' lang='lat' dir='ltr'><strong>s.</strong></span> <span class='ocrx_word' id='word_1_4' title='bbox 1230 205 1326 237; x_wconf 72' lang='grc' dir='ltr'><strong>πη</strong></span> 
     </span>
    </p>
   </div>
   <div class='ocr_carea' id='block_1_2' title="bbox 197 287 1870 361">
    <p class='ocr_par' dir='ltr' id='par_1_2' title="bbox 197 287 1870 361">
     <span class='ocr_line' id='line_1_2' title="bbox 197 287 1870 361; baseline 0.002 -18"><span class='ocrx_word' id='word_1_5' title='bbox 197 306 267 343; x_wconf 83' lang='grc'><strong>836</strong></span> <span class='ocrx_word' id='word_1_6' title='bbox 314 302 405 347; x_wconf 93' lang='lat' dir='ltr'><strong>loco</strong></span> <span class='ocrx_word' id='word_1_7' title='bbox 434 301 757 361; x_wconf 85' lang='lat' dir='ltr'><strong>proficiscentes,</strong></span> <span class='ocrx_word' id='word_1_8' title='bbox 787 304 959 346; x_wconf 81' lang='lat' dir='ltr'><strong>ventum</strong></span> <span class='ocrx_word' id='word_1_9' title='bbox 988 303 1053 344; x_wconf 90' lang='lat' dir='ltr'><strong>est</strong></span> <span class='ocrx_word' id='word_1_10' title='bbox 1083 299 1137 344; x_wconf 89' lang='lat' dir='ltr'><strong>ad</strong></span> <span class='ocrx_word' id='word_1_11' title='bbox 1165 299 1311 344; x_wconf 88' lang='lat' dir='ltr'><strong>villam</strong></span> <span class='ocrx_word' id='word_1_12' title='bbox 1341 312 1448 358; x_wconf 88' lang='lat' dir='ltr'><strong>quae</strong></span> <span class='ocrx_word' id='word_1_13' title='bbox 1475 287 1650 345; x_wconf 75' lang='lat' dir='ltr'><strong>vocatur</strong></span> <span class='ocrx_word' id='word_1_14' title='bbox 1674 297 1870 346; x_wconf 67' lang='lat' dir='ltr'><strong>Summu-</strong></span> 
     </span>
    </p>
   </div>
   <div class='ocr_carea' id='block_1_3' title="bbox 173 355 292 387">
    <p class='ocr_par' dir='ltr' id='par_1_3' title="bbox 173 355 292 387">
     <span class='ocr_line' id='line_1_3' title="bbox 173 355 292 387; baseline 0.008 -1"><span class='ocrx_word' id='word_1_15' title='bbox 173 355 292 387; x_wconf 47' lang='lat' dir='ltr'><strong>Mamas</strong></span> 
     </span>
    </p>
   </div>
   <div class='ocr_carea' id='block_1_4' title="bbox 165 1168 285 1200">
    <p class='ocr_par' dir='ltr' id='par_1_4' title="bbox 165 1168 285 1200">
     <span class='ocr_line' id='line_1_4' title="bbox 165 1168 285 1200; baseline 0.008 -1"><span class='ocrx_word' id='word_1_16' title='bbox 165 1168 234 1199; x_wconf 81' lang='lat' dir='ltr'><strong>Mai.</strong></span> <span class='ocrx_word' id='word_1_17' title='bbox 246 1169 285 1200; x_wconf 86' lang='grc'><strong>27</strong></span> 
     </span>
    </p>
   </div>
   <div class='ocr_carea' id='block_1_5' title="bbox 159 2493 280 2525">
    <p class='ocr_par' dir='ltr' id='par_1_5' title="bbox 159 2493 280 2525">
     <span class='ocr_line' id='line_1_5' title="bbox 159 2493 280 2525; baseline 0 -1"><span class='ocrx_word' id='word_1_18' title='bbox 159 2493 228 2525; x_wconf 88' lang='lat' dir='ltr'><strong>Mai.</strong></span> <span class='ocrx_word' id='word_1_19' title='bbox 241 2494 280 2524; x_wconf 87' lang='grc'><strong>28</strong></span> 
     </span>
    </p>
   </div>
   <div class='ocr_carea' id='block_1_6' title="bbox 304 376 1876 2612">
    <p class='ocr_par' dir='ltr' id='par_1_6' title="bbox 305 376 1876 2223">
     <span class='ocr_line' id='line_1_6' title="bbox 314 376 1870 436; baseline 0 -13"><span class='ocrx_word' id='word_1_20' title='bbox 314 378 479 425; x_wconf 63' lang='lat' dir='ltr'><strong>hama).</strong></span> <span class='ocrx_word' id='word_1_21' title='bbox 527 380 575 424; x_wconf 94' lang='lat' dir='ltr'><strong>In</strong></span> <span class='ocrx_word' id='word_1_22' title='bbox 604 380 724 424; x_wconf 91' lang='lat' dir='ltr'><strong>initio</strong></span> <span class='ocrx_word' id='word_1_23' title='bbox 755 393 854 423; x_wconf 85' lang='lat' dir='ltr'><strong>vero</strong></span> <span class='ocrx_word' id='word_1_24' title='bbox 889 377 1024 422; x_wconf 89' lang='lat' dir='ltr'><strong>noctis</strong></span> <span class='ocrx_word' id='word_1_25' title='bbox 1054 377 1188 422; x_wconf 87' lang='lat' dir='ltr'><strong>eiecta</strong></span> <span class='ocrx_word' id='word_1_26' title='bbox 1214 377 1336 436; x_wconf 81' lang='lat' dir='ltr'>plebe</span> <span class='ocrx_word' id='word_1_27' title='bbox 1365 377 1468 422; x_wconf 83' lang='lat' dir='ltr'><strong>foris</strong></span> <span class='ocrx_word' id='word_1_28' title='bbox 1498 376 1736 434; x_wconf 80' lang='lat' dir='ltr'><strong>ecclesiam,</strong></span> <span class='ocrx_word' id='word_1_29' title='bbox 1770 377 1870 434; x_wconf 80' lang='lat' dir='ltr'><strong>quia</strong></span> 
     </span>
     <span class='ocr_line' id='line_1_7' title="bbox 313 450 1871 515; baseline -0.001 -13"><span class='ocrx_word' id='word_1_30' title='bbox 313 471 446 515; x_wconf 87' lang='lat' dir='ltr'><strong>parva</strong></span> <span class='ocrx_word' id='word_1_31' title='bbox 475 461 567 502; x_wconf 85' lang='lat' dir='ltr'><strong>erat</strong></span> <span class='ocrx_word' id='word_1_32' title='bbox 596 461 638 502; x_wconf 91' lang='lat' dir='ltr'><strong>et</strong></span> <span class='ocrx_word' id='word_1_33' title='bbox 667 450 890 500; x_wconf 89' lang='lat' dir='ltr'><strong>multitudo</strong></span> <span class='ocrx_word' id='word_1_34' title='bbox 910 454 1055 512; x_wconf 88' lang='lat' dir='ltr'><strong>populi</strong></span> <span class='ocrx_word' id='word_1_35' title='bbox 1074 469 1240 511; x_wconf 85' lang='lat' dir='ltr'><strong>magna,</strong></span> <span class='ocrx_word' id='word_1_36' title='bbox 1270 455 1475 500; x_wconf 82' lang='lat' dir='ltr'><strong>remansit</strong></span> <span class='ocrx_word' id='word_1_37' title='bbox 1494 454 1700 511; x_wconf 83' lang='lat' dir='ltr'><strong>quaedam</strong></span> <span class='ocrx_word' id='word_1_38' title='bbox 1715 453 1871 501; x_wconf 80' lang='lat' dir='ltr'><strong>mulier</strong></span> 
     </span>
     <span class='ocr_line' id='line_1_8' title="bbox 312 531 1870 589; baseline -0.001 -9"><span class='ocrx_word' id='word_1_39' title='bbox 312 536 481 580; x_wconf 90' lang='lat' dir='ltr'><strong>nomine</strong></span> <span class='ocrx_word' id='word_1_40' title='bbox 512 534 733 589; x_wconf 84' lang='lat' dir='ltr'><strong>Geruntia‚</strong></span> <span class='ocrx_word' id='word_1_41' title='bbox 773 533 899 589; x_wconf 86' lang='lat' dir='ltr'><strong>gibba</strong></span> <span class='ocrx_word' id='word_1_42' title='bbox 935 535 1059 589; x_wconf 86' lang='lat' dir='ltr'><strong>atque</strong></span> <span class='ocrx_word' id='word_1_43' title='bbox 1095 545 1224 577; x_wconf 83' lang='lat' dir='ltr'><strong>curva</strong></span> <span class='ocrx_word' id='word_1_44' title='bbox 1255 533 1308 577; x_wconf 88' lang='lat' dir='ltr'><strong>ab</strong></span> <span class='ocrx_word' id='word_1_45' title='bbox 1339 532 1460 576; x_wconf 89' lang='lat' dir='ltr'><strong>annis</strong></span> <span class='ocrx_word' id='word_1_46' title='bbox 1492 531 1732 589; x_wconf 77' lang='lat' dir='ltr'><strong>duodecim,</strong></span> <span class='ocrx_word' id='word_1_47' title='bbox 1769 534 1870 579; x_wconf 63' lang='lat' dir='ltr'><strong>ute</strong></span> 
     </span>
     <span class='ocr_line' id='line_1_9' title="bbox 310 609 1870 668; baseline -0.001 -12"><span class='ocrx_word' id='word_1_48' title='bbox 310 613 421 658; x_wconf 87' lang='lat' dir='ltr'><strong>fores</strong></span> <span class='ocrx_word' id='word_1_49' title='bbox 461 613 633 657; x_wconf 86' lang='lat' dir='ltr'><strong>oratorii</strong></span> <span class='ocrx_word' id='word_1_50' title='bbox 663 625 759 656; x_wconf 93' lang='lat' dir='ltr'><strong>cum</strong></span> <span class='ocrx_word' id='word_1_51' title='bbox 788 613 910 668; x_wconf 90' lang='lat' dir='ltr'><strong>patre</strong></span> <span class='ocrx_word' id='word_1_52' title='bbox 938 610 1110 668; x_wconf 88' lang='lat' dir='ltr'><strong>proprio</strong></span> <span class='ocrx_word' id='word_1_53' title='bbox 1141 614 1184 655; x_wconf 91' lang='lat' dir='ltr'><strong>et</strong></span> <span class='ocrx_word' id='word_1_54' title='bbox 1212 613 1360 654; x_wconf 87' lang='lat' dir='ltr'><strong>matre.</strong></span> <span class='ocrx_word' id='word_1_55' title='bbox 1414 609 1503 654; x_wconf 85' lang='lat' dir='ltr'><strong>Illis</strong></span> <span class='ocrx_word' id='word_1_56' title='bbox 1534 612 1697 655; x_wconf 86' lang='lat' dir='ltr'><strong>autem·</strong></span> <span class='ocrx_word' id='word_1_57' title='bbox 1724 611 1870 655; x_wconf 63' lang='lat' dir='ltr'><strong>utn—</strong></span> 
     </span>
     <span class='ocr_line' id='line_1_10' title="bbox 310 686 1875 747; baseline 0 -12"><span class='ocrx_word' id='word_1_58' title='bbox 310 691 422 735; x_wconf 86' lang='lat' dir='ltr'><strong>tibus</strong></span> <span class='ocrx_word' id='word_1_59' title='bbox 452 704 616 747; x_wconf 87' lang='lat' dir='ltr'><strong>unaque</strong></span> <span class='ocrx_word' id='word_1_60' title='bbox 643 702 739 734; x_wconf 89' lang='lat' dir='ltr'><strong>cum</strong></span> <span class='ocrx_word' id='word_1_61' title='bbox 758 689 853 746; x_wconf 88' lang='lat' dir='ltr'><strong>ipsa</strong></span> <span class='ocrx_word' id='word_1_62' title='bbox 871 687 1203 732; x_wconf 88' lang='lat' dir='ltr'><strong>misericordiam</strong></span> <span class='ocrx_word' id='word_1_63' title='bbox 1222 688 1303 733; x_wconf 93' lang='lat' dir='ltr'><strong>Dei</strong></span> <span class='ocrx_word' id='word_1_64' title='bbox 1322 686 1645 746; x_wconf 62' lang='lat' dir='ltr'><strong>implorantibus</strong></span> <span class='ocrx_word' id='word_1_65' title='bbox 1666 696 1717 732; x_wconf 84' lang='lat' dir='ltr'><strong>ac</strong></span> <span class='ocrx_word' id='word_1_66' title='bbox 1733 687 1875 735; x_wconf 50' lang='lat' dir='ltr'><strong>meu*</strong></span> 
     </span>
     <span class='ocr_line' id='line_1_11' title="bbox 309 764 1876 825; baseline -0.001 -13"><span class='ocrx_word' id='word_1_67' title='bbox 309 769 507 825; x_wconf 85' lang='lat' dir='ltr'><strong>martyris</strong></span> <span class='ocrx_word' id='word_1_68' title='bbox 537 767 690 811; x_wconf 87' lang='lat' dir='ltr'><strong>merita</strong></span> <span class='ocrx_word' id='word_1_69' title='bbox 718 765 1098 824; x_wconf 77' lang='lat' dir='ltr'><strong>interpellantibus,</strong></span> <span class='ocrx_word' id='word_1_70' title='bbox 1127 779 1226 810; x_wconf 84' lang='lat' dir='ltr'><strong>mox</strong></span> <span class='ocrx_word' id='word_1_71' title='bbox 1255 766 1351 824; x_wconf 91' lang='lat' dir='ltr'><strong>ipsa</strong></span> <span class='ocrx_word' id='word_1_72' title='bbox 1369 778 1567 810; x_wconf 88' lang='lat' dir='ltr'><strong>corruens</strong></span> <span class='ocrx_word' id='word_1_73' title='bbox 1587 764 1718 810; x_wconf 85' lang='lat' dir='ltr'><strong>iacuit</strong></span> <span class='ocrx_word' id='word_1_74' title='bbox 1734 776 1876 823; x_wconf 73' lang='lat' dir='ltr'><strong>paene,-</strong></span> 
     </span>
     <span class='ocr_line' id='line_1_12' title="bbox 310 841 1875 902; baseline 0 -13"><span class='ocrx_word' id='word_1_75' title='bbox 310 846 538 901; x_wconf 84' lang='lat' dir='ltr'><strong>exanimis‚</strong></span> <span class='ocrx_word' id='word_1_76' title='bbox 578 845 640 888; x_wconf 87' lang='lat' dir='ltr'><strong>ita</strong></span> <span class='ocrx_word' id='word_1_77' title='bbox 675 846 723 888; x_wconf 91' lang='lat' dir='ltr'><strong>ut</strong></span> <span class='ocrx_word' id='word_1_78' title='bbox 759 847 881 902; x_wconf 87' lang='lat' dir='ltr'><strong>pater</strong></span> <span class='ocrx_word' id='word_1_79' title='bbox 911 844 1001 888; x_wconf 82' lang='lat' dir='ltr'><strong>eius</strong></span> <span class='ocrx_word' id='word_1_80' title='bbox 1030 846 1073 888; x_wconf 90' lang='lat' dir='ltr'><strong>et</strong></span> <span class='ocrx_word' id='word_1_81' title='bbox 1101 846 1258 900; x_wconf 89' lang='lat' dir='ltr'><strong>mater,</strong></span> <span class='ocrx_word' id='word_1_82' title='bbox 1296 857 1373 901; x_wconf 91' lang='lat' dir='ltr'><strong>per</strong></span> <span class='ocrx_word' id='word_1_83' title='bbox 1402 856 1531 887; x_wconf 86' lang='lat' dir='ltr'><strong>unam</strong></span> <span class='ocrx_word' id='word_1_84' title='bbox 1559 847 1693 901; x_wconf 84' lang='lat' dir='ltr'><strong>prope</strong></span> <span class='ocrx_word' id='word_1_85' title='bbox 1721 841 1875 889; x_wconf 66' lang='lat' dir='ltr'><strong>horam-</strong></span> 
     </span>
     <span class='ocr_line' id='line_1_13' title="bbox 310 919 1872 980; baseline 0.001 -14"><span class='ocrx_word' id='word_1_86' title='bbox 310 925 592 980; x_wconf 86' lang='lat' dir='ltr'><strong>expectantes,</strong></span> <span class='ocrx_word' id='word_1_87' title='bbox 625 935 718 967; x_wconf 86' lang='lat' dir='ltr'><strong>eam</strong></span> <span class='ocrx_word' id='word_1_88' title='bbox 748 923 959 965; x_wconf 88' lang='lat' dir='ltr'><strong>mortuam</strong></span> <span class='ocrx_word' id='word_1_89' title='bbox 990 919 1259 966; x_wconf 84' lang='lat' dir='ltr'><strong>affirmarent.</strong></span> <span class='ocrx_word' id='word_1_90' title='bbox 1310 920 1370 965; x_wconf 92' lang='lat' dir='ltr'><strong>At</strong></span> <span class='ocrx_word' id='word_1_91' title='bbox 1397 924 1672 979; x_wconf 76' lang='lat' dir='ltr'><strong>posteaquam</strong></span> <span class='ocrx_word' id='word_1_92' title='bbox 1698 931 1872 967; x_wconf 65' lang='lat' dir='ltr'><strong>reversa</strong></span> 
     </span>
     <span class='ocr_line' id='line_1_14' title="bbox 309 997 1870 1057; baseline -0.001 -13"><span class='ocrx_word' id='word_1_93' title='bbox 309 1003 373 1044; x_wconf 87' lang='lat' dir='ltr'><strong>est</strong></span> <span class='ocrx_word' id='word_1_94' title='bbox 401 1001 447 1043; x_wconf 90' lang='lat' dir='ltr'><strong>in</strong></span> <span class='ocrx_word' id='word_1_95' title='bbox 475 999 704 1057; x_wconf 87' lang='lat' dir='ltr'><strong>pristinum</strong></span> <span class='ocrx_word' id='word_1_96' title='bbox 733 1012 921 1054; x_wconf 88' lang='lat' dir='ltr'><strong>sensum,</strong></span> <span class='ocrx_word' id='word_1_97' title='bbox 954 998 1192 1044; x_wconf 85' lang='lat' dir='ltr'><strong>detulerunt</strong></span> <span class='ocrx_word' id='word_1_98' title='bbox 1221 1012 1315 1043; x_wconf 89' lang='lat' dir='ltr'><strong>eam</strong></span> <span class='ocrx_word' id='word_1_99' title='bbox 1342 999 1454 1043; x_wconf 90' lang='lat' dir='ltr'><strong>intro</strong></span> <span class='ocrx_word' id='word_1_100' title='bbox 1485 1001 1584 1043; x_wconf 81' lang='lat' dir='ltr'><strong>ante</strong></span> <span class='ocrx_word' id='word_1_101' title='bbox 1613 997 1766 1054; x_wconf 83' lang='lat' dir='ltr'><strong>altare,</strong></span> <span class='ocrx_word' id='word_1_102' title='bbox 1794 997 1870 1046; x_wconf 78' lang='lat' dir='ltr'><strong>ubi</strong></span> 
     </span>
     <span class='ocr_line' id='line_1_15' title="bbox 309 1075 1870 1135; baseline -0.001 -14"><span class='ocrx_word' id='word_1_103' title='bbox 309 1081 501 1121; x_wconf 86' lang='lat' dir='ltr'><strong>sanctum</strong></span> <span class='ocrx_word' id='word_1_104' title='bbox 538 1091 690 1135; x_wconf 87' lang='lat' dir='ltr'><strong>corpus</strong></span> <span class='ocrx_word' id='word_1_105' title='bbox 718 1078 857 1122; x_wconf 78' lang='lat' dir='ltr'><strong>fuerat</strong></span> <span class='ocrx_word' id='word_1_106' title='bbox 885 1077 1143 1121; x_wconf 87' lang='lat' dir='ltr'><strong>collocatum.</strong></span> <span class='ocrx_word' id='word_1_107' title='bbox 1205 1076 1294 1121; x_wconf 60' lang='lat' dir='ltr'><strong>Ibi*</strong></span> <span class='ocrx_word' id='word_1_108' title='bbox 1324 1079 1415 1120; x_wconf 89' lang='lat' dir='ltr'><strong>tota</strong></span> <span class='ocrx_word' id='word_1_109' title='bbox 1442 1079 1564 1120; x_wconf 88' lang='lat' dir='ltr'><strong>nocte</strong></span> <span class='ocrx_word' id='word_1_110' title='bbox 1592 1075 1669 1122; x_wconf 65' lang='lat' dir='ltr'><strong>illa</strong></span> <span class='ocrx_word' id='word_1_111' title='bbox 1696 1078 1870 1132; x_wconf 60' lang='lat' dir='ltr'><strong>gratem</strong></span> 
     </span>
     <span class='ocr_line' id='line_1_16' title="bbox 310 1153 1871 1212; baseline 0 -12"><span class='ocrx_word' id='word_1_112' title='bbox 310 1159 519 1200; x_wconf 79' lang='lat' dir='ltr'><strong>senserat⁶</strong></span> <span class='ocrx_word' id='word_1_113' title='bbox 559 1155 767 1210; x_wconf 86' lang='lat' dir='ltr'><strong>dolorem3</strong></span> <span class='ocrx_word' id='word_1_114' title='bbox 815 1154 996 1199; x_wconf 90' lang='lat' dir='ltr'><strong>diluculo</strong></span> <span class='ocrx_word' id='word_1_115' title='bbox 1032 1168 1132 1199; x_wconf 87' lang='lat' dir='ltr'><strong>vero</strong></span> <span class='ocrx_word' id='word_1_116' title='bbox 1177 1157 1275 1212; x_wconf 89' lang='lat' dir='ltr'><strong>post</strong></span> <span class='ocrx_word' id='word_1_117' title='bbox 1319 1153 1503 1198; x_wconf 90' lang='lat' dir='ltr'><strong>officium</strong></span> <span class='ocrx_word' id='word_1_118' title='bbox 1540 1153 1789 1199; x_wconf 69' lang='lat' dir='ltr'><strong>matutinale</strong></span> <span class='ocrx_word' id='word_1_119' title='bbox 1824 1155 1871 1200; x_wconf 72' lang='lat' dir='ltr'><strong>st</strong></span> 
     </span>
     <span class='ocr_line' id='line_1_17' title="bbox 307 1232 1869 1289; baseline -0.001 -11"><span class='ocrx_word' id='word_1_120' title='bbox 307 1234 534 1278; x_wconf 86' lang='lat' dir='ltr'><strong>missarum</strong></span> <span class='ocrx_word' id='word_1_121' title='bbox 563 1233 886 1278; x_wconf 80' lang='lat' dir='ltr'><strong>celebrationem</strong></span> <span class='ocrx_word' id='word_1_122' title='bbox 917 1235 1055 1278; x_wconf 88' lang='lat' dir='ltr'><strong>erecta</strong></span> <span class='ocrx_word' id='word_1_123' title='bbox 1085 1234 1127 1276; x_wconf 91' lang='lat' dir='ltr'><strong>et</strong></span> <span class='ocrx_word' id='word_1_124' title='bbox 1146 1246 1250 1277; x_wconf 90' lang='lat' dir='ltr'><strong>sana</strong></span> <span class='ocrx_word' id='word_1_125' title='bbox 1268 1232 1442 1276; x_wconf 87' lang='lat' dir='ltr'><strong>inventa</strong></span> <span class='ocrx_word' id='word_1_126' title='bbox 1460 1234 1538 1288; x_wconf 86' lang='lat' dir='ltr'><strong>est,</strong></span> <span class='ocrx_word' id='word_1_127' title='bbox 1570 1245 1676 1289; x_wconf 86' lang='lat' dir='ltr'><strong>quae</strong></span> <span class='ocrx_word' id='word_1_128' title='bbox 1693 1234 1869 1277; x_wconf 71' lang='lat' dir='ltr'><strong>venerat</strong></span> 
     </span>
     <span class='ocr_line' id='line_1_18' title="bbox 307 1308 1867 1368; baseline 0.001 -13"><span class='ocrx_word' id='word_1_129' title='bbox 307 1325 436 1356; x_wconf 87' lang='lat' dir='ltr'><strong>curva</strong></span> <span class='ocrx_word' id='word_1_130' title='bbox 472 1314 515 1356; x_wconf 91' lang='lat' dir='ltr'><strong>et</strong></span> <span class='ocrx_word' id='word_1_131' title='bbox 553 1311 698 1367; x_wconf 83' lang='lat' dir='ltr'><strong>gibba3</strong></span> <span class='ocrx_word' id='word_1_132' title='bbox 738 1314 781 1356; x_wconf 90' lang='lat' dir='ltr'><strong>et</strong></span> <span class='ocrx_word' id='word_1_133' title='bbox 810 1310 936 1355; x_wconf 89' lang='lat' dir='ltr'><strong>simul</strong></span> <span class='ocrx_word' id='word_1_134' title='bbox 966 1324 1061 1355; x_wconf 90' lang='lat' dir='ltr'><strong>cum</strong></span> <span class='ocrx_word' id='word_1_135' title='bbox 1088 1313 1210 1368; x_wconf 87' lang='lat' dir='ltr'><strong>patre</strong></span> <span class='ocrx_word' id='word_1_136' title='bbox 1240 1312 1283 1354; x_wconf 90' lang='lat' dir='ltr'><strong>et</strong></span> <span class='ocrx_word' id='word_1_137' title='bbox 1311 1309 1471 1355; x_wconf 84' lang='lat' dir='ltr'><strong>matre‘¹</strong></span> <span class='ocrx_word' id='word_1_138' title='bbox 1499 1309 1645 1354; x_wconf 88' lang='lat' dir='ltr'><strong>laudes</strong></span> <span class='ocrx_word' id='word_1_139' title='bbox 1672 1308 1867 1365; x_wconf 74' lang='lat' dir='ltr'><strong>reddens,</strong></span> 
     </span>
     <span class='ocr_line' id='line_1_19' title="bbox 306 1385 1869 1446; baseline -0.002 -12"><span class='ocrx_word' id='word_1_140' title='bbox 306 1403 438 1446; x_wconf 91' lang='lat' dir='ltr'><strong>usque</strong></span> <span class='ocrx_word' id='word_1_141' title='bbox 477 1389 531 1433; x_wconf 90' lang='lat' dir='ltr'><strong>ad</strong></span> <span class='ocrx_word' id='word_1_142' title='bbox 569 1389 808 1446; x_wconf 78' lang='lat' dir='ltr'><strong>proximam</strong></span> <span class='ocrx_word' id='word_1_143' title='bbox 844 1388 1106 1442; x_wconf 82' lang='lat' dir='ltr'><strong>mansionem</strong></span> <span class='ocrx_word' id='word_1_144' title='bbox 1134 1390 1358 1446; x_wconf 88' lang='lat' dir='ltr'><strong>prosecuta</strong></span> <span class='ocrx_word' id='word_1_145' title='bbox 1387 1390 1462 1432; x_wconf 88' lang='lat' dir='ltr'><strong>est.</strong></span> <span class='ocrx_word' id='word_1_146' title='bbox 1569 1386 1654 1432; x_wconf 85' lang='lat' dir='ltr'><strong>Sed</strong></span> <span class='ocrx_word' id='word_1_147' title='bbox 1681 1399 1760 1432; x_wconf 85' lang='lat' dir='ltr'><strong>nec</strong></span> <span class='ocrx_word' id='word_1_148' title='bbox 1782 1385 1869 1432; x_wconf 69' lang='lat' dir='ltr'><strong>hoc</strong></span> 
     </span>
     <span class='ocr_line' id='line_1_20' title="bbox 307 1464 1869 1524; baseline -0.002 -13"><span class='ocrx_word' id='word_1_149' title='bbox 307 1467 473 1511; x_wconf 88' lang='lat' dir='ltr'><strong>silentio</strong></span> <span class='ocrx_word' id='word_1_150' title='bbox 503 1466 924 1524; x_wconf 88' lang='lat' dir='ltr'><strong>praetermittendum</strong></span> <span class='ocrx_word' id='word_1_151' title='bbox 955 1469 1032 1522; x_wconf 87' lang='lat' dir='ltr'><strong>est,</strong></span> <span class='ocrx_word' id='word_1_152' title='bbox 1067 1465 1178 1523; x_wconf 87' lang='lat' dir='ltr'><strong>quod</strong></span> <span class='ocrx_word' id='word_1_153' title='bbox 1206 1465 1301 1523; x_wconf 89' lang='lat' dir='ltr'><strong>ipsa</strong></span> <span class='ocrx_word' id='word_1_154' title='bbox 1331 1465 1400 1510; x_wconf 90' lang='lat' dir='ltr'><strong>die</strong></span> <span class='ocrx_word' id='word_1_155' title='bbox 1427 1464 1634 1509; x_wconf 89' lang='lat' dir='ltr'><strong>Dominus</strong></span> <span class='ocrx_word' id='word_1_156' title='bbox 1663 1477 1742 1523; x_wconf 88' lang='lat' dir='ltr'><strong>per</strong></span> <span class='ocrx_word' id='word_1_157' title='bbox 1770 1476 1869 1509; x_wconf 79' lang='lat' dir='ltr'><strong>san·-</strong></span> 
     </span>
     <span class='ocr_line' id='line_1_21' title="bbox 307 1542 1868 1602; baseline -0.001 -13"><span class='ocrx_word' id='word_1_158' title='bbox 307 1548 421 1589; x_wconf 88' lang='lat' dir='ltr'><strong>ctum</strong></span> <span class='ocrx_word' id='word_1_159' title='bbox 457 1547 710 1602; x_wconf 80' lang='lat' dir='ltr'><strong>martyrem⁰</strong></span> <span class='ocrx_word' id='word_1_160' title='bbox 746 1544 965 1588; x_wconf 86' lang='lat' dir='ltr'><strong>ostendere</strong></span> <span class='ocrx_word' id='word_1_161' title='bbox 1005 1543 1197 1599; x_wconf 88' lang='lat' dir='ltr'><strong>dignatus</strong></span> <span class='ocrx_word' id='word_1_162' title='bbox 1236 1546 1312 1587; x_wconf 88' lang='lat' dir='ltr'><strong>est.</strong></span> <span class='ocrx_word' id='word_1_163' title='bbox 1372 1542 1482 1586; x_wconf 89' lang='lat' dir='ltr'><strong>Nam</strong></span> <span class='ocrx_word' id='word_1_164' title='bbox 1518 1542 1724 1600; x_wconf 76' lang='lat' dir='ltr'><strong>quaedam</strong></span> <span class='ocrx_word' id='word_1_165' title='bbox 1750 1554 1868 1590; x_wconf 63' lang='lat' dir='ltr'><strong>,anns</strong></span> 
     </span>
     <span class='ocr_line' id='line_1_22' title="bbox 306 1621 1868 1680; baseline -0.001 -14"><span class='ocrx_word' id='word_1_166' title='bbox 306 1623 358 1667; x_wconf 92' lang='lat' dir='ltr'><strong>de</strong></span> <span class='ocrx_word' id='word_1_167' title='bbox 387 1622 490 1666; x_wconf 86' lang='lat' dir='ltr'><strong>villa</strong></span> <span class='ocrx_word' id='word_1_168' title='bbox 526 1621 789 1680; x_wconf 85' lang='lat' dir='ltr'><strong>supradicta,</strong></span> <span class='ocrx_word' id='word_1_169' title='bbox 829 1635 924 1666; x_wconf 89' lang='lat' dir='ltr'><strong>cum</strong></span> <span class='ocrx_word' id='word_1_170' title='bbox 955 1635 980 1665; x_wconf 85' lang='lat' dir='ltr'><strong>a</strong></span> <span class='ocrx_word' id='word_1_171' title='bbox 1009 1624 1126 1677; x_wconf 87' lang='lat' dir='ltr'><strong>tergo</strong></span> <span class='ocrx_word' id='word_1_172' title='bbox 1157 1623 1344 1665; x_wconf 89' lang='lat' dir='ltr'><strong>curreret</strong></span> <span class='ocrx_word' id='word_1_173' title='bbox 1370 1621 1583 1677; x_wconf 85' lang='lat' dir='ltr'><strong>fessaque,</strong></span> <span class='ocrx_word' id='word_1_174' title='bbox 1620 1623 1748 1678; x_wconf 87' lang='lat' dir='ltr'><strong>prout</strong></span> <span class='ocrx_word' id='word_1_175' title='bbox 1775 1622 1868 1664; x_wconf 72' lang='lat' dir='ltr'><strong>ent</strong></span> 
     </span>
     <span class='ocr_line' id='line_1_23' title="bbox 306 1697 1868 1759; baseline -0.002 -14"><span class='ocrx_word' id='word_1_176' title='bbox 306 1715 480 1759; x_wconf 89' lang='lat' dir='ltr'><strong>corpore</strong></span> <span class='ocrx_word' id='word_1_177' title='bbox 510 1700 710 1756; x_wconf 86' lang='lat' dir='ltr'><strong>marcida,</strong></span> <span class='ocrx_word' id='word_1_178' title='bbox 740 1699 895 1743; x_wconf 84' lang='lat' dir='ltr'><strong>reverti</strong></span> <span class='ocrx_word' id='word_1_179' title='bbox 927 1699 980 1742; x_wconf 88' lang='lat' dir='ltr'><strong>ad</strong></span> <span class='ocrx_word' id='word_1_180' title='bbox 1009 1699 1182 1757; x_wconf 88' lang='lat' dir='ltr'><strong>propria</strong></span> <span class='ocrx_word' id='word_1_181' title='bbox 1207 1698 1425 1754; x_wconf 71' lang='lat' dir='ltr'><strong>voluisset,</strong></span> <span class='ocrx_word' id='word_1_182' title='bbox 1451 1697 1623 1742; x_wconf 89' lang='lat' dir='ltr'><strong>licentia</strong></span> <span class='ocrx_word' id='word_1_183' title='bbox 1642 1697 1763 1755; x_wconf 83' lang='lat' dir='ltr'><strong>quasi</strong></span> <span class='ocrx_word' id='word_1_184' title='bbox 1780 1710 1868 1743; x_wconf 83' lang='lat' dir='ltr'><strong>non</strong></span> 
     </span>
     <span class='ocr_line' id='line_1_24' title="bbox 305 1774 1867 1835; baseline -0.001 -12"><span class='ocrx_word' id='word_1_185' title='bbox 305 1778 449 1835; x_wconf 78' lang='lat' dir='ltr'><strong>facta‘,</strong></span> <span class='ocrx_word' id='word_1_186' title='bbox 484 1792 584 1822; x_wconf 84' lang='lat' dir='ltr'><strong>mox</strong></span> <span class='ocrx_word' id='word_1_187' title='bbox 618 1776 711 1833; x_wconf 88' lang='lat' dir='ltr'><strong>figit</strong></span> <span class='ocrx_word' id='word_1_188' title='bbox 746 1777 919 1835; x_wconf 88' lang='lat' dir='ltr'><strong>pedem,</strong></span> <span class='ocrx_word' id='word_1_189' title='bbox 967 1790 1015 1820; x_wconf 91' lang='lat' dir='ltr'><strong>ac</strong></span> <span class='ocrx_word' id='word_1_190' title='bbox 1050 1775 1277 1820; x_wconf 85' lang='lat' dir='ltr'><strong>immobilis</strong></span> <span class='ocrx_word' id='word_1_191' title='bbox 1317 1776 1406 1820; x_wconf 90' lang='lat' dir='ltr'><strong>fere</strong></span> <span class='ocrx_word' id='word_1_192' title='bbox 1441 1789 1519 1833; x_wconf 91' lang='lat' dir='ltr'><strong>per</strong></span> <span class='ocrx_word' id='word_1_193' title='bbox 1553 1788 1682 1820; x_wconf 87' lang='lat' dir='ltr'><strong>unam</strong></span> <span class='ocrx_word' id='word_1_194' title='bbox 1717 1774 1867 1821; x_wconf 80' lang='lat' dir='ltr'><strong>horam</strong></span> 
     </span>
     <span class='ocr_line' id='line_1_25' title="bbox 307 1852 1869 1913; baseline -0.003 -12"><span class='ocrx_word' id='word_1_195' title='bbox 307 1860 444 1913; x_wconf 82' lang='lat' dir='ltr'><strong>stans,</strong></span> <span class='ocrx_word' id='word_1_196' title='bbox 476 1870 562 1900; x_wconf 90' lang='lat' dir='ltr'><strong>non</strong></span> <span class='ocrx_word' id='word_1_197' title='bbox 593 1855 728 1912; x_wconf 86' lang='lat' dir='ltr'><strong>quivit</strong></span> <span class='ocrx_word' id='word_1_198' title='bbox 757 1854 811 1898; x_wconf 87' lang='lat' dir='ltr'><strong>ad</strong></span> <span class='ocrx_word' id='word_1_199' title='bbox 840 1854 1014 1911; x_wconf 85' lang='lat' dir='ltr'><strong>propria</strong></span> <span class='ocrx_word' id='word_1_200' title='bbox 1042 1854 1256 1912; x_wconf 87' lang='lat' dir='ltr'><strong>repedare.</strong></span> <span class='ocrx_word' id='word_1_201' title='bbox 1307 1853 1533 1898; x_wconf 87' lang='lat' dir='ltr'><strong>Enimvero</strong></span> <span class='ocrx_word' id='word_1_202' title='bbox 1562 1852 1742 1897; x_wconf 84' lang='lat' dir='ltr'><strong>tentavit</strong></span> <span class='ocrx_word' id='word_1_203' title='bbox 1768 1855 1869 1911; x_wconf 82' lang='lat' dir='ltr'><strong>post</strong></span> 
     </span>
     <span class='ocr_line' id='line_1_26' title="bbox 306 1930 1865 1988; baseline -0.002 -9"><span class='ocrx_word' id='word_1_204' title='bbox 306 1939 498 1979; x_wconf 86' lang='lat' dir='ltr'><strong>sanctum</strong></span> <span class='ocrx_word' id='word_1_205' title='bbox 529 1932 744 1978; x_wconf 85' lang='lat' dir='ltr'><strong>ambulare</strong></span> <span class='ocrx_word' id='word_1_206' title='bbox 772 1932 928 1976; x_wconf 87' lang='lat' dir='ltr'><strong>virtute</strong></span> <span class='ocrx_word' id='word_1_207' title='bbox 959 1945 1042 1988; x_wconf 87' lang='lat' dir='ltr'><strong>qua</strong></span> <span class='ocrx_word' id='word_1_208' title='bbox 1069 1931 1221 1987; x_wconf 85' lang='lat' dir='ltr'><strong>valuit,</strong></span> <span class='ocrx_word' id='word_1_209' title='bbox 1253 1943 1555 1988; x_wconf 79' lang='lat' dir='ltr'><strong>accurrensque</strong></span> <span class='ocrx_word' id='word_1_210' title='bbox 1585 1930 1661 1987; x_wconf 60' lang='grc' dir='ltr'><strong>οἰδ,</strong></span> <span class='ocrx_word' id='word_1_211' title='bbox 1693 1943 1720 1975; x_wconf 87' lang='lat' dir='ltr'><strong>a</strong></span> <span class='ocrx_word' id='word_1_212' title='bbox 1746 1933 1865 1987; x_wconf 72' lang='lat' dir='ltr'><strong>tergo</strong></span> 
     </span>
     <span class='ocr_line' id='line_1_27' title="bbox 306 2008 1867 2070; baseline -0.004 -12"><span class='ocrx_word' id='word_1_213' title='bbox 306 2013 444 2070; x_wconf 90' lang='lat' dir='ltr'><strong>coepit</strong></span> <span class='ocrx_word' id='word_1_214' title='bbox 474 2011 707 2056; x_wconf 86' lang='lat' dir='ltr'><strong>vociferari.</strong></span> <span class='ocrx_word' id='word_1_215' title='bbox 755 2009 825 2053; x_wconf 93' lang='lat' dir='ltr'><strong>Ad</strong></span> <span class='ocrx_word' id='word_1_216' title='bbox 851 2010 968 2054; x_wconf 86' lang='lat' dir='ltr'><strong>cuius</strong></span> <span class='ocrx_word' id='word_1_217' title='bbox 990 2009 1214 2054; x_wconf 90' lang='lat' dir='ltr'><strong>clamorem</strong></span> <span class='ocrx_word' id='word_1_218' title='bbox 1233 2008 1454 2066; x_wconf 87' lang='lat' dir='ltr'><strong>paullatim</strong></span> <span class='ocrx_word' id='word_1_219' title='bbox 1474 2021 1617 2052; x_wconf 90' lang='lat' dir='ltr'><strong>omnes</strong></span> <span class='ocrx_word' id='word_1_220' title='bbox 1637 2010 1867 2063; x_wconf 67' lang='lat' dir='ltr'><strong>steterunt:</strong></span> 
     </span>
     <span class='ocr_line' id='line_1_28' title="bbox 305 2084 1864 2149; baseline -0.003 -14"><span class='ocrx_word' id='word_1_221' title='bbox 305 2092 480 2149; x_wconf 86' lang='lat' dir='ltr'><strong>ipsaque</strong></span> <span class='ocrx_word' id='word_1_222' title='bbox 510 2089 630 2147; x_wconf 84' lang='lat' dir='ltr'><strong>quasi</strong></span> <span class='ocrx_word' id='word_1_223' title='bbox 661 2087 866 2132; x_wconf 84' lang='lat' dir='ltr'><strong>exanimis</strong></span> <span class='ocrx_word' id='word_1_224' title='bbox 897 2087 1036 2145; x_wconf 91' lang='lat' dir='ltr'><strong>coepit</strong></span> <span class='ocrx_word' id='word_1_225' title='bbox 1065 2087 1275 2131; x_wconf 82' lang='lat' dir='ltr'><strong>denudare</strong></span> <span class='ocrx_word' id='word_1_226' title='bbox 1305 2086 1416 2144; x_wconf 90' lang='lat' dir='ltr'><strong>quod</strong></span> <span class='ocrx_word' id='word_1_227' title='bbox 1435 2086 1680 2142; x_wconf 78' lang='lat' dir='ltr'><strong>contigerat.</strong></span> <span class='ocrx_word' id='word_1_228' title='bbox 1725 2084 1784 2130; x_wconf 85' lang='lat' dir='ltr'><strong>Et</strong></span> <span class='ocrx_word' id='word_1_229' title='bbox 1801 2085 1864 2140; x_wconf 73' lang='lat' dir='ltr'><strong>sic</strong></span> 
     </span>
     <span class='ocr_line' id='line_1_29' title="bbox 305 2165 1199 2223; baseline -0.006 -10"><span class='ocrx_word' id='word_1_230' title='bbox 305 2169 430 2213; x_wconf 86' lang='lat' dir='ltr'><strong>venia</strong></span> <span class='ocrx_word' id='word_1_231' title='bbox 459 2180 668 2222; x_wconf 87' lang='lat' dir='ltr'><strong>concessa,</strong></span> <span class='ocrx_word' id='word_1_232' title='bbox 698 2165 903 2210; x_wconf 84' lang='lat' dir='ltr'><strong>remeavit</strong></span> <span class='ocrx_word' id='word_1_233' title='bbox 933 2165 987 2209; x_wconf 89' lang='lat' dir='ltr'><strong>ad</strong></span> <span class='ocrx_word' id='word_1_234' title='bbox 1015 2165 1199 2223; x_wconf 89' lang='lat' dir='ltr'><strong>propria.</strong></span> 
     </span>
    </p>

    <p class='ocr_par' dir='ltr' id='par_1_7' title="bbox 304 2237 1862 2612">
     <span class='ocr_line' id='line_1_30' title="bbox 424 2237 1862 2302; baseline -0.003 -12"><span class='ocrx_word' id='word_1_235' title='bbox 424 2246 525 2290; x_wconf 90' lang='lat' dir='ltr'><strong>Inde</strong></span> <span class='ocrx_word' id='word_1_236' title='bbox 565 2245 648 2289; x_wconf 88' lang='lat' dir='ltr'><strong>iter</strong></span> <span class='ocrx_word' id='word_1_237' title='bbox 683 2246 1003 2302; x_wconf 87' lang='lat' dir='ltr'><strong>prosequentes,</strong></span> <span class='ocrx_word' id='word_1_238' title='bbox 1040 2244 1246 2287; x_wconf 83' lang='lat' dir='ltr'><strong>venerunt</strong></span> <span class='ocrx_word' id='word_1_239' title='bbox 1281 2254 1407 2300; x_wconf 86' lang='lat' dir='ltr'><strong>super</strong></span> <span class='ocrx_word' id='word_1_240' title='bbox 1440 2240 1543 2286; x_wconf 89' lang='lat' dir='ltr'><strong>litus</strong></span> <span class='ocrx_word' id='word_1_241' title='bbox 1580 2237 1781 2292; x_wconf 81' lang='lat' dir='ltr'><strong>Axonae&#39;</strong></span> <span class='ocrx_word' id='word_1_242' title='bbox 1814 2240 1862 2285; x_wconf 85' lang='lat' dir='ltr'><strong>in</strong></span> 
     </span>
     <span class='ocr_line' id='line_1_31' title="bbox 304 2318 1862 2380; baseline -0.004 -12"><span class='ocrx_word' id='word_1_243' title='bbox 304 2323 488 2379; x_wconf 74' lang='lat' dir='ltr'><strong>vinam¹³‚</strong></span> <span class='ocrx_word' id='word_1_244' title='bbox 519 2337 626 2380; x_wconf 89' lang='lat' dir='ltr'><strong>quae</strong></span> <span class='ocrx_word' id='word_1_245' title='bbox 663 2322 814 2366; x_wconf 88' lang='lat' dir='ltr'><strong>dicitur</strong></span> <span class='ocrx_word' id='word_1_246' title='bbox 853 2321 906 2365; x_wconf 87' lang='lat' dir='ltr'><strong>ad</strong></span> <span class='ocrx_word' id='word_1_247' title='bbox 944 2320 1144 2365; x_wconf 89' lang='lat' dir='ltr'><strong>Sanctum</strong></span> <span class='ocrx_word' id='word_1_248' title='bbox 1173 2318 1435 2375; x_wconf 83' lang='lat' dir='ltr'><strong>Morulum·⁸‚</strong></span> <span class='ocrx_word' id='word_1_249' title='bbox 1466 2319 1511 2363; x_wconf 90' lang='lat' dir='ltr'><strong>in</strong></span> <span class='ocrx_word' id='word_1_250' title='bbox 1545 2318 1690 2375; x_wconf 79' lang='lat' dir='ltr'><strong>vigilia</strong></span> <span class='ocrx_word' id='word_1_251' title='bbox 1726 2318 1862 2363; x_wconf 81' lang='lat' dir='ltr'><strong>sancti</strong></span> 
     </span>
     <span class='ocr_line' id='line_1_32' title="bbox 305 2395 1859 2459; baseline -0.005 -13"><span class='ocrx_word' id='word_1_252' title='bbox 305 2402 389 2446; x_wconf 90' lang='lat' dir='ltr'><strong>diei</strong></span> <span class='ocrx_word' id='word_1_253' title='bbox 425 2403 699 2459; x_wconf 84' lang='lat' dir='ltr'><strong>pentecostes.</strong></span> <span class='ocrx_word' id='word_1_254' title='bbox 769 2399 833 2443; x_wconf 94' lang='lat' dir='ltr'><strong>Ibi</strong></span> <span class='ocrx_word' id='word_1_255' title='bbox 877 2398 1056 2455; x_wconf 89' lang='lat' dir='ltr'><strong>denique</strong></span> <span class='ocrx_word' id='word_1_256' title='bbox 1098 2398 1144 2441; x_wconf 91' lang='lat' dir='ltr'><strong>in</strong></span> <span class='ocrx_word' id='word_1_257' title='bbox 1181 2396 1409 2442; x_wconf 85' lang='lat' dir='ltr'><strong>crastinum</strong></span> <span class='ocrx_word' id='word_1_258' title='bbox 1445 2409 1606 2441; x_wconf 91' lang='lat' dir='ltr'><strong>moram</strong></span> <span class='ocrx_word' id='word_1_259' title='bbox 1644 2395 1859 2452; x_wconf 85' lang='lat' dir='ltr'><strong>facientes,</strong></span> 
     </span>
     <span class='ocr_line' id='line_1_33' title="bbox 304 2473 1860 2532; baseline -0.004 -8"><span class='ocrx_word' id='word_1_260' title='bbox 304 2479 441 2524; x_wconf 71' lang='lat' dir='ltr'><strong>diem¹¹</strong></span> <span class='ocrx_word' id='word_1_261' title='bbox 460 2479 615 2523; x_wconf 82' lang='lat' dir='ltr'><strong>festum</strong></span> <span class='ocrx_word' id='word_1_262' title='bbox 645 2477 900 2522; x_wconf 87' lang='lat' dir='ltr'><strong>celebrantes</strong></span> <span class='ocrx_word' id='word_1_263' title='bbox 909 2475 930 2532; x_wconf 87' lang='lat'><strong>¹,</strong></span> <span class='ocrx_word' id='word_1_264' title='bbox 963 2474 1088 2519; x_wconf 87' lang='lat' dir='ltr'><strong>simul</strong></span> <span class='ocrx_word' id='word_1_265' title='bbox 1117 2475 1245 2519; x_wconf 86' lang='lat' dir='ltr'><strong>etiam</strong></span> <span class='ocrx_word' id='word_1_266' title='bbox 1269 2474 1454 2532; x_wconf 88' lang='lat' dir='ltr'><strong>corporis</strong></span> <span class='ocrx_word' id='word_1_267' title='bbox 1472 2473 1764 2518; x_wconf 81' lang='lat' dir='ltr'><strong>lassitudinem</strong></span> <span class='ocrx_word' id='word_1_268' title='bbox 1791 2486 1860 2518; x_wconf 85' lang='lat' dir='ltr'><strong>re-</strong></span> 
     </span>
     <span class='ocr_line' id='line_1_34' title="bbox 305 2549 1859 2612; baseline -0.004 -10"><span class='ocrx_word' id='word_1_269' title='bbox 305 2561 507 2612; x_wconf 83' lang='lat' dir='ltr'><strong>creantes,</strong></span> <span class='ocrx_word' id='word_1_270' title='bbox 540 2555 709 2600; x_wconf 87' lang='lat' dir='ltr'><strong>advenit</strong></span> <span class='ocrx_word' id='word_1_271' title='bbox 739 2554 945 2612; x_wconf 84' lang='lat' dir='ltr'><strong>quaedam</strong></span> <span class='ocrx_word' id='word_1_272' title='bbox 973 2553 1136 2609; x_wconf 87' lang='lat' dir='ltr'><strong>mulier,</strong></span> <span class='ocrx_word' id='word_1_273' title='bbox 1167 2553 1212 2597; x_wconf 91' lang='lat' dir='ltr'><strong>in</strong></span> <span class='ocrx_word' id='word_1_274' title='bbox 1241 2551 1353 2596; x_wconf 85' lang='lat' dir='ltr'><strong>ulnis</strong></span> <span class='ocrx_word' id='word_1_275' title='bbox 1381 2551 1520 2596; x_wconf 84' lang='lat' dir='ltr'><strong>ferens</strong></span> <span class='ocrx_word' id='word_1_276' title='bbox 1548 2549 1733 2608; x_wconf 88' lang='lat' dir='ltr'><strong>puellam</strong></span> <span class='ocrx_word' id='word_1_277' title='bbox 1761 2564 1859 2609; x_wconf 89' lang='lat' dir='ltr'><strong>par-</strong></span> 
     </span>
    </p>
   </div>
   <div class='ocr_carea' id='block_1_7' title="bbox 306 2652 1858 2752">
    <p class='ocr_par' dir='ltr' id='par_1_8' title="bbox 306 2652 1858 2752">
     <span class='ocr_line' id='line_1_35' title="bbox 397 2652 1858 2694; baseline -0.005 -5"><span class='ocrx_word' id='word_1_278' title='bbox 397 2669 424 2690; x_wconf 85' lang='lat' dir='ltr'><strong>a.</strong></span> <span class='ocrx_word' id='word_1_279' title='bbox 453 2658 533 2689; x_wconf 89' lang='lat' dir='ltr'><strong>enim</strong></span> <span class='ocrx_word' id='word_1_280' title='bbox 554 2659 584 2688; x_wconf 83' lang='lat'><strong>2.</strong></span> <span class='ocrx_word' id='word_1_281' title='bbox 646 2656 676 2688; x_wconf 92' lang='lat' dir='ltr'><strong>b.</strong></span> <span class='ocrx_word' id='word_1_282' title='bbox 702 2656 783 2687; x_wconf 89' lang='lat' dir='ltr'><strong>enim</strong></span> <span class='ocrx_word' id='word_1_283' title='bbox 812 2655 887 2687; x_wconf 78' lang='lat' dir='ltr'><strong>add.</strong></span> <span class='ocrx_word' id='word_1_284' title='bbox 904 2655 934 2685; x_wconf 94' lang='grc'><strong>2.</strong></span> <span class='ocrx_word' id='word_1_285' title='bbox 1003 2663 1029 2685; x_wconf 90' lang='lat' dir='ltr'><strong>c.</strong></span> <span class='ocrx_word' id='word_1_286' title='bbox 1056 2663 1149 2694; x_wconf 76' lang='lat' dir='ltr'><strong>passa</strong></span> <span class='ocrx_word' id='word_1_287' title='bbox 1168 2654 1216 2684; x_wconf 87' lang='lat' dir='ltr'><strong>est</strong></span> <span class='ocrx_word' id='word_1_288' title='bbox 1243 2654 1272 2684; x_wconf 84' lang='grc'><strong>2.</strong></span> <span class='ocrx_word' id='word_1_289' title='bbox 1334 2652 1365 2684; x_wconf 83' lang='lat' dir='ltr'><strong>d.</strong></span> <span class='ocrx_word' id='word_1_290' title='bbox 1391 2660 1459 2683; x_wconf 77' lang='lat' dir='ltr'><strong>eum</strong></span> <span class='ocrx_word' id='word_1_291' title='bbox 1485 2660 1522 2682; x_wconf 81' lang='lat' dir='ltr'><strong>ea</strong></span> <span class='ocrx_word' id='word_1_292' title='bbox 1541 2652 1629 2691; x_wconf 79' lang='lat' dir='ltr'><strong>pater</strong></span> <span class='ocrx_word' id='word_1_293' title='bbox 1655 2653 1687 2683; x_wconf 84' lang='lat' dir='ltr'><strong>et</strong></span> <span class='ocrx_word' id='word_1_294' title='bbox 1711 2652 1809 2683; x_wconf 66' lang='lat' dir='ltr'><strong>mater</strong></span> <span class='ocrx_word' id='word_1_295' title='bbox 1829 2652 1858 2683; x_wconf 92' lang='lat'><strong>1.</strong></span> 
     </span>
     <span class='ocr_line' id='line_1_36' title="bbox 306 2704 1858 2752; baseline -0.006 -8"><span class='ocrx_word' id='word_1_296' title='bbox 306 2723 332 2743; x_wconf 86' lang='lat' dir='ltr'><strong>e.</strong></span> <span class='ocrx_word' id='word_1_297' title='bbox 352 2722 407 2752; x_wconf 88' lang='lat' dir='ltr'><strong>per</strong></span> <span class='ocrx_word' id='word_1_298' title='bbox 427 2714 588 2751; x_wconf 81' lang='lat' dir='ltr'><strong>martyrem</strong></span> <span class='ocrx_word' id='word_1_299' title='bbox 610 2720 697 2741; x_wconf 85' lang='lat' dir='ltr'><strong>snum</strong></span> <span class='ocrx_word' id='word_1_300' title='bbox 719 2711 748 2741; x_wconf 87' lang='lat'><strong>2.</strong></span> <span class='ocrx_word' id='word_1_301' title='bbox 810 2708 831 2739; x_wconf 77' lang='lat' dir='ltr'><strong>f.</strong></span> <span class='ocrx_word' id='word_1_302' title='bbox 860 2709 985 2747; x_wconf 76' lang='lat' dir='ltr'><strong>accepta</strong></span> <span class='ocrx_word' id='word_1_303' title='bbox 1005 2709 1035 2738; x_wconf 85' lang='lat'><strong>2.</strong></span> <span class='ocrx_word' id='word_1_304' title='bbox 1100 2715 1129 2746; x_wconf 80' lang='lat' dir='ltr'><strong>g.</strong></span> <span class='ocrx_word' id='word_1_305' title='bbox 1157 2707 1187 2738; x_wconf 87' lang='lat' dir='ltr'><strong>ei</strong></span> <span class='ocrx_word' id='word_1_306' title='bbox 1207 2717 1264 2738; x_wconf 75' lang='lat' dir='ltr'><strong>om.</strong></span> <span class='ocrx_word' id='word_1_307' title='bbox 1279 2707 1308 2736; x_wconf 78' lang='lat'><strong>2.</strong></span> <span class='ocrx_word' id='word_1_308' title='bbox 1369 2705 1401 2736; x_wconf 81' lang='lat' dir='ltr'><strong>h.</strong></span> <span class='ocrx_word' id='word_1_309' title='bbox 1426 2704 1499 2736; x_wconf 74' lang='lat' dir='ltr'><strong>villa</strong></span> <span class='ocrx_word' id='word_1_310' title='bbox 1521 2706 1549 2736; x_wconf 92' lang='lat'><strong>1.</strong></span> <span class='ocrx_word' id='word_1_311' title='bbox 1611 2705 1633 2736; x_wconf 84' lang='lat' dir='ltr'><strong>i.</strong></span> <span class='ocrx_word' id='word_1_312' title='bbox 1658 2704 1808 2737; x_wconf 66' lang='lat' dir='ltr'><strong>naulum</strong></span> <span class='ocrx_word' id='word_1_313' title='bbox 1828 2705 1858 2736; x_wconf 90' lang='lat'><strong>1.</strong></span> 
     </span>
    </p>
   </div>
   <div class='ocr_carea' id='block_1_8' title="bbox 304 2762 950 2805">
    <p class='ocr_par' dir='ltr' id='par_1_9' title="bbox 304 2762 950 2805">
     <span class='ocr_line' id='line_1_37' title="bbox 304 2762 950 2805; baseline -0.008 -8"><span class='ocrx_word' id='word_1_314' title='bbox 304 2766 334 2797; x_wconf 84' lang='lat' dir='ltr'><strong>k.</strong></span> <span class='ocrx_word' id='word_1_315' title='bbox 357 2766 486 2805; x_wconf 84' lang='lat' dir='ltr'><strong>denique</strong></span> <span class='ocrx_word' id='word_1_316' title='bbox 508 2767 537 2796; x_wconf 84' lang='lat'><strong>2.</strong></span> <span class='ocrx_word' id='word_1_317' title='bbox 598 2764 620 2795; x_wconf 79' lang='lat' dir='ltr'><strong>l.</strong></span> <span class='ocrx_word' id='word_1_318' title='bbox 641 2763 828 2795; x_wconf 81' lang='lat' dir='ltr'><strong>celebrantes</strong></span> <span class='ocrx_word' id='word_1_319' title='bbox 849 2773 906 2793; x_wconf 85' lang='lat' dir='ltr'><strong>om.</strong></span> <span class='ocrx_word' id='word_1_320' title='bbox 921 2762 950 2792; x_wconf 90' lang='grc'><strong>2.</strong></span> 
     </span>
    </p>
   </div>
   <div class='ocr_carea' id='block_1_9' title="bbox 304 2826 1857 2937">
    <p class='ocr_par' dir='ltr' id='par_1_10' title="bbox 304 2826 1857 2937">
     <span class='ocr_line' id='line_1_38' title="bbox 401 2826 1856 2877; baseline -0.005 -6"><span class='ocrx_word' id='word_1_321' title='bbox 401 2836 432 2871; x_wconf 88' lang='grc'><strong>1.</strong></span> <span class='ocrx_word' id='word_1_322' title='bbox 459 2834 512 2871; x_wconf 87' lang='lat' dir='ltr'><strong>St.</strong></span> <span class='ocrx_word' id='word_1_323' title='bbox 529 2834 686 2871; x_wconf 86' lang='lat' dir='ltr'><strong>Etienne</strong></span> <span class='ocrx_word' id='word_1_324' title='bbox 718 2833 742 2869; x_wconf 77' lang='lat' dir='ltr'><strong>a</strong></span> <span class='ocrx_word' id='word_1_325' title='bbox 765 2833 875 2877; x_wconf 88' lang='lat' dir='ltr'><strong>Arne,</strong></span> <span class='ocrx_word' id='word_1_326' title='bbox 901 2842 923 2868; x_wconf 88' lang='lat' dir='ltr'><strong>a</strong></span> <span class='ocrx_word' id='word_1_327' title='bbox 946 2829 1173 2877; x_wconf 78' lang='lat' dir='ltr'><strong>Sept-Saulx</strong></span> <span class='ocrx_word' id='word_1_328' title='bbox 1196 2829 1291 2866; x_wconf 88' lang='lat' dir='ltr'><strong>inter</strong></span> <span class='ocrx_word' id='word_1_329' title='bbox 1313 2827 1490 2865; x_wconf 82' lang='lat' dir='ltr'><strong>orientem</strong></span> <span class='ocrx_word' id='word_1_330' title='bbox 1510 2829 1549 2863; x_wconf 84' lang='lat' dir='ltr'><strong>et</strong></span> <span class='ocrx_word' id='word_1_331' title='bbox 1564 2826 1856 2873; x_wconf 84' lang='lat' dir='ltr'><strong>septemtriones.</strong></span> 
     </span>
     <span class='ocr_line' id='line_1_39' title="bbox 304 2886 1857 2937; baseline -0.005 -6"><span class='ocrx_word' id='word_1_332' title='bbox 304 2895 338 2931; x_wconf 82' lang='lat'><strong>2.</strong></span> <span class='ocrx_word' id='word_1_333' title='bbox 363 2894 479 2931; x_wconf 88' lang='lat' dir='ltr'><strong>Aisne</strong></span> <span class='ocrx_word' id='word_1_334' title='bbox 503 2892 538 2930; x_wconf 86' lang='lat' dir='ltr'><strong>ss.</strong></span> <span class='ocrx_word' id='word_1_335' title='bbox 611 2894 646 2929; x_wconf 87' lang='grc'><strong>3.</strong></span> <span class='ocrx_word' id='word_1_336' title='bbox 671 2891 726 2929; x_wconf 88' lang='lat' dir='ltr'><strong>St.</strong></span> <span class='ocrx_word' id='word_1_337' title='bbox 741 2891 867 2937; x_wconf 83' lang='lat' dir='ltr'><strong>Morel,</strong></span> <span class='ocrx_word' id='word_1_338' title='bbox 890 2901 914 2928; x_wconf 85' lang='lat' dir='ltr'><strong>a</strong></span> <span class='ocrx_word' id='word_1_339' title='bbox 928 2890 1106 2928; x_wconf 83' lang='lat' dir='ltr'><strong>Vouziers</strong></span> <span class='ocrx_word' id='word_1_340' title='bbox 1129 2889 1177 2926; x_wconf 87' lang='lat' dir='ltr'><strong>ad</strong></span> <span class='ocrx_word' id='word_1_341' title='bbox 1199 2886 1399 2933; x_wconf 84' lang='lat' dir='ltr'><strong>meridiem,</strong></span> <span class='ocrx_word' id='word_1_342' title='bbox 1422 2897 1446 2924; x_wconf 80' lang='lat' dir='ltr'><strong>a</strong></span> <span class='ocrx_word' id='word_1_343' title='bbox 1460 2886 1628 2924; x_wconf 86' lang='lat' dir='ltr'><strong>Virduno</strong></span> <span class='ocrx_word' id='word_1_344' title='bbox 1643 2886 1740 2925; x_wconf 89' lang='lat' dir='ltr'><strong>inter</strong></span> <span class='ocrx_word' id='word_1_345' title='bbox 1762 2886 1857 2925; x_wconf 80' lang='lat' dir='ltr'><strong>oeci·</strong></span> 
     </span>
    </p>
   </div>
   <div class='ocr_carea' id='block_1_10' title="bbox 304 2951 829 2998">
    <p class='ocr_par' dir='ltr' id='par_1_11' title="bbox 304 2951 829 2998">
     <span class='ocr_line' id='line_1_40' title="bbox 304 2951 829 2998; baseline -0.006 -8"><span class='ocrx_word' id='word_1_346' title='bbox 304 2953 450 2990; x_wconf 88' lang='lat' dir='ltr'><strong>dentem</strong></span> <span class='ocrx_word' id='word_1_347' title='bbox 476 2956 513 2989; x_wconf 88' lang='lat' dir='ltr'><strong>et</strong></span> <span class='ocrx_word' id='word_1_348' title='bbox 536 2951 829 2998; x_wconf 86' lang='lat' dir='ltr'><strong>septemtriones.</strong></span> 
     </span>
    </p>
   </div>
  </div>
 </body>
</html>
