1924 3288
505 194 705 226 wmALm
733 191 982 224 nmsronffl
1012 188 1081 220 161.
1106 188 1176 219 162.
1533 173 1620 216 269

57 294 226 349 esurus
241 290 500 336 subveniatis
523 303 738 347 oppresso,
769 302 823 332 ne
842 288 964 343 forte,
997 286 1187 330 desertus
1212 297 1238 327 a
1259 281 1549 326 misericordia
1580 283 1623 324 et
1646 283 1740 319 1149

56 369 242 425 iusticia
268 369 484 427 suppremi
514 368 664 412 iudicis
696 366 962 411 clementiam
992 366 1166 419 cogatur
1195 361 1420 420 inplorare.

115 479 117 482 ι
176 447 242 492 De
261 447 386 492 rebus
406 460 505 492 vero
526 445 839 490 Kaminatensis
862 443 1088 488 aecclesiae
1108 444 1294 486 vestram
1319 439 1624 494 benignitatem

57 525 214 570 iterum
233 529 358 583 atque
378 526 535 569 iterum
553 537 763 580 rogamus,
792 526 852 578 ut,
876 522 988 579 quod
1007 523 1147 565 vestro
1168 517 1454 577 predecessori
1474 515 1624 571 A(dal-

57 603 193 658 berto)
216 603 351 648 bonae
381 603 607 648 memoriae
639 602 951 658 archiepiscopo
985 613 1010 643 a
1040 599 1191 642 domno
1222 611 1337 655 papa
1366 599 1454 640 tam
1485 595 1624 639 verbis

58 695 187 739 quam
204 681 359 726 litteris
371 679 382 700 ¹
396 682 632 725 iniunctum
648 684 723 736 est,
746 693 820 723 vos
835 679 881 722 in
896 677 1194 736 parrochianos
1210 679 1386 731 vestros,
1409 674 1481 731 qui
1497 674 1625 717 etiam

56 760 189 804 vestri
218 759 516 803 ministeriales
548 762 590 803 et
619 758 809 802 homines
843 760 954 812 sunt,
985 755 1186 814 prosequi
1214 768 1300 797 non
1327 752 1623 809 dedignemini.

179 837 432 895 Scripsimus
469 851 546 895 pro
585 850 712 880 causa
751 838 894 879 vestra
931 834 1084 878 domno
1131 832 1379 876 cancellario
1390 828 1418 887 ²,
1456 833 1625 888 petente

59 915 273 973 preposito
303 919 443 960 vestro
467 915 734 970 H(artwico);
766 914 812 957 in
843 913 993 970 quibus
1023 911 1176 955 litteris
1207 914 1377 954 nostrae
1409 909 1521 953 circa
1550 922 1625 952 vos

61 993 293 1038 devotionis
325 993 496 1039 affectus
528 994 632 1038 satis
662 992 873 1051 apparuit.

69 1148 187 1196 162.
207 1150 418 1194 Wibalobus
466 1149 681 1193 Friderico
733 1149 872 1192 abbati
917 1147 960 1190 S.
1004 1145 1246 1190 Godehardi
1290 1143 1631 1187 Hildesheimensi

210 1229 368 1282 scribit,
409 1244 475 1282 se,
510 1229 554 1271 in
585 1227 904 1284 Lotharinyiam
939 1232 1148 1277 vocatum,
1192 1223 1406 1266 sansoniae
1437 1223 1630 1265 abbatum

211 1313 428 1350 conventus
458 1307 708 1364 participem
736 1320 820 1347 non
850 1303 961 1362 fore.
1024 1303 1224 1356 Adonem,
1258 1301 1472 1359 expulsum
1504 1301 1631 1343 abba-

213 1392 291 1427 tem
323 1384 695 1443 Roseuseldenoem,
729 1383 995 1425 commendat.
1415 1376 1487 1431 (Μ.
1516 1376 1630 1430 150.)

135 1483 137 1485 ’
181 1473 423 1518 Reverendo
462 1473 575 1530 patri
614 1486 688 1516 suo
720 1471 968 1526 F(riderico)
999 1468 1228 1514 venerabili
1261 1468 1403 1512 abbati
1433 1467 1632 1511 ecclesiae

64 1552 180 1596 beati
215 1550 455 1597 Godehardi
490 1551 622 1595 frater
652 1549 900 1604 W(ibaldus)
938 1549 1019 1593 Dei
1057 1547 1194 1604 gratia
1230 1547 1294 1602 id,
1335 1546 1444 1603 quod
1485 1549 1549 1590 est
1587 1546 1631 1588 in

65 1630 266 1675 aecclesia
295 1629 511 1686 catholica,
544 1629 717 1684 exiguas
749 1628 958 1672 orationes
991 1630 1032 1670 et
1061 1627 1258 1671 devotum
1290 1625 1522 1669 servitium.

183 1707 324 1752 Letati
353 1721 497 1751 sumus
528 1707 574 1750 in
603 1707 683 1763 his,
716 1721 821 1763 quae
852 1707 965 1750 dicta
995 1708 1094 1749 sunt
1119 1704 1255 1760 nobis,
1289 1703 1399 1760 quod
1419 1702 1634 1746 karissimi

65 1790 207 1844 patres
247 1789 290 1830 et
327 1786 487 1829 domini
515 1785 670 1841 nostri,
710 1785 881 1829 abbates
913 1784 1108 1828 videlicet
1140 1782 1369 1838 Saxoniae‚
1411 1781 1634 1825 convenire

66 1865 226 1922 pariter
256 1863 485 1921 disponunt
515 1867 557 1907 et
588 1863 639 1907 de
669 1863 734 1907 his
765 1863 890 1907 rebus
921 1862 1107 1920 pressius
1140 1865 1182 1905 et
1205 1860 1432 1904 studiosius
1452 1863 1635 1904 tractare

67 1946 110 1987 et
141 1942 354 1998 ordinare,
395 1955 501 1998 quae
533 1941 587 1985 ad
617 1942 728 1985 vitae
758 1944 927 1985 nostrae
958 1940 1258 1984 correctionem
1289 1943 1331 1983 et
1360 1938 1635 1982 monasterio-

66 2035 161 2064 rum
206 2023 447 2065 nostrorum
493 2019 760 2077 disciplinam
805 2019 1017 2077 pertinere
1063 2021 1303 2062 noscuntur.
1374 2017 1452 2061 Cui
1491 2020 1635 2062 sancto

67 2098 290 2143 conventui
318 2112 409 2154 nos,
442 2097 630 2141 omnium
661 2097 840 2141 extremi
869 2096 1030 2152 famuli,
1062 2096 1248 2152 gratanti
1271 2095 1410 2139 animo
1430 2096 1635 2139 interesse

68 2177 400 2221 desideraremus
439 2179 482 2219 et
518 2189 661 2219 eorum
700 2178 872 2232 aspectu
903 2178 1027 2232 atque
1058 2174 1264 2231 colloquio
1296 2174 1369 2218 diu
1399 2174 1635 2218 desiderato

68 2256 242 2314 perfrui,
272 2255 356 2299 nisi
377 2254 500 2311 quod,
523 2254 773 2310 quibusdam
793 2253 904 2297 curis
924 2253 1304 2310 interpellantibuS‚
1326 2266 1472 2296 versus
1492 2255 1635 2309 partes

68 2333 366 2390 Lotharingiae
396 2345 507 2376 nuno
528 2345 763 2376 avocamur.
827 2331 978 2375 Aderit
1006 2331 1124 2375 vobis
1158 2331 1341 2388 Spiritus
1372 2334 1562 2384 sanctus3
1596 2333 1637 2373 et

69 2427 160 2469 nos,
191 2412 408 2457 vobiscum
438 2414 579 2455 mente
610 2410 899 2465 consistentes,
933 2409 984 2452 ad
1010 2408 1202 2453 effectum
1222 2409 1451 2466 perducere
1473 2408 1636 2451 curabi-

69 2505 185 2547 mus,
225 2503 494 2548 quaecunque
533 2489 586 2533 ad
627 2489 818 2532 decorem
857 2488 1004 2531 domus
1035 2487 1116 2531 Dei
1153 2487 1299 2531 eodem
1334 2487 1564 2530 mediatore
1596 2489 1638 2529 et

72 2572 239 2613 auctore
269 2568 574 2612 ordinaveritis.
677 2566 791 2610 Inter
821 2568 987 2609 caetera
1016 2565 1079 2608 illi
1109 2565 1219 2608 malo
1248 2565 1398 2608 fortius
1420 2577 1638 2608 occurren-

71 2647 172 2691 dum
202 2647 295 2703 erit,
327 2647 438 2703 quod
464 2640 838 2690 Herseveldenses³
859 2643 1052 2687 monachi
1078 2643 1253 2687 fratrem
1273 2646 1478 2698 nostrum,
1511 2642 1637 2686 abba-

72 2728 159 2769 tem
189 2722 345 2780 suum⁴‚
382 2725 433 2768 de
465 2724 647 2769 claustro
680 2726 721 2767 et
752 2722 802 2766 de
835 2721 1003 2765 abbatia
1034 2735 1110 2764 sua
1140 2720 1410 2778 expulerunt3
1452 2723 1494 2764 et
1523 2719 1637 2763 nullo

71 2803 117 2846 in
156 2815 251 2847 eum
286 2802 533 2847 iudiciariae
573 2801 749 2846 actionis
791 2800 936 2843 ordine
974 2799 1203 2855 celebrato,
1242 2800 1360 2856 prius
1397 2798 1567 2843 exulare
1598 2801 1640 2843 et

169 2897 201 2932 1.
234 2896 279 2933 V.
305 2907 360 2942 ep.
383 2897 428 2932 83
461 2907 572 2942 supra
604 2907 640 2941 p.
661 2895 740 2930 157.
845 2896 877 2930 2.
913 2893 1034 2939 papali
1067 2893 1237 2930 Guidoni.
1277 2893 1323 2930 V.
1349 2903 1407 2939 ep.
1428 2893 1497 2930 160
1529 2904 1639 2938 supra

73 2966 110 3002 p.
126 2957 206 2992 266.
303 2957 338 2993 3.
363 2968 393 2994 s.
411 2955 729 2993 Rosenfeldenses.
825 2954 859 2990 4.
886 2954 1068 2991 Adonem.

1658 1473 1749 1509 1149
