1924 3288
515 178 712 209 wmALm
740 176 989 208 EPISTOLAE
1018 176 1067 207 66.
1090 174 1140 206 67.
1525 160 1608 204 143

167 272 236 319 Ex
265 272 418 317 litteris
450 273 600 317 vestris
631 272 908 330 percepimus,
939 285 1012 315 vos
1043 272 1249 315 instanter
1279 268 1445 312 veniam
1466 271 1611 325 postu-

47 351 158 408 lare,
195 350 328 408 quod·
359 350 579 394 sollicitius
618 354 660 395 et
690 351 896 394 maturius
928 350 982 393 ad
1011 349 1211 393 noticiam
1241 350 1410 391 nostrae
1441 346 1609 389 humili-

47 429 148 474 tatis
178 442 264 473 non
292 430 570 487 propinquius
603 429 851 484 accessistis,
883 441 1108 485 personam
1138 426 1346 481 videlicet,
1379 439 1506 481 quam
1537 424 1609 467 do-

46 507 186 552 minus
222 520 342 553 meus
378 522 491 566 papa
520 506 674 550 Lucius
712 509 830 565 tanto
870 505 1021 549 affectu
1056 505 1204 549 dilexit
1235 507 1276 548 et
1306 517 1433 560 quam
1462 502 1610 547 tandiu

46 584 154 630 fovit
191 587 234 629 et
269 586 337 629 cui
374 599 505 642 usque
545 585 599 628 ad
634 583 762 627 finem
793 584 879 627 vite
911 597 1030 638 suae,
1070 584 1178 627 sicut
1207 596 1283 626 nos
1314 581 1397 639 ipsi
1427 580 1609 624 vidimus

48 666 91 708 et
108 677 183 707 vos
205 663 402 719 scribitis,
432 664 476 706 in
496 662 610 706 nullo
632 662 776 705 defuit.
818 661 927 705 Huic
948 661 1121 716 accedit,
1144 661 1255 717 quod
1276 660 1452 704 domnus
1474 657 1610 703 Guido

48 740 80 786 F
81 740 313 786 lorentinus
343 741 389 784 in
419 741 606 784 discessu
636 753 710 783 suo
733 740 758 783 a
776 739 897 783 nobis
919 754 971 783 ex
993 739 1196 795 singulari
1217 742 1259 782 et
1277 738 1479 796 precipua
1498 736 1611 780 kari-

47 822 149 875 tate,
181 833 308 876 quam
337 818 555 863 nobiscum
586 821 629 862 et
658 818 874 862 vobiscum
904 818 1053 861 intimo
1086 816 1237 860 affectu
1267 817 1388 872 gerit,
1419 829 1493 859 vos
1514 828 1611 859 cau-

49 910 200 954 sasque
230 900 392 942 vestras
424 896 544 940 nobis
574 897 773 954 precipue
804 896 1123 940 commendavit.
1182 895 1283 938 Inde
1313 894 1412 949 fuit,
1446 893 1557 950 quod
1587 906 1613 936 a

48 974 167 1020 vobis
197 988 281 1019 non
310 979 495 1032 rogatus,
526 989 611 1019 non
641 975 903 1031 sollicitatus,
935 988 1082 1018 causas
1110 977 1272 1017 vestras
1292 976 1494 1028 tanquam
1513 985 1612 1028 pro-

48 1053 165 1111 prias
184 1052 398 1110 hucusque
419 1054 694 1111 proteximus,
727 1053 1003 1109 defendimus,
1035 1052 1295 1107 sustulimus,
1319 1053 1361 1094 et
1380 1050 1452 1094 ubi
1472 1049 1612 1093 nullae

48 1144 195 1189 preces
234 1135 452 1189 porrectae
487 1135 606 1188 sunt,
645 1146 721 1175 nos
752 1131 1031 1189 porreximus.
1094 1130 1286 1186 Denique
1317 1130 1353 1172 si
1383 1129 1499 1172 nulla
1530 1128 1613 1172 alia

50 1222 178 1254 causa
208 1212 331 1266 esset,
361 1210 407 1253 in
437 1210 555 1254 vobis
585 1213 727 1254 tamen
758 1213 823 1254 est
842 1209 932 1253 Deo
964 1209 1214 1253 concedente
1235 1211 1354 1252 tanta
1373 1207 1611 1264 prudentia,

49 1290 98 1331 ut
128 1301 180 1332 ex
209 1287 328 1332 vobis
358 1288 492 1332 teneri
523 1291 565 1332 et
595 1289 739 1347 stricte
771 1288 968 1345 amplecti
989 1288 1187 1342 debeatis,
1220 1287 1292 1343 qui
1313 1286 1510 1330 ecclesiae
1531 1286 1613 1330 Ro-

49 1380 198 1410 manae
229 1366 442 1423 sapienter
473 1369 514 1410 et
545 1365 769 1410 efficaciter
800 1380 966 1423 semper
998 1366 1205 1409 astitistis.
1254 1365 1461 1409 Concessa
1483 1364 1613 1420 igitur

51 1458 178 1502 quam
206 1444 430 1502 postulatis
461 1445 604 1500 venia,
640 1444 821 1504 gratiam
850 1447 1035 1488 vestram
1066 1447 1108 1487 01
1138 1443 1395 1498 singularem
1425 1443 1612 1486 dilectio-

51 1537 168 1580 nem,
208 1537 335 1580 quam
366 1522 543 1578 offertis,
574 1523 763 1579 utrisque
794 1522 904 1566 ulnis
936 1521 1250 1579 amplectimur,
1285 1525 1326 1565 01
1356 1521 1613 1579 presentiam

50 1604 240 1646 nostram
269 1615 347 1659 pro
377 1604 518 1645 vestra
547 1603 602 1656 et,
635 1601 671 1644 si
700 1600 796 1658 plus
827 1614 1064 1658 possumus,
1096 1600 1215 1644 vobis
1245 1614 1322 1657 per
1349 1600 1490 1644 omnia
1515 1613 1614 1657 pro-

51 1679 272 1736 mittimus,
305 1682 347 1724 et
377 1679 486 1724 sicut
516 1692 609 1723 eam
640 1678 878 1736 specialiter
908 1677 1177 1722 vendicatisb.

56 1900 137 1947 67.
173 1901 311 1946 Guido
351 1901 620 1945 cancellarius
649 1901 821 1958 papalis
859 1900 1044 1944 Wibaldo
1083 1902 1248 1955 suadet,
1287 1909 1332 1944 ἰιι
1372 1902 1430 1945 ad
1451 1917 1614 1959 papam

172 1980 351 2022 accedat.
1429 1977 1500 2032 (M.
1523 1979 1612 2033 47.)

171 2066 307 2111 Guido
355 2070 523 2111 sanctae
560 2066 773 2110 Romanae
819 2066 1017 2112 ecclesiae
1056 2067 1254 2112 diaconus
1294 2068 1518 2112 cardinalis
1532 2065 1542 2085 ¹
1573 2071 1615 2112 et

53 2145 324 2190 cancellarius
354 2145 577 2189 karissimo
610 2145 743 2188 amico
775 2144 1016 2189 Corbeiensi
1046 2146 1188 2190 abbati
1217 2146 1407 2190 salutem.

173 2223 420 2268 Dilectionis
453 2222 684 2278 sinceritas,
717 2236 843 2279 quam
875 2237 974 2279 erga
1004 2227 1046 2268 te
1075 2224 1230 2268 habere
1251 2225 1498 2282 incepimus,
1529 2238 1613 2268 11011

53 2301 258 2346 1111111111111·
288 2304 352 2345 set
382 2301 578 2358 suscipitc
600 2301 916 2344 incrementum.
966 2300 1190 2359 Scriptum,
1223 2303 1334 2358 quod
1352 2317 1429 2360 per
1450 2317 1613 2358 germa-

54 2393 156 2423 num
175 2382 363 2423 vestrum
383 2379 503 2423 nobis
524 2378 714 2433 misistiS,
747 2378 898 2422 domno
920 2392 1056 2437 papae
1077 2380 1348 2424 ostendimus.
1396 2380 1453 2424 Ut
1474 2384 1614 2424 autem

53 2456 172 2502 brevi
201 2460 369 2501 utamur
401 2456 577 2513 eloquio,
610 2456 755 2500 amicis
786 2457 941 2500 nostris
968 2457 1176 2501 malumus
1196 2472 1347 2516 parum
1367 2459 1614 2515 promittere

55 2538 98 2579 01
128 2535 307 2593 amplius
339 2534 517 2592 operari.
578 2533 689 2578 Satis
722 2534 880 2578 dictum
910 2538 974 2579 est
1004 2535 1196 2593 sapienti.
1255 2536 1419 2580 Bonum
1448 2536 1614 2580 videtur

54 2612 188 2669 nobis,
220 2613 256 2656 si
287 2613 438 2656 domno
469 2626 604 2670 papae
634 2616 807 2670 propter
836 2611 1050 2656 molestias
1079 2613 1401 2658 detrectantium
1430 2617 1614 2658 vestram

15 2735 17 2739 Α
55 2689 309 2735 obtulissetis
340 2691 608 2747 presentiam.

149 2872 177 2894 8.
199 2871 260 2907 (1119
283 2876 308 2894 c.
391 2863 421 2894 b·
443 2865 488 2895 εἰσ
509 2864 578 2894 cod.
658 2873 683 2894 c.
706 2847 840 2903 suscepit
861 2875 884 2893 c.

151 2934 184 2970 1.
210 2932 274 2970 SS.
291 2933 443 2970 Cosmae
468 2936 506 2970 et
529 2933 710 2970 Damiani.

1648 269 1739 305 1147

1634 329 1658 349 c.
1677 319 1752 349 Dec.

1652 2075 1742 2110 1147

1637 2134 1662 2155 c.
1681 2124 1754 2154 Dec.
