1924 3288
579 194 778 226 wmALm
806 193 1027 226 EPISTOLA
1057 192 1107 224 83.
1546 178 1629 223 157

64 290 148 340 83.
179 290 398 351 Euqeniue
416 291 491 336 ΠΙ
501 307 624 350 papa
645 292 870 336 Adalberco
892 291 1199 348 archiepiscopo
1221 288 1440 332 Bremensi
1460 295 1498 331 et
1516 286 1631 331 Hen-

179 371 268 414 n’co
298 370 509 414 Mindensi
546 386 596 414 ac
629 370 864 413 Thietmaro
895 369 1091 413 Verdensa·
1126 367 1327 426 episcopis
1356 367 1547 420 mandat,
1586 373 1633 408 ut

181 449 384 493 alienatas
404 449 590 492 coenobii
604 448 913 492 Kaminatemis
925 447 1204 505 possessiones
1217 452 1417 503 repetant.
1452 442 1524 497 (M.
1540 442 1628 497 66.)

179 536 395 594 Eugenius
415 537 642 595 episcopus
659 550 804 581 servus
826 550 1043 580 servorum
1058 535 1140 580 Dei
1159 533 1467 579 venerabilibus
1487 533 1630 577 fratri-
1662 536 1755 572 1148

62 615 428 673 bus,A(dalberto)
437 615 657 659 Bremensi
673 614 1001 672 archiepiscopo,
1012 611 1629 669 He(nrico)Mindensi,T(hiet-
1652 587 1725 626 ΑΨ
1743 586 1761 616 ⁵

60 695 197 750 maro)
216 693 420 738 Ferdensi
451 694 672 751 episcopiS,
704 691 884 737 salutem
912 695 954 736 et
982 691 1256 750 apostolicam
1283 691 1627 735 benedictionem.

180 771 471 816 Possessiones
499 771 797 816 aecclesiarum
816 770 1073 829 patrimonia
1091 783 1339 828 pauperum,
1370 769 1514 828 precia
1532 782 1631 827 pec-

61 854 252 896 catorum
297 863 388 894 esse
426 853 677 905 noscuntur3
723 849 901 907 ideoque
941 849 979 893 si
1018 849 1111 906 quis
1150 848 1359 906 presumit
1396 862 1446 892 ea
1485 851 1631 892 contra

61 929 274 974 iusticiam
304 929 505 984 detinere,
537 928 805 984 sacrilegium
834 927 1021 985 profecto
1054 927 1292 971 committit.
1340 925 1631 983 Significatum

61 1007 183 1053 nobis
207 1010 284 1064 est⁷
316 1007 428 1064 quod
447 1006 718 1065 parrochiani
737 1006 814 1062 tui,
846 1006 978 1050 frater
999 1005 1325 1063 archiepiscope,
1358 1004 1502 1061 Odico,
1533 1004 1630 1048 Ric-

61 1085 220 1142 bertus‚
252 1085 479 1142 Thederus,
511 1084 731 1140 Rainerus,
763 1084 1056 1128 Heremannus
1089 1087 1131 1127 et
1162 1083 1334 1140 quidam
1364 1083 1438 1127 alii
1463 1096 1630 1141 posses-

62 1164 201 1209 siones
231 1163 546 1208 Kaminatensis
585 1162 812 1207 aecclesiae
849 1163 901 1207 de
931 1176 1060 1206 manu
1090 1161 1231 1205 Iudith
1261 1161 1473 1219 quondam
1504 1161 1630 1205 abba-

62 1242 212 1299 tissae,
251 1246 476 1301 postquam
514 1241 705 1299 deposita
741 1241 843 1296 fuit,
882 1241 1070 1298 recipere
1107 1243 1457 1298 presumpserunt
1487 1242 1529 1284 et
1560 1252 1629 1283 eas

63 1321 199 1366 eidem
228 1321 483 1365 monasterio
503 1319 692 1376 reddere,
724 1333 824 1363 suae
845 1319 993 1363 salutis
1012 1319 1296 1375 immemores,
1328 1318 1629 1363 contradicant.

62 1398 294 1456 Hugoldus,
315 1398 570 1454 Waltardus,
603 1397 844 1442 Gerhardus
876 1401 919 1442 et
949 1398 1122 1455 quidam
1153 1398 1226 1441 alii
1255 1397 1524 1455 parrochiani
1553 1396 1630 1451 tui,

61 1477 193 1522 frater
212 1476 452 1534 Fardensis,
484 1475 688 1522 beneficia
717 1476 937 1534 quaedam,
969 1480 1017 1520 ut
1045 1476 1167 1522 nobis
1198 1478 1442 1532 suggestum
1469 1478 1547 1531 est,
1578 1474 1631 1518 de

63 1569 192 1600 manu
223 1556 410 1600 eiusdem
441 1555 700 1612 abbatissae,
731 1555 1028 1599 nichilominus
1059 1558 1284 1613 postquam
1315 1553 1508 1612 deposita
1535 1553 1630 1609 fuit,

62 1637 322 1692 receperunt.
425 1633 533 1686 Quia
555 1634 686 1690 igitur
704 1634 871 1692 prefata
890 1633 1079 1690 I(udith),
1110 1637 1336 1691 postquam
1355 1646 1433 1690 per
1463 1634 1631 1677 senten-

62 1712 169 1756 tiam
197 1711 451 1757 venerabilis
489 1712 633 1756 fratris
672 1713 808 1756 nostri
837 1712 972 1757 bonae
1002 1712 1231 1756 memoriae
1262 1711 1481 1766 T(homae)
1512 1724 1631 1768 pres-

62 1789 189 1835 biteri
219 1790 458 1847 cardinalis,
490 1793 590 1834 tunc
622 1791 877 1849 apostolicae
908 1791 1019 1836 sedis
1039 1790 1182 1847 legati,
1215 1790 1240 1834 a
1257 1789 1464 1846 regimine
1484 1788 1630 1833 Kami-

62 1868 250 1913 natensis
283 1868 507 1913 aecclesiae
539 1868 731 1927 deposita
760 1869 854 1926 fuit,
890 1869 1051 1913 nullam
1082 1869 1295 1914 alienandi
1323 1868 1392 1913 vel
1420 1868 1630 1925 impigno-

62 1947 186 1991 randi
222 1946 333 1991 bona
371 1947 505 2004 ipsius
545 1946 770 1992 aecclesiae
805 1947 953 1992 habuit
981 1950 1255 2005 potestatem,
1295 1961 1373 2005 per
1410 1946 1631 2004 presencia

62 2025 181 2070 vobis
220 2026 380 2083 scripta
408 2026 682 2082 mandamus,
722 2026 919 2083 quatinus
951 2040 1021 2071 eos
1052 2027 1284 2071 districtius
1314 2025 1544 2081 moneatis,
1582 2027 1631 2068 ut

63 2103 174 2148 bona
192 2104 406 2162 predictae
428 2103 667 2159 aecclesiae,
690 2117 796 2160 quae
818 2108 964 2149 contra
985 2105 1222 2149 animarum
1242 2103 1422 2148 salutem
1442 2103 1630 2147 detinere

63 2185 326 2240 presumunt,
359 2181 398 2226 ei
428 2195 524 2226 cum
554 2182 797 2237 integritate
819 2184 1047 2227 restituant
1067 2186 1109 2228 et
1130 2183 1181 2228 ab
1201 2183 1335 2240 ipsius
1355 2182 1630 2227 infestacione

64 2258 282 2304 desistant.
351 2259 472 2312 Quod
509 2261 546 2304 si
581 2261 694 2305 infra
731 2261 1011 2318 quadraginta
1049 2261 1138 2305 dies
1186 2264 1413 2319 postquam
1448 2275 1474 2304 a
1510 2261 1629 2306 vobis

63 2338 308 2382 commoniti
336 2338 495 2383 fuerint
524 2339 662 2383 facere
693 2340 1042 2397 contempserint,
1074 2340 1319 2383 canonicam
1350 2340 1401 2384 de
1431 2339 1536 2397 ipsis
1564 2339 1629 2382 iu-

63 2416 229 2460 sticiam
258 2417 437 2461 faciatis.
558 2416 886 2472 Nichilominus,
917 2418 1048 2461 frater
1078 2417 1332 2474 Mindensis,
1364 2418 1630 2474 presencium

62 2494 142 2539 tibi
172 2495 421 2551 auctoritate
441 2496 704 2551 mandamUS,
737 2495 933 2551 quatinus
949 2495 1208 2551 Walderum,
1240 2496 1312 2552 qui
1333 2496 1520 2539 eiusdem
1539 2509 1629 2539 mo-

63 2572 238 2617 nasterii
274 2573 443 2630 predia,
490 2573 695 2618 clericalis
736 2572 862 2616 officii
899 2573 1237 2617 consideracione
1275 2573 1532 2631 postposita,
1577 2572 1629 2616 ab

64 2650 231 2706 eadem,
279 2664 385 2707 quae
423 2654 676 2709 potestatem
714 2651 843 2694 dandi
881 2664 967 2694 non
1003 2651 1170 2706 habuit,
1214 2651 1368 2694 dicitur
1405 2650 1628 2708 recepisse,

67 2727 256 2773 districte
286 2741 565 2786 commoneas,
596 2733 645 2773 ut
674 2729 784 2773 male
816 2729 1022 2786 acquisita
1050 2729 1247 2772 restituat
1278 2732 1320 2773 et
1340 2729 1515 2773 eandem
1537 2742 1629 2773 aec-

65 2804 237 2851 clesiam
259 2807 305 2850 in
325 2820 428 2865 pace
448 2808 664 2865 possidere
684 2807 916 2864 permittat.
963 2806 1083 2859 Quod
1103 2807 1140 2850 si
1158 2807 1296 2851 facere
1316 2807 1628 2865 contempserit,

64 2884 265 2930 canonica
294 2898 391 2930 eum
421 2899 598 2931 censura
628 2898 832 2930 coerceas.
885 2884 997 2929 Data
1027 2884 1169 2930 Remis
1198 2884 1331 2930 Nonis
1362 2885 1537 2944 Aprilis.
