1924 3288
307 196 393 240 372
751 209 947 240 wmALm
974 209 1222 242 nms'ronan
1250 210 1320 241 249.
1343 210 1412 241 250.

154 306 246 342 1150
423 302 690 347 Incommoda
720 306 762 347 et
791 304 1036 359 gravamina
1065 308 1152 348 tam
1176 304 1373 349 ecclesiae
1393 318 1518 363 quam
1537 318 1741 364 personae
1757 308 1857 352 tine

119 356 229 394 ⁰⁸³⁹*
243 356 282 385 ²⁰
304 383 394 424 tum
424 395 500 438 per
529 381 691 424 litteras
721 374 812 424 tum
842 395 919 439 per
948 382 1091 426 nuncii
1119 383 1184 427 tui
1214 387 1371 427 certam
1397 384 1643 428 relationem
1661 383 1857 440 eognovi-

303 471 410 501 mus.
456 457 537 501 Pro
569 458 708 502 debito
737 459 876 515 regiae
897 460 1179 517 excellentiae,
1211 475 1316 518 quae
1335 462 1514 506 humiles
1535 461 1700 506 exaltat‘
1710 463 1858 520 super-

303 535 377 579 bos
415 535 628 591 humiliat,
665 536 864 580 iniuriam
897 541 1013 581 tuam
1051 538 1296 596 propulsare
1332 540 1600 584 intendimus.
1650 537 1860 584 Mittimus

302 615 442 656 autem
473 612 527 656 ad
555 626 754 670 praesens
783 615 830 658 in
859 615 1024 659 Italiam
1053 618 1387 673 protonotarium
1406 621 1597 661 nostrum
1615 617 1857 673 Hauricm',

301 690 438 733 virum
467 691 718 747 prudentem
750 695 791 735 et
819 692 1086 749 industrium,
1119 695 1190 750 qui
1221 708 1273 738 ex
1294 695 1579 752 dispositionis
1598 698 1766 744 nostrae
1780 695 1858 740 >do-

300 770 412 811 creto
443 769 612 823 negotia
641 772 779 813 terrae
808 769 922 814 illius
954 771 1181 814 secundum
1201 772 1401 816 honorem
1430 773 1550 828 regni
1579 771 1790 817 ordinabit
1807 775 1858 817 et

299 847 455 888 statum
485 849 624 890 terrae
654 861 707 890 ex
738 847 822 891 alto
862 848 1035 892 consilio
1065 850 1312 906 prudentiae
1341 853 1509 894 nostrae
1538 850 1584 894 in
1612 849 1858 895 melimssroe

297 922 496 967 formabit
533 927 575 967 et
610 925 780 980 negotia
814 928 889 969 tua
926 926 1090 983 plenius
1123 927 1264 971 audiet
1293 930 1354 983 et,
1392 931 1607 984 tamquam
1641 942 1668 971 a
1696 930 1857 972 secreto

297 1000 461 1044 consilii
482 1002 617 1045 nostri
637 1003 805 1059 missus,
835 1003 887 1047 ab
909 1004 1101 1048 omnibus
1122 1005 1397 1049 incommodis
1417 1009 1610 1063 potenter
1626 1008 1671 1050 te
1690 1005 1853 1063 eripiet.

300 1158 416 1206 250.
442 1161 653 1205 Wibaldus
673 1162 910 1221 Enyenium
930 1165 1013 1208 III
1028 1181 1192 1223 papam
1210 1175 1342 1224 royac,
1365 1175 1410 1209 ut
1428 1166 1739 1211 Marwardum
1758 1175 1855 1210 oon-

444 1241 626 1282 stitutum
657 1242 843 1284 abbatem
873 1242 1120 1285 Fuldensem
1150 1245 1371 1304 confirmet.
1638 1242 1712 1297 (Μ,
1732 1242 1857 1298 227.)

168 1336 262 1372 1150
414 1327 655 1372 Reverendo
685 1329 731 1372 in
751 1328 918 1374 Christo
948 1331 1062 1388 patri
1092 1345 1166 1375 suo
1199 1335 1241 1375 et
1270 1332 1437 1376 domino
1458 1331 1681 1388 E(ugenio)
1709 1332 1786 1376 uni
1806 1334 1856 1376 et

149 1387 274 1466 Αξζῖεὲο
296 1405 524 1448 universali
544 1406 732 1463 pontifici
751 1407 881 1451 frater
903 1407 1150 1463 W(ibaldus)
1172 1409 1252 1452 Dei
1272 1409 1409 1465 gratia
1431 1413 1474 1454 et
1492 1414 1633 1454 vestra
1653 1409 1712 1466 id,
1729 1409 1854 1467 ‘quod

297 1482 427 1526 estin
459 1483 660 1527 aecclesia
690 1484 905 1541 catholica,
935 1485 1134 1530 honorem
1166 1490 1212 1530 ut
1232 1487 1357 1543 patri,
1389 1487 1584 1531 timorem
1603 1490 1651 1531 ut
1671 1485 1855 1531 (10111111οξ

179 1566 271 1603 1149
414 1560 642 1617 Postquam
672 1561 878 1617 gloriosus
908 1562 1018 1606 filius
1044 1567 1195 1619 vester,
1227 1568 1370 1608 noster
1399 1565 1690 1608 serenissimus
1720 1563 1853 1608 domi-

294 1652 394 1694 nus,
435 1638 683 1693 C(onradus)
713 1638 995 1683 Romanorum
1032 1655 1107 1684 rex
1143 1656 1168 1685 a
1198 1641 1558 1686 lherosolimitana
1588 1641 1852 1699 expeditione

293 1729 486 1759 reversus
511 1716 604 1771 fuit,
637 1716 810 1760 dilectus
831 1718 962 1762 frater
981 1722 1124 1762 noster
1144 1718 1399 1774 H(einricus)
1421 1719 1703 1764 Herfeldensis
1723 1718 1852 1764 abbas

295 1793 347 1837 ab
379 1793 745 1838 administracione
775 1794 994 1839 Fuldensis
1027 1796 1239 1852 abbatiae,
1272 1811 1398 1854 quam
1429 1800 1680 1855 susceperat,
1711 1796 1849 1842 cessit.

295 1870 438 1927 Itaque
460 1871 651 1915 dominus
671 1875 814 1916 noster
832 1887 908 1917 rex
928 1877 1018 1916 tum
1038 1888 1115 1931 pro
1130 1875 1361 1918 innumeris
1376 1874 1681 1931 vexationibus,
1702 1873 1853 1932 quibus

294 1947 514 1992 Fuldensis
561 1949 761 1993 aecclesia
800 1953 888 1993 tam
924 1951 1038 1995 intus
1076 1966 1201 2008 quam
1236 1953 1338 1996 foris
1376 1952 1548 2007 cottidie
1584 1951 1849 2008 fatigabatur,

293 2029 384 2069 tum
414 2039 491 2083 pro
521 2027 705 2083 partium
738 2027 907 2083 studiis,
949 2042 1053 2084 quae
1084 2029 1135 2072 de
1164 2029 1278 2073 facili
1308 2030 1501 2087 componi
1529 2043 1613 2073 non
1641 2029 1849 2088 poterant,

295 2103 489 2147 ordinare
527 2104 668 2161 ipsum
705 2105 1005 2149 monasterium
1043 2106 1224 2161 distulit3
1265 2110 1307 2150 et
1343 2107 1472 2151 sicut»
1487 2107 1532 2151 in
1561 2105 1849 2162 recolligendis

295 2181 640 2237 possessionibus,
663 2195 768 2238 quae
788 2183 1026 2238 inordinate
1043 2184 1209 2228 fuerant
1228 2184 1455 2242 dispersae,
1476 2188 1624 2242 potens
1640 2186 1683 2228 et
1701 2183 1850 2228 efficax

295 2270 386 2302 esse
415 2265 520 2302 non·
551 2262 736 2315 poterat,
774 2260 834 2303 sic
863 2260 907 2303 in
938 2261 1133 2304 curandis
1170 2262 1407 2317 animabus,
1446 2275 1526 2318 que
1556 2260 1849 2306 aecclesiarum

294 2335 604 2392 preciosissima
633 2339 697 2379 est
727 2336 978 2394 substancia,
1008 2338 1228 2394 invigilare
1259 2343 1301 2383 et
1330 2339 1543 2383 attendere
1565 2352 1650 2383 non
1668 2337 1846 2383 valebat.

296 2412 431 2470 Super
461 2427 544 2470 qua
572 2427 618 2456 re
649 2427 674 2456 a
703 2417 848 2458 nostra
877 2416 1085 2472 parvitate
1116 2430 1214 2473 sepe
1245 2416 1519 2460 commonitus
1551 2420 1592 2460 et
1619 2416 1672 2461 ab
1690 2415 1848 2461 Ebora-

294 2489 407 2533 censi
438 2489 585 2534 abbate
599 2487 609 2507 ¹
640 2494 681 2534 et
712 2491 804 2535 aliis
836 2492 1041 2548 religiosis
1062 2493 1178 2550 viris,
1210 2494 1379 2537 tandem
1402 2493 1658 2549 suggestioni
1678 2492 1847 2551 adquie-

176 2574 270 2609 1150
294 2580 427 2622 scens,
460 2567 574 2611 venit
602 2567 778 2611 Fuldam
809 2571 835 2612 3
866 2569 1007 2613 Nonas
1038 2571 1193 2614 mensis
1223 2570 1395 2629 Aprilis.
1442 2570 1519 2614 Cui
1550 2571 1688 2615 curiae
1717 2570 1846 2615 inter-

165 2623 236 2662 Apr.
251 2624 270 2653 3
292 2644 462 2689 fuerunt
481 2644 737 2689 venerabiles
767 2645 843 2688 filii
864 2648 1005 2703 vestri,
1037 2647 1273 2692 Bremensis
1295 2648 1627 2706 archiepiscopus
1636 2645 1665 2704 ²,
1695 2646 1845 2693 Wirci-

294 2719 535 2778 burgensis⁸
557 2725 599 2766 et
618 2721 1002 2768 Halberstadensis⁴
1027 2725 1226 2783 episcopi,
1255 2729 1296 2769 et
1317 2725 1389 2769 alii
1409 2725 1460 2770 dc
1479 2726 1680 2770 laicorum
1699 2725 1844 2770 ordine

293 2799 504 2858 principes
540 2803 582 2844 et
610 2798 769 2844 nobiles
799 2800 941 2855 multi3
982 2815 1007 2845 a
1038 2803 1187 2859 quibus
1217 2804 1327 2847 inter
1357 2806 1495 2847 cetera
1525 2802 1644 2859 regni
1672 2803 1845 2859 negocia

389 2898 416 2920 a.
445 2899 505 2920 non
527 2890 648 2920 addidi.

389 2948 421 2983 1.
446 2946 601 2983 Adamo.
695 2947 730 2982 2.
756 2946 973 2983 Hartwicus.
1069 2949 1103 2983 3.
1129 2947 1343 2995 Sigefridus.
1439 2948 1475 2985 4.
1499 2949 1704 2986 Udalricus.
