1924 3288
529 205 729 236 wmALm
757 203 1008 236 EPISTOLAE
1037 202 1107 233 137.
1132 201 1203 232 138.
1565 188 1655 232 215

82 303 181 348 huic
208 302 413 348 interesse
443 314 595 345 causae
627 300 981 355 desideraverant,
1012 297 1344 342 familiaritatem
1372 309 1511 340 meam
1544 295 1656 353 apud
1682 297 1776 334 1148

83 395 158 426 vos
188 380 348 438 aliquid
386 394 511 438 posse
549 382 815 435 cognoscant.
867 377 947 421 Est
978 381 1119 421 autem
1149 375 1293 419 domni
1323 374 1546 429 H(einrici)
1580 373 1656 417 ali-

84 459 250 518 quando
271 458 538 503 Corbeiensis
561 457 723 502 abbatis
745 457 860 512 dicti,
893 469 1020 513 super
1041 468 1165 512 quem
1185 467 1260 497 vos
1283 452 1422 496 0011108
1454 455 1656 509 paternae

81 537 253 596 pietatis
284 551 441 595 ponere
473 536 604 591 decet,
636 539 684 579 ut
713 535 805 592 ipse
835 534 1007 592 pietatis
1039 532 1224 588 effectus,
1256 545 1351 575 eum
1382 544 1467 574 non
1497 530 1657 574 frustra

82 616 134 661 de
164 616 284 660 vobis
317 615 477 672 aliquid
507 613 647 658 solatii
678 627 884 670 sperasse,
915 611 1119 656 laudabili
1149 611 1328 654 veritate
1359 609 1616 667 comprobet.
1685 665 1688 666 ⁷

357 692 507 737 Cetera
535 691 760 736 verborum
790 691 982 734 narrabit
1011 690 1191 747 portitor
1221 689 1387 732 horum.

82 771 310 828 Utriusque
345 770 528 814 hominis
565 769 697 813 vestri
735 769 914 813 salutem
952 769 1086 812 bonus
1125 767 1198 811 ille
1230 766 1544 821 Samaritanus,
1585 765 1657 822 qui

81 849 347 894 vulneratum
384 848 573 904 collegit,
612 847 836 905 providere
875 850 918 890 et
955 846 1167 890 custodire
1199 844 1414 900 dignetur,
1457 843 1656 887 abbatum

81 927 316 972 karissime.

89 1070 202 1118 138.
242 1071 456 1115 Wibaldus
493 1069 685 1127 Euyem'o
718 1069 794 1112 ΙΠ
817 1084 960 1126 papae
998 1066 1148 1126 refert,
1194 1067 1245 1109 de
1285 1066 1471 1123 eliyendo
1513 1068 1659 1110 abbate

230 1149 432 1192 Fuldensi
463 1149 565 1207 quid
595 1155 731 1190 actum
760 1148 823 1190 sit.
1440 1142 1512 1196 (M.
1541 1144 1657 1198 114.)

200 1238 423 1284 Reddituri
451 1238 661 1281 rationem
689 1235 960 1280 villicationis
990 1237 1175 1290 nostrae,
1208 1247 1335 1290 quam
1365 1237 1508 1277 vestra
1538 1233 1660 1277 celsi·
1686 1236 1778 1273 1148

82 1318 183 1363 tudo
203 1320 374 1361 nostrae
394 1317 598 1375 parvitati
618 1315 843 1370 commisit,
866 1327 971 1371 opus
991 1313 1195 1356 habemus
1217 1312 1438 1368 brevitate,
1466 1326 1520 1355 ne
1541 1326 1659 1355 men-

82 1400 170 1441 tem
199 1398 398 1451 vestram,
431 1408 561 1452 quam
593 1394 782 1438 omnium
802 1392 950 1435 mundi
976 1390 1275 1435 aecclesiarum
1306 1403 1408 1434 cura
1447 1390 1659 1447 sollicitat,

82 1474 250 1533 prolixa
286 1473 436 1517 relatio
483 1473 640 1516 diutius
688 1471 885 1514 detineat.
1014 1469 1247 1526 Postquam
1284 1469 1481 1513 discretio
1519 1472 1661 1513 vestra

82 1553 193 1596 iusto
233 1551 417 1609 Spiritus
464 1551 601 1595 sancti
637 1549 792 1592 iudicio
830 1547 1106 1604 Roggerium,
1153 1546 1376 1591 Fuldensis
1414 1548 1660 1591 monasterii

84 1631 284 1686 electum,
325 1630 377 1674 ab
418 1628 607 1672 eiusdem
645 1627 871 1671 aecclesiae
907 1626 1114 1682 reghnine
1146 1626 1198 1669 ob
1238 1626 1485 1669 canonicam
1515 1629 1661 1670 notam

83 1709 276 1764 removit,
307 1707 510 1751 fratribus
540 1705 695 1764 prefati
716 1704 906 1748 coenobii
925 1718 1003 1761 per
1031 1704 1287 1759 dignationis
1308 1707 1475 1748 vestrae
1497 1705 1636 1762 apices
1651 1701 1661 1721 ¹
1684 1718 1789 1758 Apr.8

84 1786 355 1846 precipiendo
386 1785 634 1840 mandastis,
666 1797 720 1827 ne
750 1796 977 1840 personam
1008 1782 1059 1825 de
1087 1796 1165 1825 sua
1185 1783 1510 1838 congregatione
1532 1783 1660 1838 elige-

84 1868 193 1921 rent,
215 1867 280 1908 set
296 1864 349 1907 ad
364 1863 620 1907 visitandam
637 1861 884 1905 aecclesiam
899 1874 1020 1904 suam
1034 1861 1287 1904 reverendos
1303 1861 1456 1905 fratres
1477 1865 1658 1918 nostros,

84 1944 406 1997 Eberacensem,
422 1941 772 1995 Everbacensem,
788 1938 1155 1982 Heresfeldensem
1171 1938 1357 1995 abbates,
1378 1942 1420 1983 et
1435 1953 1512 1982 nos
1528 1940 1658 1997 ipsos,

86 2022 276 2066 omnium
306 2019 526 2074 minimos,
559 2018 613 2061 ad
643 2031 734 2061 sese
766 2019 1064 2071 convocarent3
1105 2031 1284 2073 quorum
1315 2017 1529 2061 mediante
1561 2031 1658 2061 con-

87 2100 181 2145 silio
212 2098 342 2143 talem
371 2097 462 2141 Deo
495 2099 664 2140 auctore
704 2108 930 2152 personam
969 2095 1021 2138 de
1060 2094 1195 2138 alieno
1228 2094 1410 2138 claustro
1443 2095 1661 2139 studerent

88 2178 261 2234 eligere,
299 2190 377 2234 per
415 2189 543 2232 quam
578 2174 702 2217 ruina
731 2172 953 2216 Fuldensis
985 2173 1231 2216 monasterii
1261 2176 1351 2216 tam
1381 2173 1426 2216 in
1456 2173 1660 2229 religione

89 2270 216 2314 quam
246 2255 292 2298 in
311 2252 647 2312 possessionibus
668 2254 811 2309 posset
830 2250 1013 2294 Domino
1039 2250 1264 2294 adiuvante
1282 2251 1434 2294 fulciri.
1481 2251 1658 2295 Misistis

90 2335 218 2380 etiam
247 2333 449 2391 predictis
482 2334 661 2388 quatuor
692 2328 883 2386 personis
914 2328 1112 2371 iussionis
1133 2332 1299 2372 vestrae
1322 2328 1487 2372 litteras
1496 2326 1523 2385 ²,
1557 2344 1659 2386 qua-

90 2414 203 2459 tinus
235 2412 483 2455 auctoritate
515 2412 657 2453 vestra
688 2407 741 2450 ad
770 2406 979 2449 Fuldense
1008 2407 1311 2450 monasterium
1343 2407 1588 2451 accederent
1619 2410 1661 2451 et

90 2492 211 2535 iuxta
239 2489 429 2548 precepti
459 2487 591 2532 vestri
618 2486 799 2528 formam
819 2485 865 2527 in
886 2484 1087 2528 electione
1108 2484 1300 2528 facienda
1321 2485 1543 2528 consilium
1563 2499 1658 2542 pre-

92 2570 266 2613 starent.
390 2566 501 2618 Quas
532 2565 697 2609 litteras
728 2576 805 2606 nos
836 2563 968 2606 tercia
999 2562 1066 2605 die
1105 2565 1202 2619 post
1237 2562 1392 2605 festum
1422 2563 1658 2606 nativitatis
1683 2578 1767 2618 sept.
1780 2579 1819 2608 10

91 2647 239 2692 beatae
268 2645 429 2690 Mariae
458 2644 596 2702 primo
629 2641 879 2698 accepimus
935 2639 1153 2696 Siquidem
1182 2639 1412 2683 Fuldenses
1442 2654 1520 2697 pro
1552 2641 1659 2684 obti-

91 2725 229 2770 nendo
261 2724 392 2768 electo
431 2736 527 2778 suo,
568 2734 693 2778 quem
730 2718 891 2762 duobus
929 2717 1108 2760 decretis
1139 2718 1340 2761 canonica
1368 2719 1531 2762 ratione
1562 2719 1659 2763 sub-

92 2803 206 2848 nixis
235 2800 514 2855 notaveratiS,
554 2799 607 2843 ad
637 2801 823 2842 vestram
853 2795 1119 2839 clementiam
1149 2796 1422 2852 remiserunt,
1462 2800 1526 2840 set
1563 2810 1659 2840 cum

94 2881 219 2925 Petro
249 2883 416 2937 petram
445 2879 708 2922 invenerunt.
754 2874 991 2918 Redeuntes
1012 2873 1142 2928 igitur
1165 2873 1294 2928 legati
1326 2888 1471 2918 eorum
1502 2875 1658 2933 absque

190 2969 222 3005 1.
248 2968 295 3005 V.
320 2977 378 3014 ep.
396 2966 443 3002 85
467 2976 579 3012 supra
603 2975 637 3011 p.
659 2964 738 3000 158.
835 2963 870 2998 2.
895 2961 942 2998 V.
967 2971 1026 3007 ep.
1043 2961 1089 2997 86
1114 2972 1226 3008 supra
1248 2972 1285 3008 p.
1304 2962 1385 2999 159.
