1924 3288
573 190 773 221 wmALm
801 188 1023 221 Ems'ronA
1050 187 1099 219 78.
1538 175 1622 220 153

55 290 105 332 ut
132 285 437 342 refocilaretur,
469 286 728 342 reduximus,
760 285 964 330 malentes
994 283 1247 328 incolumem
1278 283 1332 327 ad
1354 283 1516 327 maiora
1536 297 1623 327 ser·
1661 286 1753 323 1147

56 379 158 410 vare
188 378 315 422 quam
344 367 434 408 tam
465 368 639 408 cruenta
668 365 846 408 victoria
876 364 927 408 de
953 362 1183 419 sagittariis
1203 352 1476 419 triumphare.
1517 361 1623 405 Cum
1648 336 1713 367 ⁰⁰t'
1726 337 1765 367 2⁶

57 456 157 488 vero
188 443 242 487 ad
270 456 388 487 mare
417 443 676 487 venissemus
709 446 750 486 et
779 446 919 486 castra
937 441 1085 485 metati
1104 441 1341 497 fuissemus,
1371 440 1417 484 in
1437 441 1625 484 maxima

56 523 320 580 tempestate,
356 535 442 565 non
474 525 699 578 expectans
731 521 1002 565 serenitatem
1032 535 1108 578 pre
1139 519 1304 576 gaudio,
1335 533 1411 563 rex
1440 518 1624 563 Franco-

56 597 174 645 rum¹
205 599 258 644 ad
287 599 470 644 tentoria
499 602 656 655 nostra,
695 599 816 643 nobis
847 599 1144 655 nescientibus,
1185 598 1439 655 supervenit,
1476 597 1623 642 dolens
1647 605 1724 637 Νον.

58 678 227 736 quidem
258 678 488 722 exercitum
518 680 711 721 nostrum
741 677 852 720 fame
885 681 927 721 et
950 677 1094 721 labore
1116 677 1321 732 attritum,
1353 676 1404 720 de
1426 676 1624 720 societate

58 759 199 801 autem
235 758 380 800 nostra
416 769 502 799 non
539 769 719 813 parvum
756 755 916 799 habens
955 756 1167 811 gaudium.
1220 755 1314 812 Ipse
1346 754 1552 811 siquidem
1584 758 1626 799 et

58 848 202 878 omnes
240 834 452 891 principes
493 833 559 876 sui
597 832 776 878 fideliter
817 847 865 877 ac
896 834 1043 878 devote
1075 834 1321 890 obsequium
1352 847 1475 877 suum
1504 833 1624 877 nobis

59 912 320 971 optulerunt,
362 911 562 969 pecunias
600 912 774 970 insuper
811 925 908 955 suas
941 915 983 956 et
1013 925 1271 969 quecumque
1307 911 1518 955 habebant
1551 924 1625 955 vo-

58 990 212 1035 luntati
242 993 411 1035 nostrae
443 990 719 1047 exponebant.
814 989 1037 1034 Coniuncti
1068 1004 1165 1046 ergo
1197 1003 1293 1033 cum
1316 990 1448 1047 copiis
1468 990 1625 1034 nostris

59 1071 103 1114 et
130 1069 414 1127 principibus,
455 1082 633 1125 quorum
664 1069 835 1125 quidam
864 1069 1082 1113 nobiscum
1111 1071 1424 1124 remanserant,
1456 1069 1626 1124 quidam

58 1146 216 1191 infirmi
245 1150 288 1191 et
316 1160 393 1204 pre
423 1147 602 1204 penuria
631 1148 834 1204 pecuniae
866 1148 985 1204 sequi
1014 1161 1100 1190 non
1129 1146 1327 1190 valebant
1358 1149 1400 1190 et
1427 1146 1479 1190 ob
1506 1147 1552 1190 id
1573 1147 1625 1191 ab

60 1226 247 1270 exercitu
283 1225 555 1281 recedebant,
595 1239 726 1282 usque
764 1226 818 1269 ad
849 1225 1050 1270 Sanctum
1079 1225 1307 1268 Iohannem
1316 1221 1344 1280 ²,
1383 1225 1455 1269 ubi
1486 1225 1625 1282 sepul-

58 1303 206 1348 chrum
236 1303 324 1348 eius
352 1307 394 1347 et
415 1317 572 1348 manna
595 1304 800 1348 scaturire
820 1305 1020 1360 cernitur,
1053 1303 1209 1360 absque
1231 1303 1345 1346 omni
1366 1302 1624 1359 difficultate,

59 1382 309 1427 celebraturi
338 1381 426 1426 illic
455 1383 722 1426 nativitatem
752 1382 945 1438 Domini,
987 1382 1269 1440 pervenimus.
1321 1380 1404 1426 Ubi
1432 1396 1509 1439 per
1549 1382 1626 1426 ali·
1648 1394 1721 1426 Dec.
1733 1396 1771 1426 25

60 1463 163 1518 quot
192 1460 280 1504 dies
311 1463 599 1518 repausantes,
638 1462 737 1518 quia
767 1465 809 1505 et
837 1475 914 1504 nos
945 1459 1170 1504 infirmitas
1202 1463 1244 1504 et
1273 1459 1428 1504 multos
1459 1463 1625 1504 nostro-

59 1553 154 1583 rum
183 1539 411 1595 invaserat,
442 1543 691 1597 recuperata
722 1540 903 1583 sanitate
934 1539 1160 1596 procedere
1187 1538 1443 1594 volebamus,
1476 1542 1540 1583 set
1559 1539 1625 1583 in-

60 1616 295 1661 valescente
327 1619 562 1674 egritudine
591 1632 857 1675 nequaquam
886 1618 949 1662 ire
979 1618 1201 1662 valuimus.
1248 1616 1339 1661 Rex
1368 1617 1499 1673 igitur
1529 1631 1626 1661 cum

61 1696 249 1740 exercitu
278 1695 466 1741 dolenter
495 1697 721 1754 profectus,
755 1700 959 1754 quantum
988 1697 1127 1754 potuit
1154 1710 1232 1740 nos
1262 1696 1517 1753 prestolatus
1547 1699 1624 1753 est,

61 1777 126 1818 set
171 1773 336 1818 diutina
377 1773 601 1819 infirmitas
638 1789 715 1818 nos
756 1775 903 1819 tenuit.
1026 1774 1145 1827 Quod
1183 1788 1278 1818 cum
1314 1774 1446 1819 frater
1482 1778 1626 1819 noster

62 1850 291 1896 Grecorum
328 1852 560 1910 imperator
598 1853 781 1909 audiret,
820 1853 1088 1897 vehementer
1124 1853 1305 1896 indoluit
1340 1856 1383 1897 et
1413 1866 1509 1897 cum
1538 1852 1626 1896 filia

60 1933 206 1975 nostra
244 1930 517 1975 dilectissima
554 1931 844 1988 imperatrice,
885 1945 961 1975 sua
998 1931 1194 1975 videlicet
1229 1931 1425 1987 coniuge,
1464 1931 1518 1974 ad
1547 1945 1624 1975 nos

61 2023 316 2067 prepropere
347 2009 575 2066 descendit,
605 2009 837 2053 liberaliter
866 2009 987 2053 nobis
1020 2012 1062 2053 et
1086 2010 1347 2067 principibus
1372 2010 1527 2053 nostris
1549 2024 1626 2054 sua

64 2090 106 2131 et
134 2087 372 2131 necessaria
403 2088 457 2131 ad
486 2088 568 2132 iter
597 2091 791 2131 nostrum
820 2087 1017 2143 largiens,
1051 2088 1247 2144 quatinus
1279 2088 1304 2131 a
1333 2088 1507 2132 medicis
1537 2088 1624 2132 suis

62 2165 185 2209 citius
224 2178 486 2221 curaremur,
528 2166 647 2222 quasi
683 2166 726 2209 vi
756 2165 1163 2223 Constantinopolim
1192 2166 1238 2209 in
1266 2165 1472 2223 palatim
1503 2181 1626 2210 suum

62 2243 243 2299 reduxit,
275 2247 441 2287 tantum
471 2243 558 2287 illic
588 2244 708 2287 nobis
739 2244 909 2288 honoris
931 2244 1146 2300 exhibens,
1181 2247 1383 2301 quantum
1408 2244 1513 2288 nulli
1533 2259 1625 2288 um-

64 2335 189 2378 quam
218 2322 507 2379 predecessori
536 2325 681 2365 nostro
714 2322 947 2366 exhibitum
978 2336 1069 2366 esse
1100 2323 1348 2366 audivimus.
1401 2323 1503 2367 Inde
1533 2323 1624 2366 lhe-

63 2399 318 2457 rosolymam
371 2401 580 2444 dominica
631 2399 913 2444 Reminiscere
928 2397 943 2418 ³
978 2399 1186 2458 proficisci
1234 2401 1477 2456 statuimus,
1533 2400 1623 2444 Deo

65 2481 233 2522 auctore
269 2491 424 2522 novum
462 2478 692 2522 exercitum
728 2478 789 2522 ibi
826 2478 871 2521 in
907 2476 1085 2536 pascha⁴
1125 2478 1360 2534 collecturi,
1408 2482 1449 2522 et
1485 2478 1624 2522 Rohas

63 2556 311 2613 processuri.
358 2556 416 2600 Ut
447 2560 587 2600 autem
617 2555 721 2599 illud
750 2556 832 2599 iter
861 2559 1052 2600 nostrum
1073 2556 1187 2600 Deus
1218 2570 1467 2614 prosperum
1487 2556 1624 2600 facere

65 2634 278 2690 dignetur,
319 2637 366 2678 ut
403 2634 494 2691 ipse
533 2648 625 2678 ores
664 2637 706 2678 et
742 2633 895 2678 fratres
932 2637 1027 2678 tuos
1065 2648 1185 2678 orare
1221 2635 1372 2690 facias,
1414 2637 1456 2677 et
1491 2634 1624 2677 omni-

63 2712 141 2756 bus
178 2711 369 2756 fidelibus
406 2726 482 2756 nos
520 2712 756 2756 committas
797 2715 839 2756 et
868 2712 1206 2756 commendatum
1235 2711 1333 2756 fidei
1362 2715 1460 2756 tuae
1490 2711 1624 2755 filium

64 2793 254 2834 nostrum
284 2790 452 2846 habeas,
483 2790 758 2848 postulamus.

158 2878 192 2914 1.
208 2877 418 2915 Ludovicus
433 2878 517 2916 VII.
590 2879 622 2915 2.
642 2877 841 2924 Ephesum.
912 2877 947 2913 3.
966 2877 1057 2914 1148
1073 2877 1176 2914 Mart.
1194 2877 1228 2914 7.
1295 2877 1332 2913 4.
1351 2877 1443 2914 1148
1459 2876 1551 2924 Apr.
1565 2878 1620 2914 11.
