1924 3288
570 212 770 244 wmALm
797 210 1019 243 EPISTOLA
1051 207 1120 240 156.
1541 194 1625 238 261

65 358 127 412 15
134 342 189 412 6,
204 365 415 410 Wibaldus
438 363 729 407 Bernhardum
751 363 988 420 episcopum
1010 360 1387 403 Paderbornensem
1410 358 1461 400 de
1480 358 1518 400 T
1514 357 1629 400 hide-

205 444 292 487 rico
310 444 453 486 comite
464 442 705 485 Huxarema·
718 442 763 484 in
775 441 959 498 qratiam
972 438 1204 514 revocando
1222 437 1403 479 consulit.
1423 433 1496 488 (Μ.
1513 434 1629 487 137.)

176 544 420 589 Reverendo
450 542 564 600 patri
595 556 669 586 suo
704 545 746 585 et
773 541 941 585 domino
962 537 1240 594 B(ernhardo)
1263 540 1433 582 sanctae
1454 536 1629 580 Pather-
1656 536 1749 573 1149

56 623 277 668 hor-nensis
319 621 544 666 aecclesiae
582 619 812 664 venerabili
853 619 1049 676 episcopo
1087 617 1219 661 frater
1256 603 1508 669 W(ibaldus)
1548 613 1630 658 Dei

58 701 196 758 gratia
225 700 292 756 id,
333 699 443 756 quod
481 702 546 742 est
580 698 626 741 in
664 697 866 741 aecclesia
904 695 1130 751 catholica,
1170 694 1438 739 dilectionem
1474 692 1553 737 filii
1589 696 1632 737 et

57 779 338 824 obedientiam
369 777 491 821 servi.

176 856 333 902 Multas
364 855 563 899 debemus
595 856 637 897 et
666 852 821 897 multas
851 852 1074 896 referimus
1106 851 1322 895 sanctitati
1341 853 1506 894 vestrae
1536 863 1632 905 gra·
1675 865 1679 869 ’

16 917 22 923 ’
58 936 154 991 tias,
185 934 298 992 quod
328 948 354 977 a
382 933 518 988 longis
549 935 662 976 retro
693 931 954 989 temporibus
986 943 1063 974 nos
1086 932 1263 987 paterno
1286 928 1437 972 affectu
1457 927 1634 983 diligere

59 1017 102 1058 et
138 1013 345 1057 honorare
384 1011 580 1067 dignatus
619 1011 740 1064 estis3
780 1010 891 1066 quod
920 1009 1106 1052 maxime
1135 1020 1248 1050 nunc
1280 1007 1444 1064 experti
1473 1020 1632 1062 sumus,

59 1091 224 1148 quando
256 1093 452 1147 acceptae
482 1092 571 1132 tam
602 1088 807 1132 evidentis
831 1087 1065 1131 calumniae
1087 1085 1323 1129 amaritudo
1344 1099 1420 1128 nos
1443 1085 1633 1129 acerbius

57 1169 255 1228 pulsavit.
305 1168 522 1225 Siquidem
553 1170 595 1211 et
624 1166 811 1211 laborem
843 1169 885 1210 et
916 1178 1146 1223 expensam
1176 1177 1262 1207 non
1292 1162 1430 1206 solum
1461 1163 1632 1219 equani-

58 1248 183 1292 miter
221 1250 286 1291 set
325 1247 453 1290 etiam
492 1245 684 1289 hilariter
721 1244 955 1302 pertulistis
993 1247 1035 1288 et
1063 1243 1109 1286 in
1139 1242 1277 1286 dando
1309 1241 1483 1285 consilio
1514 1244 1634 1285 tanta

59 1326 200 1371 fuistis
230 1325 517 1370 moderatione
545 1338 660 1379 usus,
692 1326 740 1366 ut
760 1327 884 1367 cauta
905 1326 947 1367 et
966 1323 1271 1378 circumspecta
1290 1323 1456 1363 vestrae
1477 1320 1634 1364 discre-

59 1404 186 1449 tionis
216 1403 363 1459 regula
391 1403 536 1460 paucis
568 1402 704 1460 possit
735 1416 825 1446 esse
847 1400 1080 1445 imitabilis.
1124 1398 1405 1451 Quamobrem
1425 1399 1477 1442 de
1499 1399 1633 1442 amico

58 1483 160 1527 facti
179 1482 298 1527 vobis
330 1482 589 1536 amicissimi,
620 1479 748 1524 finem
778 1480 841 1523 rei
870 1482 1040 1523 nostrae
1060 1481 1200 1522 vestro
1233 1477 1419 1521 examini
1442 1478 1634 1521 commit-

59 1561 234 1606 tendum
273 1560 571 1615 iudicavimus,
612 1562 660 1602 ut
701 1572 794 1603 eam
830 1561 998 1615 partem
1036 1556 1202 1601 consilii
1237 1557 1327 1600 sine
1358 1555 1632 1599 dubitationis

60 1638 254 1695 angustia
281 1638 508 1682 tenendam
540 1637 812 1692 arbitremur,
849 1650 956 1693 quae
986 1635 1107 1679 nobis
1139 1635 1164 1678 a
1194 1625 1358 1678 vestrae
1388 1634 1560 1691 pietatis
1592 1637 1635 1677 et

59 1716 158 1761 fidei
188 1716 381 1760 sollercia
409 1719 681 1774 proponetur.
731 1714 977 1758 Thidericus
1009 1727 1147 1757 comes
1179 1713 1231 1757 de
1257 1713 1433 1757 Huxara
1451 1712 1544 1756 vult
1574 1726 1633 1768 se,

59 1798 108 1840 ut
127 1795 268 1839 verbis
299 1795 388 1839 eius
419 1798 601 1850 utamur,
633 1794 678 1836 in
708 1796 854 1836 nostra
874 1792 1165 1836 misericordia
1186 1791 1286 1836 dare
1307 1795 1349 1835 et
1371 1791 1425 1835 ad
1445 1794 1634 1834 nostram

61 1873 390 1918 satisfactionem
427 1876 469 1916 et
505 1871 886 1916 reconciliationem
925 1871 985 1914 sic
1022 1870 1240 1926 accedere,
1281 1869 1634 1926 quemadmodum

61 1951 313 1996 dictaverint
342 1964 559 2008 compares
591 1950 670 2005 sui,
700 1948 897 1992 videlicet
926 1947 1224 1992 ministeriales
1245 1947 1508 1992 Corbeiensis
1541 1960 1633 1991 aec-

60 2030 234 2086 clesiae,
275 2029 348 2086 qui
387 2043 412 2072 a
447 2028 568 2072 nobis
604 2041 658 2072 ex
687 2030 833 2071 nostra
863 2027 1032 2084 optione
1062 2027 1221 2070 fuerint
1251 2025 1372 2070 electi
1403 2029 1444 2069 et
1476 2039 1528 2069 ex
1557 2038 1632 2069 no-

61 2109 174 2153 mine
205 2107 426 2163 designati.
468 2106 526 2150 Et
557 2106 755 2162 quoniam
784 2105 945 2148 turbati
976 2118 1119 2148 sumus
1152 2107 1194 2148 et
1223 2104 1329 2147 moti
1348 2104 1457 2147 sicut
1477 2103 1632 2159 ebrius,

63 2191 105 2231 et
142 2187 178 2231 si
217 2200 300 2243 qua
337 2186 383 2228 in
420 2184 541 2228 nobis
579 2184 660 2227 fuit
699 2183 927 2241 sapientia,
969 2183 1170 2226 devorata
1201 2185 1265 2226 est
1277 2179 1300 2238 ¹,
1331 2182 1525 2238 cogitque
1554 2195 1633 2225 nos

62 2271 221 2310 rerum'
249 2263 501 2308 necessitas⁸
541 2262 747 2319 quaedam
786 2260 1052 2304 dissimulare
1091 2260 1297 2317 quaedam
1333 2260 1532 2316 tolerare,
1579 2274 1633 2304 ne

62 2344 170 2388 forte
208 2343 426 2398 frangatur
464 2355 560 2396 vas,
609 2340 709 2384 dum
745 2339 981 2394 rubiginem
1021 2339 1192 2383 eradere
1232 2339 1444 2396 cupimus,
1490 2342 1634 2382 tamen

63 2421 194 2466 nichil
224 2421 363 2464 animo
396 2419 655 2477 sequendum
686 2418 923 2473 statuimus,
954 2418 1037 2461 nisi
1069 2417 1179 2474 quod
1199 2420 1364 2461 vestrae
1390 2416 1633 2472 diligentiae

64 2499 365 2557 complacuisse
411 2498 677 2542 senserimus.
750 2495 980 2552 Propterea
1024 2509 1194 2540 causam
1238 2495 1347 2538 hanc
1393 2494 1632 2538 distulimus

64 2581 246 2621 tractare
285 2590 333 2621 ac
372 2577 423 2620 de
459 2577 554 2633 ipsa
588 2573 842 2631 respondere
872 2587 1004 2630 usque
1036 2574 1088 2618 ad
1118 2573 1355 2630 proximam
1386 2573 1536 2616 feriam
1567 2586 1632 2616 se—

65 2654 281 2711 cundam²,
314 2655 523 2712 quatinus,
546 2656 711 2697 vestrae
733 2652 996 2695 discretionis
1021 2651 1195 2695 consilio
1220 2651 1463 2708 premuniti,
1495 2650 1632 2694 tucius

66 2748 114 2778 ac
143 2733 293 2777 melius
325 2746 431 2789 quae
463 2732 624 2788 agenda
654 2733 776 2774 erunt
805 2728 1006 2787 perficere
1028 2730 1250 2787 possimus.
1292 2728 1380 2772 Nec
1400 2742 1499 2772 vero
1518 2728 1632 2772 litte—

64 2826 208 2856 rarum
238 2814 478 2855 nostrarum
507 2809 696 2854 baiulum
727 2808 920 2863 verbum,
954 2807 1064 2864 quod
1094 2810 1237 2864 portat
1265 2806 1333 2851 vel
1364 2807 1536 2864 accipit,
1567 2807 1631 2850 in-

162 2923 189 2943 a.
217 2913 367 2942 necesitas
389 2924 414 2941 c.

147 2978 194 3026 ,1.
220 2977 278 3012 Ps.
300 2976 378 3021 106,
394 2976 453 3011 27.
549 2977 582 3011 2.
615 2974 724 3011 Febr.
744 2974 792 3009 7?
822 2971 875 3010 Cf.
903 2971 999 3008 infra
1022 2982 1081 3019 ep.
1102 2971 1181 3008 165.
