1930 3242
506 200 910 235 canonocmnus
940 199 1234 234 consumam
1595 187 1650 233 61

90 295 327 342 adulterina
346 295 455 342 clavi
476 297 705 342 armarium
726 300 992 355 aperuerunt,
1012 297 1268 355 preciosiora
1287 309 1364 340 sua
1382 308 1468 340 non
1485 309 1654 353 repere·
1680 297 1772 335 1147

89 377 201 419 runt.
262 374 373 419 Hinc
411 389 510 432 ergo
548 375 727 419 nimium
765 376 904 420 animo
942 375 1214 420 exacerbatae
1247 373 1451 433 populum
1481 387 1654 429 congre-

90 452 248 510 gabant
276 453 493 510 signorum
523 454 855 511 concrepatione.
903 453 1093 511 Quinque
1124 457 1265 498 autem
1292 455 1459 497 tantum
1488 451 1571 496 viri
1601 465 1654 495 ex

88 531 283 576 omnibus
317 545 466 577 venere
496 545 546 576 ac
574 545 682 590 pene
711 532 846 576 tocius
876 531 990 576 illius
1015 532 1099 576 vici
1119 532 1286 576 femine.
1332 531 1532 575 Diversae
1555 543 1653 585 ergo

89 613 247 654 mortes
276 611 433 654 nostris
462 610 619 654 inferre
647 609 792 654 multis
822 610 1047 654 verborum
1076 609 1473 654 tumultuacionibus
1497 609 1544 652 in
1564 608 1654 652 ani—

88 700 204 732 mam
233 701 354 733 suam
383 686 662 744 affirmabant,
693 701 789 732 cum
815 689 978 732 maiora
998 689 1153 746 quippe
1174 688 1506 743 sceleratissimis
1525 686 1655 731 latro-

89 765 214 812 nibus
243 769 286 810 et
314 765 534 810 homicidis
566 765 888 811 sceleratissime
919 767 965 810 in
994 767 1211 811 invasione
1243 770 1286 811 et
1308 766 1539 822 sacrilegiis
1559 778 1655 823 per-

89 847 341 902 petrassent.
402 843 451 888 In
480 844 699 902 procinctu
727 844 858 900 igitur
889 847 999 900 erat,
1036 847 1084 888 ut
1111 845 1379 901 insurgerent
1406 847 1581 902 repente
1610 843 1656 887 in

90 925 272 979 nostros,
303 925 346 967 et
375 926 532 979 quanto
563 922 615 967 de
638 955 820 966 ......
852 923 1044 967 invenire
1074 926 1260 980 possent,
1290 923 1495 967 mortibus
1528 921 1656 966 desti-

90 1003 253 1044 narent.
317 1000 436 1045 Talia
471 1003 520 1044 ut
548 1000 701 1046 fratres
731 1001 867 1045 nostri
896 1004 1123 1057 noverunt,
1163 1001 1405 1057 confugium
1436 1001 1490 1044 ad
1519 1000 1657 1045 Deum

90 1077 285 1135 precibus
316 1081 359 1122 et
387 1078 572 1123 lacrimis
602 1079 804 1135 fecerunt,
836 1082 879 1123 et
909 1079 1080 1136 quidam
1108 1079 1279 1123 illorum
1309 1078 1468 1123 differri
1488 1091 1658 1123 causam

93 1155 147 1200 ad
177 1155 405 1200 adventum
434 1157 642 1215 prepositi
671 1157 844 1202 tandem
873 1158 947 1201 vix
975 1157 1098 1202 valde
1129 1157 1412 1202 obtinuerunt.

211 1233 481 1279 Wolfhardus
512 1249 675 1293 quoque
706 1235 914 1292 sacerdOS,
947 1235 1157 1280 abbatisse
1170 1233 1181 1254 ¹
1199 1235 1371 1280 Reithe²
1392 1235 1478 1279 iam
1498 1234 1658 1278 incluse

92 1311 353 1369 creditarius,
384 1326 462 1371 per
500 1327 644 1359 omnes
675 1314 893 1372 episcopos
925 1317 968 1358 et
998 1314 1148 1359 abbate
1180 1317 1244 1359 set
1273 1314 1510 1372 prepositos
1543 1346 1552 1356 .
1577 1346 1587 1356 .
1611 1346 1621 1356 .
1645 1346 1655 1356 .

90 1403 169 1448 per
213 1390 386 1435 cenobia
429 1391 592 1436 litteras
639 1406 692 1436 ex
736 1405 917 1450 persona
959 1392 1170 1437 abbatisse
1213 1392 1299 1437 late
1337 1393 1658 1448 circumquaque

93 1467 341 1525 destinavit,
389 1472 431 1513 et
475 1470 590 1513 omni
633 1470 788 1528 populo
821 1504 831 1514 .
865 1504 875 1515 .
909 1484 1034 1528 quem
1065 1503 1656 1515 ..............

95 1579 283 1591 .....
315 1547 468 1592 mando
515 1548 754 1605 querelosas
793 1562 917 1593 voces
964 1548 1090 1593 edens
1129 1549 1379 1593 causabatur
1415 1548 1658 1604 multifarie,

94 1623 292 1669 Corbeie⁵
323 1639 369 1670 se
399 1629 441 1670 et
471 1640 615 1670 omnes
646 1639 742 1670 cum
773 1626 948 1671 ecclesia
977 1627 1122 1671 multis
1153 1627 1383 1683 thesauris,
1423 1641 1504 1684 quo
1534 1626 1659 1670 modo

94 1703 192 1759 equi
220 1702 288 1747 vel
318 1703 484 1748 venalia
513 1704 750 1763 comparari
779 1705 927 1762 solent,
959 1706 1020 1749 sic
1050 1706 1257 1749 subactos.
1306 1705 1379 1749 Set
1398 1719 1452 1750 ne
1472 1705 1578 1763 pred
1603 1738 1613 1748 .
1647 1738 1657 1749 .

97 1812 955 1827 ....................
981 1784 1019 1827 is
1049 1784 1300 1840 ieiuniisque
1331 1797 1380 1828 ac
1409 1783 1604 1842 precibus
1636 1796 1662 1826 a

96 1857 277 1902 Domino
298 1862 341 1904 et
362 1860 518 1904 sanctis
539 1861 629 1905 eius
649 1861 954 1906 instantissime
975 1862 1261 1920 deposcerent,
1287 1862 1500 1907 exorabat.
1546 1861 1661 1905 Haec

98 1936 1322 1985 autemhicindeinserere.............;
1356 1973 1588 1984 ......
1620 1939 1660 1983 ri

98 2014 290 2071 qualibus
322 2019 593 2072 quaterentur
623 2017 669 2060 in
698 2016 764 2060 his
794 2017 989 2062 infaustis
1020 2018 1165 2062 diebus
1195 2019 1343 2062 nostri.

214 2093 339 2138 Anno
370 2094 621 2148 d(ominicae
650 2095 968 2150 incarnationi)s
999 2095 1044 2140 M
1068 2127 1657 2140 ..............
1686 2109 1778 2146 1148

98 2183 136 2215 a.
161 2170 267 2215 Non.
294 2171 365 2216 Ma
396 2205 673 2217 .......
706 2187 756 2217 us
787 2187 808 2217 s
840 2206 1429 2218 ..............
1461 2174 1554 2232 ipse
1583 2187 1661 2231 per

96 2247 162 2294 W.
195 2262 218 2294 c
257 2283 1337 2296 .........................
1371 2266 1451 2309 que
1489 2265 1565 2309 per
1602 2253 1660 2296 30

97 2340 205 2384 pene
233 2327 347 2372 viros
376 2328 579 2373 tredecim
608 2328 754 2372 diebus
785 2329 858 2373 vix
878 2329 1120 2385 eradicavit,
1152 2333 1194 2373 et
1213 2330 1268 2373 ad
1288 2330 1506 2374 ecclesiam
1527 2331 1662 2374 sancti

98 2404 187 2449 Viti
216 2406 527 2450 resarciandam
558 2410 766 2464 oportuna
794 2407 1028 2464 primordia
1056 2408 1206 2451 sternit
1227 2421 1304 2465 per
1325 2406 1598 2452 Godefridum
1619 2411 1661 2452 et

99 2482 401 2530 Anschelmum
431 2498 527 2529 cum
558 2485 651 2528 auri
674 2497 829 2540 marca,
862 2498 965 2541 quos
986 2485 1123 2542 pridie
1144 2499 1170 2528 a
1191 2485 1413 2529 Stabulaus
1433 2486 1479 2529 in
1498 2486 1580 2542 id0,
1601 2485 1661 2530 ibi

99 2562 260 2619 positus
290 2576 398 2620 pene
427 2576 505 2621 pro
536 2563 665 2607 simili
696 2561 891 2607 edificiali
921 2576 1059 2620 opere,
1089 2563 1199 2607 istuc
1228 2563 1475 2608 transmisit.

219 2716 260 2761 A
279 2717 480 2774 magistro
501 2718 718 2763 Isenboldo
740 2718 791 2762 de
812 2718 946 2761 sancti
966 2717 1086 2761 Pauli
1107 2717 1286 2775 apostoli
1305 2718 1427 2762 titulo
1458 2721 1501 2763 et
1531 2718 1660 2763 eccle-
1686 2724 1780 2760 1146

102 2794 166 2840 sia
184 2794 527 2841 Halverstadensi
556 2796 805 2841 transmissa
835 2799 900 2840 est
928 2795 1006 2840 hec
1035 2795 1222 2840 subiecta
1251 2796 1430 2854 epistola
1458 2796 1658 2854 Elvingo:

200 2905 227 2927 fl..
247 2896 358 2927 Bertho
381 2908 431 2937 ap.
448 2899 607 2929 Pertzium.
690 2897 719 2928 b.
742 2896 830 2928 Corb.
853 2909 878 2927 c.
962 2905 987 2927 c.
1009 2899 1141 2938 sequitur
1162 2899 1264 2928 litura.

198 2962 230 2997 1.
256 2960 411 3008 Iuditae,
435 2962 570 2999 sororis
594 2961 758 2999 Heinrici
781 2961 799 2998 Ι
822 2960 908 2999 abb.
933 2960 1175 2999 Corbeiensis.

1686 2772 1778 2809 1147
