1930 3224
575 190 782 222 mans
813 189 1120 223 communiens
1574 176 1628 221 31

80 284 332 329 Werthinam
354 286 616 343 pertinentes,
650 301 826 344 quarum
855 288 1074 330 novissima
1105 293 1163 330 est
1190 286 1291 329 anni
1308 284 1414 340 840,
1447 300 1633 343 quaeque

73 377 211 406 omnes
238 364 314 407 uni
342 371 381 407 et
411 364 541 407 eidem
571 365 715 407 manui
738 364 1095 421 Anqlosaoeonicae
1127 365 1322 408 debentur
1330 380 1346 419 ‚·
1376 371 1422 406 ut
1452 378 1522 406 eas
1552 364 1631 405 cir-

72 441 172 485 citer
201 441 342 484 eodem
374 456 482 485 anno
513 440 605 484 840
633 441 771 484 illatas
802 457 885 484 esse
915 443 1079 501 liqueat.

189 518 230 563 3.
276 518 442 563 Deinde
479 520 561 576 ipsi
599 519 814 562 annales
847 520 1182 563 Corbeienses
1218 520 1269 562 ab
1308 533 1417 562 anno
1448 517 1538 561 822
1577 518 1635 561 ad

72 611 227 640 annum
249 596 366 640 1117
390 604 548 654 patent,
580 597 652 655 qui
680 597 801 640 rebus
832 613 935 655 quas
966 604 1144 640 tractant
1166 597 1411 655 plerumque
1442 596 1634 654 aequales

70 681 173 718 sunt.
221 673 329 718 Eius
356 675 420 718 rei
449 675 687 717 documento
719 682 777 717 est
805 690 1005 717 manuum
1034 676 1225 729 varietas,
1259 690 1436 733 quarum
1467 675 1633 733 quidem

64 753 210 811 prima
239 767 321 796 uno
352 759 532 810 tempore
558 768 624 795 res
640 759 776 810 qestas
797 767 1001 795 annorum
1020 752 1262 796 822—879
1285 753 1441 809 attulit‚·
1472 768 1523 796 ea·
1553 768 1632 811 quo

67 831 334 888 perspicuum
365 837 432 885 est,
465 831 644 873 codicem
673 830 886 873 intervallo
919 846 1123 873 annorum
1151 826 1267 874 840ι
1287 855 1335 861 -
1362 846 1394 873 c.
1415 830 1508 874 879
1535 831 1633 874 Cor-

72 908 206 952 beiam
234 908 317 951 sive
336 907 588 951 Monosterio
620 909 703 951 sive
734 923 784 951 eo>
814 909 1005 951 coenobio
1036 907 1308 951 Werthinensi
1335 909 1515 951 delatum
1539 924 1633 951 esse.

71 985 146 1029 Ex
175 986 387 1029 annalium
415 986 692 1044 scriptoribus,
727 1001 828 1044 quos
850 1002 969 1029 nemo
990 993 1109 1043 neyet
1126 987 1364 1029 monasterii
1386 987 1635 1030 Corbeiensis

71 1064 232 1107 sodales
252 1062 408 1122 fuisse,
439 1079 545 1106 unus
574 1064 696 1106 modo
729 1064 863 1122 qualis
883 1064 1021 1122 fuer-it
1050 1064 1352 1122 quodammodo
1386 1065 1539 1122 aperit,
1579 1065 1637 1107 ad

73 1157 227 1185 annwm
247 1141 367 1184 1028
386 1148 560 1184 aetatem
578 1157 696 1184 suam
718 1157 1049 1185 commemorans.
1099 1142 1312 1184 Caeterum
1335 1141 1636 1184 Corbeiensium

74 1227 113 1263 et
133 1219 572 1277 Quedlinburyensium
603 1220 816 1262 annalium
847 1220 1095 1281 affinitatem
1118 1221 1283 1277 primus
1311 1221 1413 1262 vidit
1432 1219 1633 1277 Lappen-

74 1291 283 1356 berqius'5
320 1297 414 1340 licet
449 1298 574 1341 obstet
610 1305 694 1341 tam
726 1299 876 1356 exiqua
911 1313 1051 1340 rerum
1082 1299 1350 1340 communitas
1358 1293 1385 1352 ³,
1420 1299 1636 1356 quominus

73 1390 157 1434 qua
185 1375 346 1418 ratione
376 1390 590 1418 consensus
618 1376 687 1419 ille
718 1376 884 1435 effectus
914 1377 966 1419 sit
995 1383 1186 1419 accurate
1210 1377 1524 1433 perspiciamus.

189 1453 231 1496 4.
277 1453 377 1496 Post
405 1454 573 1510 triqinta
593 1453 692 1512 fere
724 1469 854 1497 annos
885 1469 1010 1513 quam
1037 1453 1229 1497 monachi
1259 1455 1469 1511 adauyere
1499 1455 1637 1498 breves

75 1530 244 1574 annales
278 1546 373 1573 suos
407 1531 662 1585 destiterunt,
702 1531 890 1575 Wibaldo
929 1548 1037 1574 anno
1069 1531 1191 1575 1146
1229 1533 1375 1575 abbate
1402 1531 1522 1590 facto
1554 1539 1636 1575 stu-

74 1609 232 1667 diisque
260 1609 489 1652 litterarum
521 1609 716 1653 Corbeiae
754 1626 898 1652 rursus
930 1611 1131 1664 excitatis,
1170 1611 1360 1653 uberiore
1398 1611 1638 1653 narratione

73 1701 138 1729 res
160 1686 417 1730 Corbeienses
447 1688 566 1730 annis
591 1687 712 1731 1145
719 1687 894 1730 -1147
921 1696 1057 1745 qestas
1085 1703 1171 1730 una
1203 1703 1295 1730 cum
1318 1688 1640 1732 narratiunculis

75 1764 318 1822 quibusdam
348 1766 500 1822 priora
538 1771 724 1822 tempora
764 1766 1051 1823 attinqentibus
1095 1766 1140 1807 in
1186 1767 1442 1823 maryinibus
1487 1767 1638 1808 codicis

73 1842 203 1884 nostri
233 1843 419 1900 exposuit
447 1843 622 1899 scriptor
643 1843 776 1899 paulo
806 1844 954 1886 rudior
984 1851 1023 1886 et
1051 1844 1258 1886 tumidior.
1323 1844 1455 1898 Quem
1490 1843 1636 1886 cliro-

74 1919 395 1978 noyraplium
418 1920 771 1963 Corbeiensem
803 1921 1098 1978 appellandum
1119 1922 1342 1964 arbitratus
1361 1937 1452 1964 sum
1472 1923 1637 1980 eiusque

74 1998 228 2055 scripta
259 1999 310 2041 ab
330 1998 431 2055 ipsis
452 1999 670 2041 annalibus
688 1999 956 2056 seqreqanda,
989 2014 1072 2041 non
1096 1999 1218 2041 modo
1241 1999 1354 2057 quod
1373 2006 1410 2042 et
1428 1999 1638 2058 referendi

72 2089 221 2132 ¹qenere
262 2076 416 2133 procul
456 2076 508 2119 ab
562 2076 725 2119 illorum
771 2077 964 2119 brevitate
1010 2076 1247 2131 abhorrent,
1293 2077 1366 2119 sed
1408 2084 1455 2119 ut
1500 2078 1634 2130 etiam,

76 2139 339 2211 quaecunque
375 2154 586 2211 scriptoris
622 2153 742 2196 huius
772 2170 899 2196 manu
938 2155 982 2197 in
1014 2155 1192 2197 codicem
1229 2155 1386 2212 inqesta
1424 2170 1508 2197 esse
1537 2155 1635 2209 vidi,

77 2245 126 2273 ea
157 2231 296 2273 omnia
325 2246 452 2273 unum
482 2232 555 2274 sub
587 2238 794 2288 aspectum
821 2232 1084 2275 subiciantur.
1132 2232 1297 2274 Nomen
1317 2231 1499 2275 historici
1518 2234 1635 2290 iqno-

74 2315 193 2351 ratur
228 2323 359 2367 neque
397 2309 622 2367 quidquam
650 2309 778 2351 uliud
815 2310 865 2352 de
904 2325 949 2352 eo
989 2310 1145 2352 ostendi
1172 2317 1329 2367 potest,
1376 2311 1457 2353 nisi
1491 2326 1635 2353 mona-

74 2386 187 2428 sterii
216 2386 466 2430 Corbeiensis
493 2387 628 2429 medio
658 2387 792 2429 seculo
813 2386 912 2430 XII
922 2387 1058 2445 fuisse
1087 2383 1264 2430 socium⁴
1296 2403 1486 2446 annoque
1514 2387 1636 2430 1147

76 2459 311 2520 leqationis‘
342 2463 484 2525 officio
515 2465 560 2507 in
590 2465 783 2507 coenobio
813 2464 1081 2508 Kemnatensi
1100 2465 1295 2524 functum
1327 2481 1421 2509 esse.

116 2590 123 2595 ⁶
194 2541 384 2585 Berolini
411 2541 443 2585 8
471 2540 569 2585 Idus
602 2541 796 2585 Octobres
825 2557 862 2584 a.
885 2542 1014 2585 1863.

170 2645 205 2682 1.
229 2645 325 2683 Vide
349 2655 444 2692 quae
467 2656 578 2692 supra
601 2646 679 2682 dixi
703 2645 749 2682 de
773 2645 966 2683 annalibus
990 2649 1056 2682 aut
1078 2646 1426 2683 MonasterienSibus
1449 2649 1514 2683 aut
1533 2646 1636 2684 Wer-

79 2702 323 2742 thinensibus.
403 2707 437 2742 2.
468 2705 507 2741 in
530 2705 670 2743 Archiv
695 2705 755 2742 fiir
777 2706 891 2742 iiltere
915 2706 1094 2743 deutsche
1118 2706 1252 2743 Gesch.
1277 2706 1342 2743 VI.
1359 2706 1440 2742 641.
1520 2707 1554 2743 3.
1586 2706 1635 2743 ad

75 2774 191 2802 annos
214 2765 295 2810 822,
311 2765 392 2810 844,
410 2765 490 2811 865,
507 2766 588 2811 866,
613 2767 693 2812 873,
712 2766 792 2812 929,
810 2766 890 2812 933,
908 2766 989 2802 937.
1061 2766 1096 2802 4.
1121 2765 1160 2802 id
1183 2766 1263 2811 ipse
1287 2765 1499 2811 saepissime
1514 2766 1635 2813 ,signi-

75 2822 163 2862 ficat
183 2824 255 2862 hoc
279 2825 406 2862 modo:
438 2824 696 2873 „affirmabant
719 2824 835 2872 fures,
868 2836 936 2862 nos
958 2825 1054 2862 velle
1079 2825 1264 2862 revisere“
1289 2829 1358 2862 cet.
1431 2826 1466 2863 5.
1491 2825 1538 2863 de
1561 2837 1635 2873 qua

76 2883 162 2922 vide
185 2895 280 2931 quae
303 2885 410 2922 affert
433 2885 480 2923 ad
504 2896 642 2922 annum
667 2886 775 2922 1147:
807 2885 975 2932 „—dum
1008 2884 1188 2931 fungebar
1211 2885 1249 2921 in
1273 2885 1394 2922 locum
1418 2885 1539 2932 ipsum
1563 2885 1634 2923 fra-

77 2946 175 2981 trum
199 2948 405 2982 nostrorum
430 2945 478 2982 ad
502 2945 679 2983 decanam
703 2949 741 2982 et
764 2945 1039 2992 prepositissam
1063 2945 1272 2992 legatione“
1296 2948 1366 2982 cet.
