1924 3288
147 315 238 351 1151

157 366 229 404 post

286 205 374 248 476
791 216 989 247 erALm
1018 215 1237 247 nmsrom
1268 218 1339 248 343.

287 310 478 367 sublimi,
515 310 883 368 Porphirogenito,
914 310 1132 355 Wiboldus
1162 311 1242 355 Dei
1272 310 1409 367 gratia
1438 310 1615 356 duorum
1642 309 1847 358 nobilium

125 406 209 446 Sept.
224 406 263 436 15
285 389 634 434 monasteriorum
655 389 796 444 abbas,
822 387 1080 432 Stabulensis
1103 389 1261 433 scilicet
1281 392 1323 432 et
1343 387 1557 444 Corbeiae,
1588 389 1784 434 devotum
1804 393 1848 435 et

128 1881 213 1920 Sept.
223 1881 262 1911 15

284 471 535 525 perpetuum
563 466 609 509 in
628 466 809 510 Domino
839 465 1088 510 famulatum
1109 470 1151 510 et
1170 466 1360 510 assiduas
1381 466 1435 509 ad
1454 465 1592 510 Deum
1621 467 1844 512 orationes.

403 543 615 599 Largitori
645 544 832 587 omnium
863 543 1066 587 bonorum
1085 543 1174 588 Deo
1205 542 1391 587 infinitas
1411 544 1643 599 gratiarum
1663 544 1846 590 actiones

284 622 526 677 referimus,
567 622 637 678 qui
667 624 833 665 vestrae
869 622 1180 666 mansuetudini
1216 622 1412 677 dignatus
1443 625 1508 665 est
1534 621 1764 679 inspirare,
1797 625 1848 667 ut

284 703 453 743 nostrae
481 699 684 757 parvitati
714 699 896 742 scribere
909 695 920 716 ¹
950 702 992 742 61
1022 699 1072 742 (16
1103 702 1267 762 vestrae
1294 698 1523 743 voluntatis
1551 702 1659 743 nutu
1688 698 1848 755 signifi-

285 791 380 821 care
411 777 702 832 dignaremini.
759 776 953 820 Facimus
983 777 1138 832 itaque,
1171 777 1282 833 quod
1311 777 1515 831 iussistis;
1549 779 1592 821 et
1618 776 1846 822 humilibus

285 858 408 912 atque
439 854 619 898 assiduis
649 854 844 912 precibus
866 854 948 898 Dei
978 854 1277 910 omnipotentis
1308 854 1570 898 clementiam
1601 867 1699 898 cum
1725 854 1848 900 nobis

284 932 518 976 commissis
547 931 749 975 fratribus
781 945 954 975 exorare
986 932 1214 987 studemuS,
1245 935 1294 975 ut
1315 935 1405 975 tam
1424 935 1589 976 vestrae
1609 931 1847 977 celsitudini

285 1024 409 1067 quam
441 1010 609 1053 domino
629 1023 738 1065 meo,
768 1010 890 1053 fratri
919 1013 1073 1065 vestm,
1105 1009 1331 1063 C(onrado)
1351 1009 1636 1054 Romanorum
1664 1010 1848 1067 impera-

284 1089 367 1132 tori
398 1090 574 1143 augusto
605 1088 828 1131 sanitatem
861 1091 903 1131 et
930 1087 1258 1131 incolomitatem
1290 1090 1332 1130 et
1355 1087 1407 1131 de
1426 1087 1608 1131 inimicis
1628 1087 1848 1132 victoriam

285 1165 474 1209 conferre
494 1165 702 1221 dignetur,
734 1168 777 1208 et
796 1164 943 1208 dilatet
963 1169 1087 1222 atque
1108 1163 1348 1220 magnificet
1367 1165 1546 1222 imperia
1563 1167 1705 1209 vestra
1724 1178 1851 1223 super

285 1243 426 1287 omnia
453 1256 584 1298 regna
614 1242 726 1286 orbis
755 1245 977 1299 terrarum,
1009 1243 1117 1286 sicut
1147 1242 1297 1300 priscis
1329 1242 1588 1300 temporibus
1617 1242 1747 1288 fuisse
1772 1257 1850 1302 per

283 1321 481 1364 historias
519 1323 710 1364 veterum
746 1324 1063 1376 cognoscuntur.
1130 1320 1358 1364 Hortamur
1395 1320 1522 1364 etiam
1561 1323 1604 1365 et
1639 1320 1849 1366 continuis

285 1399 456 1443 monitis
504 1397 786 1454 suggerimus,
831 1401 880 1441 ut
922 1397 1135 1455 precelsus
1177 1401 1218 1442 et
1255 1397 1581 1454 gloriosissimus
1618 1398 1851 1456 imperator

285 1480 430 1521 noster
459 1476 693 1520 amiciciam
724 1478 766 1518 et
795 1475 1038 1519 societatem
1059 1478 1242 1519 vestram
1272 1473 1454 1519 fideliter
1484 1488 1533 1520 ac
1553 1474 1731 1520 firmiter
1750 1489 1849 1522 oon-

285 1557 425 1598 servet
454 1557 497 1598 et
527 1553 668 1597 omnia
686 1556 852 1596 vestrae
880 1553 1093 1597 maiestati
1122 1553 1332 1610 promissa
1356 1553 1447 1596 sine
1465 1552 1553 1596 ulla
1572 1553 1850 1600 diminutione

285 1632 505 1690 compleat.
548 1631 596 1674 In
627 1645 708 1687 quo
729 1631 944 1688 proposito
964 1631 1057 1688 ipse
1075 1630 1342 1674 felicissimus
1362 1631 1559 1688 princeps
1579 1644 1676 1675 cum
1694 1645 1850 1688 magna

284 1711 438 1754 mentis
459 1709 694 1753 constantia
712 1722 1001 1765 perseveram,
1023 1709 1189 1752 ordinat
1202 1708 1382 1752 viriliter
1403 1708 1714 1766 expeditionem
1728 1722 1849 1754 suam

285 1788 340 1831 ad
368 1791 510 1846 partes
533 1786 700 1830 Siciliae
731 1789 773 1830 et
791 1785 973 1844 Apuliae
999 1790 1146 1831 contra
1165 1799 1427 1830 communem
1446 1786 1609 1830 hostem
1630 1786 1849 1845 utriusque

284 1865 465 1923 imperii.
527 1864 629 1908 Inde
668 1866 751 1919 est,
791 1864 902 1920 quod
938 1864 1150 1908 mediante
1185 1864 1387 1922 preterito
1424 1877 1568 1908 mense
1604 1863 1850 1922 Septembre

287 1943 399 2001 apud
437 1942 651 1986 civitatem
681 1941 943 1998 Herbipolim
983 1942 1184 1999 quosdam
1214 1941 1427 1999 principes
1457 1941 1627 2000 imperii
1657 1942 1723 1986 sui
1752 1930 1849 1987 evo·

286 2021 418 2075 cavit3
457 2020 531 2064 ubi
569 2020 697 2064 etiam
733 2023 1017 2064 convenerunt
1047 2018 1306 2064 Coloniensis
1342 2019 1679 2077 archiepiscopus
1687 2016 1717 2077 ²,
1746 2018 1849 2065 Bro-

285 2098 442 2142 mensis
474 2098 811 2155 archiepiscopus
819 2094 848 2153 ³,
879 2097 1244 2141 Halverstadensis
1265 2082 1485 2155 episcopus
1494 2094 1522 2153 ⁴,
1553 2096 1739 2142 Cicensis
1761 2097 1848 2158 epir

288 2189 438 2233 scopus
446 2172 474 2231 ⁵,
518 2174 877 2231 Bavenbergensis
917 2176 1136 2233 episcopus
1146 2172 1176 2231 ⁶,
1221 2174 1553 2231 Mersburgensis
1592 2171 1847 2234 episeopm',

287 2252 602 2311 Herbipolensis
624 2253 843 2310 episcopus
851 2250 881 2309 ⁸,
905 2253 1225 2309 Argentinensis
1246 2253 1465 2310 episcopus
1475 2249 1505 2309 ⁹,
1525 2239 1849 2298 Wormaciensis

289 2331 508 2389 episcopus
517 2327 558 2386 ¹⁰,
588 2329 813 2386 Pragensis
835 2328 1086 2388 episcopus¹¹
1113 2334 1156 2375 61
1183 2330 1312 2386 legati
1343 2330 1602 2374 diversorum
1633 2330 1848 2388 episcopo-

288 2423 382 2453 rum
399 2422 447 2452 ac
460 2408 722 2466 principum3
746 2411 788 2451 61
808 2409 858 2452 (16
878 2408 996 2452 laicis
1017 2408 1277 2466 principibus
1295 2411 1576 2451 convenerunt
1594 2407 1780 2452 marchio
1796 2408 1848 2452 de

287 2486 420 2531 witin
429 2483 470 2543 ¹¹,
498 2485 684 2529 marchio
706 2485 758 2528 (16
777 2482 1124 2541 Brandeburch¹⁸,
1144 2485 1355 2543 palatinus
1375 2498 1514 2529 comes
1534 2485 1586 2529 de
1606 2482 1846 2542 Bawaria¹⁸‚

289 2578 427 2608 comes
459 2564 509 2608 de
528 2562 831 2607 wincenburch
840 2561 866 2583 ¹⁶
886 2564 930 2606 in
954 2563 1150 2618 Saxonis,
1181 2563 1390 2620 prefectus
1417 2562 1534 2606 urbis
1554 2559 1845 2619 Moguntiae¹⁸,

288 2643 499 2700 prefectus
523 2641 639 2685 urbis
660 2637 945 2698 Herbipolis¹⁷,
977 2641 1184 2697 prefectus
1215 2640 1331 2684 urbis
1352 2636 1671 2695 Bavenberch¹⁸,
1701 2642 1744 2683 et
1774 2639 1847 2684 alii

383 2725 418 2760 1.
434 2723 482 2760 V.
491 2722 629 2768 ep.325
643 2732 754 2768 supra
767 2722 892 2767 11454.
968 2723 1001 2758 2.
1020 2721 1207 2758 Amoldus
1222 2722 1271 2758 II.
1343 2722 1378 2758 3.
1394 2720 1611 2758 Hsrtwicus.
1684 2721 1721 2758 4.
1737 2720 1846 2758 udal·

289 2783 399 2820 ricus.
487 2783 520 2819 5.
539 2781 817 2819 wichmannus.
908 2782 943 2817 6.
957 2781 1204 2818 Eberhardus.
1292 2781 1326 2818 7.
1343 2780 1584 2818 Reinhardus.
1667 2781 1703 2817 8.
1727 2779 1845 2817 Gebe-

290 2842 439 2879 hardus.
512 2842 546 2877 9.
571 2840 817 2878 Burehardus.
891 2841 949 2876 10.
967 2840 1166 2877 Conradus.
1242 2841 1298 2877 11.
1319 2839 1450 2876 Daniel
1466 2839 1496 2875 1.
1571 2840 1626 2876 12.
1643 2838 1844 2876 Conradus.

292 2903 348 2938 13.
366 2901 556 2938 Albertus.
631 2900 686 2937 14.
703 2901 801 2937 Otto.
874 2900 930 2935 15.
947 2899 1206 2936 Herimannus.
1273 2900 1328 2936 16.
1345 2898 1565 2936 Ludovieus.
1631 2898 1687 2935 17.
1703 2898 1843 2946 Poppo.

290 2961 347 2997 18.
372 2960 617 2998 Guiohardus.
