1924 3288
324 177 411 221 284
826 188 1024 220 wmALm
1053 189 1270 221 nms'rom
1301 189 1372 221 167.

209 286 301 324 1149
324 283 512 339 neglecta
549 283 812 341 dispendium
850 284 981 340 parit,
1019 297 1104 327 non
1141 297 1266 328 aurae
1302 283 1516 341 popularis
1546 284 1700 330 amisso
1723 285 1875 345 ,dispu-

322 361 519 405 tationis⁸
548 361 759 419 preconio,
790 364 854 405 set
882 361 994 405 vitae
1023 361 1167 419 pocius
1199 365 1322 418 atque
1350 375 1515 405 morum
1544 362 1823 408 detrimento-1·
1871 392 1875 395 >

439 438 568 482 Porro
609 438 719 495 quod
755 437 1015 495 eloquentiae
1050 439 1155 483 mihi
1189 440 1426 497 portionem
1460 438 1649 496 aliquam,
1672 440 1881 497 tribuisti,

320 516 520 560 iudicium
555 519 676 559 tuum
715 529 856 559 amore
890 516 1076 560 illectum
1106 520 1171 561 est
1200 530 1249 560 ac
1278 517 1511 574 deceptum.
1554 516 1635 561 Est
1663 517 1776 562 enim
1795 531 1874 566 21³oe

320 607 397 638 nec
425 594 547 651 parvi
576 594 777 651 temporis
807 607 884 637 nec
914 593 1055 650 exigui
1084 594 1212 638 studii
1239 607 1316 638 nec
1338 593 1526 638 modicae
1547 595 1878 653 exercitation‘n,¹

321 671 427 715 scire
465 671 552 715 vim
590 674 632 715 et
669 674 864 714 naturam
895 672 1149 727 animorum,
1189 672 1372 715 excitare
1402 671 1565 728 pigros,
1603 673 1751 718 sistere
1777 685 1873 718 zur·-

319 752 458 793 rentes
490 752 532 792 et
560 752 762 805 tanquam
789 749 962 793 habenis
994 749 1243 805 quibusdam
1272 749 1512 806 potentibus
1535 748 1870 795 circumflectere.

318 826 439 871 Licet
467 826 579 870 enim
609 830 760 870 natura
789 827 844 871 sit
873 826 1023 871 habilis
1054 831 1096 870 et
1126 827 1180 870 ad
1208 827 1469 884 recipiendas
1500 827 1872 884 quascunquefor·

318 918 410 948 mas
440 903 579 947 mollis
611 908 736 961 atque
765 904 1012 960 tractabilis,
1044 905 1232 961 quamvis
1265 904 1450 948 eruditor
1480 903 1702 960 diligenter
1731 907 1778 949 et
1802 917 1884 949 co·-

317 982 436 1040 piose
465 982 624 1038 tradat,
663 985 825 1037 tamen,
857 981 894 1025 si
922 982 1151 1038 frequentis
1181 995 1282 1025 usus
1314 982 1422 1025 actio
1452 982 1582 1038 desit,
1613 995 1720 1039 qnae
1747 981 1872 1039 longe

319 1074 344 1104 a
374 1059 566 1103 claustris
596 1059 894 1103 monachorum
924 1059 1086 1103 seclusa
1114 1062 1190 1114 est,
1221 1058 1363 1102 lumen
1384 1059 1410 1102 a
1428 1059 1612 1103 tenebris
1633 1058 1870 1116 suffocatur,

317 1138 427 1193 ignis
465 1137 491 1181 a
525 1137 664 1181 cinere
699 1150 784 1180 11011
815 1136 940 1180 alitur
971 1140 1036 1180 set
1065 1136 1335 1191 extinguitur.
1389 1136 1563 1194 Oportet
1592 1140 1801 1181 oratorem
1821 1139 1877 1182 2et

317 1215 428 1259 vinci
465 1218 508 1258 et
542 1215 729 1270 vincere,
766 1217 814 1257 ut
851 1214 1016 1257 noverit
1052 1227 1098 1258 se
1135 1217 1177 1258 et
1214 1227 1310 1257 suos
1351 1217 1394 1258 et
1429 1218 1546 1258 scuto
1581 1217 1800 1272 protegere
1829 1217 1873 1259 et

316 1293 455 1349 gladio
485 1292 622 1336 ferire.
668 1290 781 1348 Lege
801 1291 1104 1343 Quintilianum
1125 1291 1176 1335 de
1195 1291 1458 1336 institutione
1488 1292 1684 1348 oratoria,
1716 1292 1789 1349 qui
1817 1291 1877 1337 ab

315 1374 434 1414 utero
470 1370 618 1413 matris
659 1372 898 1426 susceptum
936 1369 1139 1413 infantem
1167 1368 1315 1413 limare
1344 1366 1515 1426 incipit¹
1544 1372 1588 1413 et
1615 1369 1797 1414 formare
1807 1369 1870 1414 ·.111

317 1448 494 1492 oratoris
531 1447 706 1504 perfecti
745 1446 1035 1490 substantiam.
1083 1446 1197 1490 Haec
1236 1447 1299 1490 vis
1334 1449 1458 1503 atque
1487 1447 1679 1504 potentia
1703 1446 1870 1503 longius

317 1526 342 1569 a
370 1528 516 1569 nostra
545 1527 656 1568 etate
685 1524 870 1568 recessit.
917 1523 1122 1575 Quoniam
1144 1524 1279 1567 omnis
1302 1523 1560 1568 iurisdictio*
1581 1527 1656 1568 aut
1685 1527 1750 1568 est
1777 1537 1870 1569 aec-

315 1603 549 1647 clesiastica
585 1602 651 1646 vel
687 1601 898 1645 secularis.
945 1601 1002 1645 Et
1031 1601 1076 1644 in
1105 1601 1195 1644 foro
1227 1601 1395 1658 quidem
1423 1601 1490 1645 ius
1520 1601 1664 1646 dicunt
1692 1601 1789 1646 laici
1817 1601 1869 1646 il-

313 1680 507 1735 litterati,
548 1679 708 1737 optima
736 1679 946 1722 interdum
981 1682 1133 1722 natura
1159 1669 1335 1736 ⁷prediti3
1377 1681 1442 1722 set
1469 1682 1610 1723 tamen
1639 1679 1684 1723 in
1713 1679 1868 1737 populo

315 1757 564 1802 Germaniae
609 1771 707 1800 rara
749 1756 1009 1800 declamandi
1050 1756 1302 1800 consuetudo
1339 1756 1522 1800 breviter
1559 1759 1602 1800 et
1638 1757 1758 1814 quasi
1791 1770 1869 1816 per

315 1836 494 1893 quedam
522 1838 680 1892 puncta
709 1833 970 1890 significandi
1001 1834 1140 1891 potius
1171 1847 1297 1891 quam
1327 1833 1581 1891 explanandi
1608 1848 1733 1879 usum
1754 1834 1867 1880 fecit.

313 1913 462 1958 Altera
498 1913 602 1956 iuris
639 1926 761 1970 pars,
809 1926 914 1969 quae
954 1912 1153 1956 canonica
1190 1915 1383 1968 vocatur,
1429 1925 1456 1955 a
1490 1911 1594 1955 viris
1630 1911 1868 1958 litterarum

314 1991 567 2035 doctissimis
606 1990 958 2046 amministratur,
1000 1989 1148 2046 quibus
1186 1989 1231 2032 in
1262 2002 1334 2032 ore
1363 1993 1428 2033 est
1455 1989 1525 2033 lex
1554 1988 1656 2045 Dei,
1695 2003 1748 2034 ex
1785 2000 1877 2047 qua¹

315 2069 509 2112 audiunt:
539 2069 683 2112 Nolite
711 2070 913 2121 iudicare,
945 2077 991 2111 ut
1020 2082 1104 2111 non
1132 2069 1376 2110 indicemini
1382 2063 1411 2120 ²,
1443 2081 1520 2124 per
1542 2080 1670 2124 quam
1688 2067 1866 2124 discunt,

315 2147 426 2204 quod
456 2146 568 2203 apud
598 2145 846 2190 christianos
876 2145 1004 2189 miser
1034 2147 1116 2200 est,
1147 2157 1231 2188 non
1261 2144 1333 2200 qui
1361 2145 1541 2201 patitur,
1573 2148 1636 2188 set
1665 2145 1737 2202 qui
1765 2144 1868 2189 facit

314 2224 523 2268 iniuriam.
579 2223 626 2267 In
665 2223 738 2267 illo
777 2223 931 2266 summi
965 2222 1217 2278 legislatoris
1255 2221 1390 2265 edicto
1429 2222 1590 2277 legunt:
1632 2222 1702 2268 Sit
1733 2237 1865 2267 emo

314 2311 464 2346 vester.-
502 2303 600 2356 Est,
649 2310 728 2353 e8t3
766 2301 887 2354 Non,
927 2316 1034 2351 mn,-
1081 2301 1194 2357 quod
1230 2308 1365 2343 autem
1402 2300 1466 2342 hie
1503 2300 1685 2358 amplius
1721 2309 1798 2354 eet,
1836 2317 1866 2344 a

314 2381 425 2423 malo
457 2375 548 2423 esst.
594 2378 652 2422 Et
686 2391 794 2422 unus
825 2377 1003 2422 eximiae
1037 2377 1150 2420 illius
1180 2377 1320 2420 curiae
1349 2380 1489 2420 orator
1518 2377 1639 2421 dicit:
1677 2378 1866 2436 Amputa

315 2458 583 2516 obprobrium
611 2471 759 2510 meum,
795 2457 907 2513 quod
935 2457 1168 2513 suspicatus
1197 2451 1322 2498 ouon‘.
1419 2453 1465 2497 Si
1495 2467 1593 2510 ergo
1622 2467 1701 2499 nec
1729 2454 1864 2512 suspi-

314 2535 434 2578 cione
470 2547 547 2578 nec
584 2533 821 2578 coniectura
857 2546 934 2576 nec
969 2532 1184 2576 occasione
1214 2531 1372 2588 aliquid
1400 2530 1466 2575 vel
1497 2531 1550 2575 ad
1578 2532 1863 2589 probandum⁶

314 2611 380 2656 vel
426 2612 479 2655 ad
523 2624 608 2654 non
646 2610 906 2668 probandum
947 2610 1192 2665 assumitur,
1237 2612 1369 2653 restat
1407 2609 1586 2665 simplex
1622 2609 1863 2654 constitutio

314 2703 484 2734 causae:
522 2689 705 2733 Fecisti?
734 2689 886 2732 »Feci«
917 2687 984 2732 vel
1016 2688 1141 2731 »Non
1158 2683 1315 2744 feci«⁶.
1435 2686 1521 2744 Ipsi
1551 2686 1770 2742 gentilium
1799 2687 1862 2731 di-

407 2817 435 2838 a.
462 2807 667 2847 disputatione
689 2819 715 2838 c.
797 2806 826 2836 b.
854 2806 1005 2837 inrisditio
1027 2818 1052 2837 c.
1135 2815 1160 2836 c.
1187 2804 1235 2836 vel
1256 2804 1479 2845 approbandum
1501 2817 1526 2836 c.

408 2872 441 2907 1.
465 2871 507 2907 L.
531 2870 566 2916 Ι,
593 2871 627 2907 1.
715 2871 750 2907 2.
774 2869 902 2906 Matth.
928 2870 960 2915 7,
986 2870 1020 2906 1.
1113 2869 1147 2905 3.
1173 2867 1301 2905 Matth.
1325 2867 1366 2914 5,
1391 2868 1449 2904 37.
1544 2869 1581 2905 4.
1604 2868 1665 2905 Ps.
1691 2868 1777 2915 118,
1801 2868 1860 2905 39.

314 2931 347 2966 5.
374 2929 430 2967 Cf,
455 2930 621 2967 ciceron.
645 2930 692 2967 de
715 2930 926 2967 inventione
948 2929 974 2966 l.
990 2929 1019 2965 Ι.
1044 2929 1077 2975 8,
1103 2929 1159 2965 10.
