1924 3288
309 198 392 243 172
820 209 1018 241 wmAnm
1045 208 1262 241 nmsrom
1289 209 1338 240 ⁹⁷.

191 308 282 345 1148
305 305 568 362 presentibus
579 306 606 360 ³,
638 304 884 348 sublimitati
906 307 1070 348 vestrae
1089 304 1390 348 intimaremus.
1428 304 1563 362 Quae,
1582 305 1629 350 in
1647 308 1850 362 quatum

304 383 515 428 recordari
543 395 778 440 possumus,
810 381 871 425 sic
899 395 945 426 se
973 381 1110 426 habet.
1171 381 1468 426 Monasterium
1497 383 1631 428 saneti
1658 382 1849 429 Medndi

304 460 430 506 habet
458 461 504 504 in
533 459 753 517 parrochia
775 449 1002 503 'Leodiensi
1031 459 1223 516 predium
1253 459 1421 504 nomine
1450 459 1680 516 Hanzines3
1712 460 1739 505 a
1766 473 1848 518 quo

305 552 388 584 non
417 538 539 594 longe
567 540 773 581 remotum
804 539 868 580 est
896 536 1009 580 aliud
1038 536 1229 594 predium
1258 537 1426 581 nomine
1445 529 1709 595 Hanzineles,
1738 538 1851 595 quod

305 616 513 660 canonicis
544 614 741 659 ecclesiae
770 614 883 658 beati
905 613 1119 659 Lamberti
1146 614 1342 671 pertinet,
1373 615 1489 659 cuius
1517 615 1655 673 predii
1682 618 1850 662 aarum

305 697 347 738 et
384 693 618 750 prepositus
654 705 730 749 pro
762 691 854 736 aliis
885 692 1170 736 concanonicis
1201 692 1286 736 suis
1317 696 1382 736 est
1408 693 1621 750 predictus
1649 693 1850 750 magister

303 770 603 824 B(aldovinus).
649 769 698 813 In
717 769 967 814 Hanzineles
995 772 1060 814 est
1078 769 1280 827 cappella,
1312 783 1418 826 quae
1437 769 1628 828 synodali
1654 773 1699 815 et
1719 783 1848 816 cano·

303 850 396 894 nico
426 850 517 892 iure
547 848 689 892 subest
717 847 905 892 matrici*
936 847 1152 903 ecclesiae,
1192 861 1297 904 quae
1327 851 1392 891 est
1419 848 1464 892 in
1493 847 1725 904 Hanzines,
1749 855 1850 894 cum

303 930 392 971 tota
421 926 707 982 decimatione,
739 939 845 982 quae
865 939 892 969 a
910 925 1067 970 colonis
1095 925 1272 981 predicti
1291 925 1428 983 predii
1447 924 1634 970 solvitur.
1673 925 1852 974 Volebat

301 1005 503 1061 magister
531 1003 817 1058 B(aldovinus)
847 1003 900 1047 ab
931 1003 1080 1047 abbate
1111 1001 1254 1047 Sancti
1275 1002 1465 1047 Medardi
1493 1003 1648 1048 habere
1676 1003 1849 1050 calicoen

303 1085 545 1139 argenteum
583 1081 637 1125 ad
671 1081 1006 1138 prenominatam
1043 1080 1296 1138 cappellam,
1336 1084 1378 1124 et
1416 1081 1559 1125 omnia
1585 1084 1674 1125 tam
1702 1081 1848 1128 altaris

303 1174 429 1218 quam
457 1160 611 1204 missae
640 1159 929 1203 instrumenta.
977 1158 1111 1216 Super
1141 1172 1222 1214 quo
1241 1158 1367 1203 verbo
1388 1171 1483 1202 cum
1501 1172 1637 1215 neque
1655 1158 1848 1205 abbatem

301 1252 435 1295 neque
464 1237 688 1281 monachos
717 1237 850 1294 ipsius
871 1236 1015 1281 ordine
1033 1236 1251 1280 iudiciario
1271 1235 1592 1293 interpellasset,
1622 1239 1757 1282 totam
1774 1237 1848 1283 de-

301 1315 567 1360 cimationem
603 1315 654 1359 de
684 1313 934 1358 Hanzineles
970 1314 1184 1358 monachis
1216 1313 1359 1358 Sancti
1386 1312 1577 1358 Medardi
1609 1315 1850 1371 negavstmt

302 1408 356 1438 ex
385 1406 590 1437 consensu
619 1395 660 1436 et
681 1392 799 1436 iussu
819 1393 1111 1436 canonicorum
1129 1390 1423 1435 Leodiensium
1443 1391 1632 1437 detinuit.
1677 1392 1848 1439 Fran-es

303 1471 447 1516 Sancti
474 1470 665 1515 Medardi
700 1470 779 1514 hoc
812 1471 857 1514 in
887 1470 1044 1527 synodo
1072 1469 1314 1514 Leodiensis
1345 1467 1551 1527 episcopi¹
1579 1470 1662 1515 sibi
1688 1470 1847 1516 fantum

302 1549 602 1606 querebantur,
647 1547 764 1591 nulla
806 1548 1006 1592 canonica
1042 1547 1223 1603 actione,
1265 1546 1382 1590 nulla
1417 1546 1603 1591 iudiciali
1639 1548 1848 1594 sententia

300 1627 567 1685 precedente3
600 1628 642 1669 et
670 1625 880 1683 petebant,
911 1628 959 1669 ut
988 1624 1127 1670 ablata
1146 1624 1227 1669 sibi
1244 1625 1576 1680 restituerentur,
1605 1626 1847 1683 responsuri

299 1704 566 1763 postmodum
586 1703 813 1747 seeundum
831 1703 935 1746 iuris
955 1703 1171 1746 rationem.
1208 1701 1398 1757 Negabat
1417 1702 1648 1760 episcopus,
1667 1703 1848 1759 negabat

301 1782 628 1837 archidiaconus,
660 1781 771 1837 quod
800 1781 859 1824 eis
887 1780 1112 1825 scientibus
1138 1781 1206 1824 vel
1233 1780 1585 1825 consentientibus
1613 1781 1848 1839 prescripta

301 1860 520 1905 decimatio
541 1860 566 1903 a
584 1859 784 1914 magistro
798 1858 1061 1912 B(aldovino)
1082 1858 1148 1902 vel
1169 1858 1377 1902 canonicis
1398 1861 1508 1902 esset
1527 1858 1714 1914 detenta3
1734 1858 1846 1904 unde

302 1941 343 1981 et
371 1938 490 1981 iuxta
517 1936 656 1992 legum
686 1937 898 1980 tramitem
917 1936 1029 1980 idem
1048 1936 1248 1991 magister
1266 1935 1552 1991 B(aldovinus)
1571 1936 1617 1979 in
1634 1936 1844 1992 integrum

299 2015 540 2059 restituere⁶
571 2014 806 2070 cogebatur.
854 2013 971 2065 Quod
999 2014 1098 2070 quia
1115 2014 1439 2069 ignominiosum
1458 2013 1676 2066 videbatur
1704 2013 1844 2058 cathe-

300 2092 407 2136 drali
437 2091 672 2147 aecclesiae,
703 2095 750 2135 ut
779 2092 951 2149 rapinae
981 2091 1121 2149 palam
1151 2095 1407 2147 argueretur,
1438 2094 1481 2135 et
1508 2090 1708 2135 aecclesia
1732 2091 1843 2136 beati

298 2169 486 2214 Medardi
515 2173 659 2214 nostro
691 2172 733 2213 et
761 2169 987 2213 multorum
1017 2170 1164 2213 studiis
1185 2183 1261 2226 pro
1281 2173 1446 2213 vestrae
1465 2168 1757 2213 dominationis
1775 2182 1842 2214 re-

299 2247 486 2292 verentia
504 2247 738 2302 iuvabatur,
757 2248 881 2305 petiit
899 2247 1098 2303 magister
1116 2246 1402 2302 B(aldovinus)
1424 2260 1474 2290 ex
1495 2259 1699 2290 consensu
1717 2259 1842 2291 cano-

298 2326 501 2381 nicorum,
532 2327 580 2368 ut
609 2338 734 2369 causa
763 2324 999 2369 differretur
1028 2339 1158 2382 usque
1188 2325 1242 2369 ad
1272 2324 1571 2369 absolutionem
1600 2327 1842 2381 conventus,

299 2404 371 2460 qui
400 2406 500 2447 tunc
529 2403 723 2459 frequens
753 2406 1013 2458 convenerat,
1044 2403 1208 2447 futurus
1230 2405 1376 2460 postea
1393 2402 1438 2446 in
1455 2404 1663 2459 potestate
1682 2405 1726 2447 et
1743 2415 1843 2447 conr·

300 2480 393 2525 silio
422 2477 664 2524 Lobiensis²
696 2479 857 2524 abbatis
888 2484 930 2524 et
959 2480 1136 2526 aliorum
1165 2480 1351 2524 virorum
1378 2479 1677 2535 religiosorum.
1724 2478 1843 2532 Quod.

301 2561 343 2603 et
370 2558 432 2602 ita
460 2557 706 2615 simpliciter
734 2557 890 2605 factum
920 2561 995 2602 est.
1105 2556 1330 2614 Postquam
1359 2570 1457 2602 vero
1487 2556 1731 2601 clericorum
1758 2557 1841 2601 fre-

300 2636 469 2693 quentia
497 2635 683 2691 recessit,
719 2635 894 2679 domnus
925 2635 1052 2679 abbas
1081 2634 1312 2691 Lobiensis,
1343 2634 1538 2678 adhibitis
1569 2646 1710 2678 secum
1738 2634 1841 2680 viria

299 2713 504 2769 religiosis
535 2716 578 2757 et
606 2712 892 2770 prudentibus,
924 2713 1039 2757 dedit
1060 2713 1260 2769 magistro
1280 2711 1539 2766 B(aldovino)
1571 2715 1614 2755 et
1632 2711 1841 2757 canonicis

299 2790 530 2846 consilium,
560 2793 609 2834 ut
638 2789 777 2835 ablata
805 2790 1072 2835 restituerent
1101 2794 1143 2835 et
1171 2790 1224 2835 ab
1254 2789 1467 2834 exactione
1496 2788 1637 2833 calicis
1666 2793 1710 2834 et
1738 2789 1842 2835 alia-

394 2899 421 2921 ι.
447 2890 554 2922 habuit
571 2892 620 2922 νεὶ
638 2892 734 2923 n’m‘lo
755 2891 829 2932 quid
848 2891 970 2922 excidit.
1051 2891 1080 2922 b.
1107 2890 1234 2934 matrice
1254 2902 1281 2922 c·
1362 2898 1388 2921 ο.
1409 2889 1508 2921 ablat·
1526 2890 1675 2923 excidisse
1694 2890 1818 2922 aidau.

393 2954 425 2989 1.
451 2953 625 2993 Heinrici.
718 2955 750 2990 2.
777 2953 971 2991 Lamberti.
