1924 3288
585 227 784 257 wmALm
813 227 1033 259 EPISTOLA
1065 227 1134 258 341.
1556 217 1644 261 473

78 321 214 364 mater
240 323 387 365 nostra
407 319 668 366 Coloniensis
700 322 913 379 aecclesia,
945 338 1030 367 una
1058 323 1203 380 utique
1228 323 1280 367 de
1299 322 1457 367 inclitis
1478 322 1644 368 filiabus
1672 329 1763 366 1151

78 383 368 442 sacrosanctae
397 400 569 443 matris⁶
600 404 770 445 nostrae
800 401 987 445 Romane
1019 401 1268 458 aecclesiae,
1308 402 1376 446 cui
1413 416 1525 446 nunc
1555 403 1645 447 Deo

77 478 247 520 auctore
275 476 454 521 feliciter
476 478 714 535 presidetis,
745 482 914 536 promta
938 483 980 523 et
1001 479 1129 523 alacri
1149 494 1234 524 non
1256 479 1391 524 solum
1411 482 1647 524 constantia

77 566 223 598 verum
255 554 384 598 etiam
416 554 595 599 efficatia
615 556 828 612 militavit,
859 560 951 600 tum
971 558 1178 614 videlicet,
1211 558 1376 615 quando
1398 559 1544 603 eadem
1563 559 1646 603 Ro-

75 644 203 676 mana
233 632 436 677 aecclesia
464 647 541 691 pro
575 635 805 678 assertione
824 636 1015 678 veritatis
1048 639 1090 679 et
1120 636 1322 680 ortodoxe
1352 636 1565 693 religionis
1598 651 1647 681 ac

76 713 317 754 sanctarum
355 712 701 755 constitutionum
740 713 981 756 defensione
1020 727 1138 757 arma
1177 718 1323 758 contra
1357 715 1546 759 tirannos
1577 729 1646 759 su-

74 795 190 832 mere
221 791 264 832 et
293 803 385 834 sese
415 790 595 834 viriliter
625 791 735 834 tueri
767 794 809 834 et
838 791 884 834 in
913 792 1131 848 propriam
1160 792 1399 836 libertatem
1424 793 1647 838 vendicare

75 869 220 910 coacta
250 870 326 911 est.
373 867 421 911 In
446 882 526 925 quo
551 869 793 924 certamine,
826 872 1029 925 quantum
1059 870 1309 914 universalis
1341 875 1476 915 status
1505 872 1647 915 catho-

75 943 182 989 licae
213 944 411 990 ecclesiae
431 947 586 990 virium
618 951 660 991 et
688 948 939 991 incrementi
966 948 1199 1004 suscepisse
1228 949 1343 992 visus
1374 953 1451 1005 est,
1482 953 1647 993 tantum

75 1022 224 1080 procul
261 1023 386 1068 dubio
423 1038 492 1068 res
522 1029 669 1069 nostra
698 1026 920 1070 familiaris
950 1029 1041 1069 tum
1071 1026 1117 1068 in
1148 1040 1248 1070 suae
1277 1027 1395 1084 pacis
1425 1027 1647 1084 perturba-

75 1101 190 1145 tione
209 1105 301 1144 tum
320 1102 366 1145 in
387 1116 557 1146 suarum
577 1104 892 1161 possessionum
913 1104 1190 1148 diminutione
1211 1105 1453 1148 detrimenti
1470 1106 1644 1163 accepit.

78 1177 294 1235 Siquidem
330 1183 432 1224 tunc
464 1181 605 1238 patria
634 1185 781 1226 nostra
811 1181 1054 1226 occubuisse
1084 1182 1293 1226 credenda
1324 1186 1409 1239 est,
1447 1196 1543 1227 cum
1574 1198 1646 1228 ex-

75 1257 218 1301 tinctis
249 1257 435 1302 iustitiae
466 1258 754 1304 defensoribus
784 1260 958 1303 inermis
990 1263 1032 1303 et
1063 1260 1219 1316 absque
1242 1265 1479 1318 protectore
1499 1262 1647 1306 relicta

77 1337 162 1391 est,
197 1339 316 1380 tanto
346 1337 493 1381 ruinae
524 1351 624 1381 suae
653 1339 858 1382 maiorem
887 1338 1051 1382 factura
1078 1339 1298 1394 iacturam,
1332 1343 1487 1396 quanto
1518 1340 1647 1384 subli-

75 1403 236 1457 mitatis
272 1427 372 1458 suae
402 1415 611 1472 potiorem
639 1420 886 1474 perceperat
916 1416 1106 1472 gloriam.
1166 1416 1277 1460 Nam
1308 1431 1360 1461 ex
1389 1418 1648 1475 prelatorum

75 1504 247 1535 suorum
283 1495 326 1536 et
358 1496 506 1536 nostra
535 1494 748 1537 communi
777 1494 1036 1550 negligentia
1066 1495 1118 1538 de
1149 1494 1396 1539 celsitudine
1427 1510 1504 1539 sua
1532 1497 1649 1540 venit

74 1570 120 1613 in
150 1569 441 1626 abiectionem,
473 1571 525 1615 de
554 1571 701 1627 regula
728 1571 772 1615 in
794 1572 1051 1628 abusionem,
1085 1573 1136 1616 de
1157 1573 1315 1616 divitiis
1336 1574 1382 1617 in
1403 1577 1645 1630 egestatem,

74 1647 130 1691 in.
149 1649 474 1693 commotionem
505 1649 557 1693 de
585 1650 908 1706 tranquillitate,
944 1651 990 1694 in
1020 1651 1295 1706 ignominiam
1327 1652 1378 1695 de
1410 1652 1645 1709 splendore,

74 1725 120 1769 in
149 1725 369 1770 infamiam
401 1727 452 1770 de
482 1727 715 1771 nobilitate.
762 1727 820 1771 Et
849 1728 927 1771 hoc
959 1729 1128 1785 quidem
1157 1729 1316 1772 factum
1347 1733 1412 1773 est
1432 1731 1647 1775 sanctissi-

74 1802 156 1846 nfis
187 1816 237 1847 ac
259 1803 503 1847 iustissimis
528 1805 670 1848 divine
690 1806 980 1862 providentiae
1001 1806 1177 1862 inditiis,
1210 1810 1274 1850 set
1295 1807 1320 1850 a
1339 1811 1484 1852 nostra
1504 1809 1646 1864 cogni-

74 1881 188 1926 tione
220 1882 390 1939 penitus
419 1883 616 1936 remotis;
656 1896 751 1926 cum
781 1883 826 1926 in
858 1884 972 1927 omni
1002 1888 1173 1942 patrum
1202 1887 1443 1928 nostrorum
1475 1886 1647 1930 decessu

74 1963 221 2004 nostra
239 1974 358 2004 mens
380 1960 568 2003 omnium
587 1961 676 2005 fere
698 1965 741 2006 01
761 1962 984 2005 concordia
1003 1962 1144 2018 fuerit,
1170 1965 1218 2005 ut
1237 1962 1343 2006 tales
1364 1962 1454 2006 Deo
1478 1968 1646 2009 auctore

74 2037 119 2081 in
158 2041 301 2095 patres
340 2041 382 2082 et
418 2042 610 2095 pastores
642 2040 878 2083 animarum
910 2039 1063 2096 eligere
1094 2054 1335 2098 possemus,
1374 2042 1446 2097 qui
1477 2042 1531 2085 ad
1560 2042 1645 2087 tale

75 2129 180 2159 onus
210 2116 465 2173 portandum
497 2120 539 2160 et
570 2117 624 2160 ad
643 2121 807 2161 tantam
828 2118 1074 2173 dignitatem
1098 2119 1377 2162 decorandam
1397 2119 1644 2164 suffitientes

76 2195 119 2237 et
146 2193 287 2238 idonei
319 2194 599 2238 crederentur.
662 2194 787 2238 Omni
819 2196 929 2238 enim
962 2197 1099 2253 capite
1128 2196 1348 2253 languido,
1379 2211 1549 2241 necesse
1581 2202 1645 2242 est

76 2284 200 2315 omne
234 2285 306 2315 001
334 2286 501 2316 merens
533 2273 713 2316 existere
745 2276 787 2316 et
816 2287 841 2316 a
871 2273 1017 2330 planta
1045 2274 1166 2332 pedis
1196 2288 1328 2331 usque
1360 2275 1414 2318 ad
1443 2276 1644 2320 verticem

75 2349 121 2392 in
151 2348 298 2393 eodem
329 2363 503 2407 corpore
533 2350 693 2394 nullam
729 2365 819 2395 esse
850 2352 1085 2395 sanitatem.
1132 2351 1206 2396 Set
1235 2353 1367 2396 divini
1398 2354 1557 2397 ordinis
1577 2368 1644 2397 sa-

75 2427 248 2484 pientia,
281 2441 387 2484 quae
419 2428 588 2483 attingit
620 2442 645 2471 a
673 2427 756 2473 fine
785 2443 918 2485 usque
949 2430 1002 2473 ad
1030 2429 1159 2474 finem
1187 2431 1354 2475 fortiter
1385 2435 1427 2475 et
1457 2432 1645 2489 disponit

75 2505 218 2548 omnia
247 2506 431 2550 suaviter
443 2503 467 2561 ¹,
499 2509 665 2549 nostras
695 2506 932 2551 voluntates
965 2508 1018 2551 ad
1047 2523 1169 2552 suum
1189 2512 1339 2552 nutum
1359 2510 1642 2565 convertebat,

74 2586 123 2626 ut
151 2596 235 2626 non
265 2583 311 2626 in
342 2582 647 2627 edificationem
679 2587 743 2627 set
771 2585 912 2642 potius
942 2586 987 2629 in
1019 2586 1334 2630 subversionem
1356 2591 1524 2631 nostrae
1544 2601 1643 2644 pro-

75 2660 242 2704 cederet
277 2661 490 2705 electionis
523 2662 772 2706 coniventia.
835 2663 1032 2707 Omnium
1061 2668 1204 2709 tamen
1235 2664 1444 2720 suffragiis
1476 2669 1518 2709 et
1547 2680 1643 2723 pre-

75 2738 209 2796 cipuis
229 2739 339 2782 votis
371 2740 646 2797 expetebatur
675 2740 762 2783 iam
791 2742 921 2784 tercio
951 2742 1003 2798 is,
1035 2743 1107 2799 qui
1136 2756 1249 2786 nunc
1268 2742 1359 2786 Deo
1382 2757 1449 2786 res
1478 2747 1641 2787 nostras

74 2816 302 2860 miserante
334 2816 488 2861 electus
520 2821 596 2872 est,
629 2818 739 2874 quia,
771 2822 819 2862 ut
849 2818 900 2863 de
929 2820 1171 2877 patriarcha
1201 2820 1323 2863 Iacob
1353 2820 1519 2876 legitur,
1552 2825 1643 2865 erat

74 2893 141 2937 vir
169 2894 214 2937 in
244 2895 404 2938 cunctis
436 2909 636 2953 prospere
667 2893 838 2951 agens'3
871 2897 945 2941 sed
968 2911 1062 2942 cum
1094 2912 1214 2941 suam
1244 2898 1371 2941 nimis
1401 2898 1641 2955 importune

171 2980 198 3001 a.
223 2972 313 3001 mam*
334 2984 359 3002 c.

171 3023 205 3058 1.
229 3021 315 3068 Sap.
332 3023 366 3069 8,
385 3024 419 3060 1.
515 3025 549 3060 2.
575 3024 669 3061 Gen.
686 3024 744 3070 39,
762 3025 795 3061 2.
