1924 3288
599 235 800 267 wmALm
828 234 1050 267 Ems'ronA
1081 233 1151 265 185.
1572 220 1661 265 305

92 333 135 375 et
170 329 442 375 exhortamur
470 330 517 374 in
545 330 751 388 Domino,
793 331 991 388 quatinus
1021 328 1336 385 tribulationeS,
1375 341 1478 385 quas
1509 327 1588 372 tibi
1619 329 1804 412 &13433

91 408 294 453 exercitui
322 411 396 453 tuo
427 409 692 468 omnipotens
714 409 830 454 Deus
860 409 1078 465 irrogavit,
1109 408 1320 466 patienter
1349 408 1588 464 supportes,
1620 408 1663 449 et
1741 403 1748 411 '

90 486 137 530 in
182 499 231 531 eo
269 499 390 545 spem
426 489 545 531 tuam
584 488 835 544 constituas,
883 488 956 545 qui
994 501 1120 545 quem
1155 485 1248 531 vult
1283 484 1494 544 permittit
1532 483 1663 540 affligi

91 567 135 609 et
171 563 426 609 confidentes
463 566 510 608 in
544 579 590 610 se
624 566 953 610 misericorditer
981 565 1163 610 liberare
1193 563 1422 608 consuevit.
1472 562 1519 608 Si
1549 562 1664 607 enim

90 642 340 701 patientiam
370 646 414 687 et
442 643 725 689 humilitatem
755 645 801 688 in
833 643 1020 688 adversis
1050 644 1236 701 perfecte
1259 642 1460 698 tenueris,
1490 655 1569 699 per
1592 641 1665 685 de-

91 724 252 766 sertum
289 721 414 765 huius
451 722 565 766 vitae
603 723 680 767 sub
716 722 978 780 protectione
1016 721 1266 779 columpnae
1302 720 1426 765 nubis
1467 723 1509 764 et
1537 719 1664 776 igniS,

90 798 137 843 id
175 802 240 844 est
274 800 506 857 patientiae
544 800 694 845 solatio
735 804 778 845 et
806 801 1002 845 karitatis
1034 800 1203 856 ardore,
1242 798 1479 857 intrepidus
1506 797 1666 855 perdu-
1720 856 1723 860 ἢ

91 878 212 922 ceris.
259 877 367 930 Quia
394 878 525 934 igitur
554 892 781 936 personam
810 882 928 923 tuam
958 893 1060 923 vera
1088 879 1135 922 in
1154 878 1338 922 Domino
1370 877 1546 921 caritate
1570 876 1665 920 dili·
1721 861 1725 868 ’

93 956 231 1012 gimus
269 959 313 1001 et
348 956 401 1000 de
436 960 479 1001 te
516 957 639 1002 valde
676 956 944 1014 confidimus,
985 957 1023 1001 si
1058 959 1157 1014 post
1195 959 1316 1000 tuum
1353 955 1540 1000 reditum
1576 955 1668 998 sine

95 1033 296 1079 dilatione
335 1034 386 1079 de
421 1035 510 1092 his,
553 1049 633 1093 que
670 1035 724 1079 ad
760 1035 964 1080 honorem
1001 1038 1171 1079 sanctae
1211 1034 1438 1078 aecclesiae
1477 1036 1519 1078 et
1547 1033 1669 1089 regni

96 1115 286 1171 spectare
311 1116 556 1170 noscuntur,
586 1117 727 1158 tecum
746 1115 904 1158 mutuis
924 1114 1208 1172 potuissemus
1229 1115 1413 1157 tractare
1434 1111 1668 1169 colloquiis,

95 1191 217 1235 nobis
247 1191 392 1249 utique
422 1195 591 1247 gratum
620 1193 782 1236 fuisset.
829 1192 989 1237 Verum
1014 1192 1113 1248 quia
1131 1191 1178 1235 id
1196 1190 1319 1235 nobis
1340 1190 1545 1248 temporis
1567 1204 1669 1247 qua-

94 1267 193 1312 litas
238 1268 460 1326 denegavit
496 1273 539 1314 et
578 1270 629 1314 de
667 1273 743 1314 tua
780 1284 924 1314 sumus
963 1270 1098 1314 salute
1136 1269 1328 1325 solliciti,
1374 1269 1579 1326 quosdam
1618 1269 1670 1313 de

95 1346 297 1392 fratribus
339 1348 517 1405 nostris,
563 1352 788 1406 postquam
826 1352 868 1393 te
908 1348 963 1393 ad
998 1347 1279 1392 Lombardiae
1317 1350 1460 1405 partes
1500 1350 1670 1391 auctore

96 1423 278 1470 Domino
298 1425 551 1471 incolumem
571 1428 814 1485 pervenisse
842 1416 1083 1484 accepimus
1104 1451 1160 1457 —
1184 1426 1292 1470 sicut
1311 1439 1389 1484 per
1408 1425 1669 1470 venerabiles

96 1503 249 1548 fratres
286 1507 453 1549 nostros
483 1505 751 1560 Ar(twicum)
782 1505 1055 1550 Bremensem
1093 1505 1456 1562 archiepiscopum
1491 1508 1533 1548 et
1558 1488 1669 1560 'A(n-

98 1581 291 1638 selmum)
319 1582 757 1640 Havelenbergensem
785 1584 1031 1642 episcopum
1060 1584 1139 1628 tibi
1171 1582 1524 1639 significavimus⁸
1542 1607 1598 1613 —
1617 1582 1671 1626 ad

97 1663 216 1704 tuam
255 1662 526 1707 serenitatem
561 1663 758 1707 duximus
789 1662 1082 1719 destinandos,
1120 1665 1169 1706 ut
1199 1660 1395 1706 affectum
1427 1664 1470 1705 et
1498 1661 1671 1705 benivo-

97 1738 287 1797 lentiam,
324 1755 450 1798 quam
481 1755 582 1797 erga
611 1745 654 1785 te
685 1741 883 1796 gerimus,
914 1741 994 1785 tibi
1025 1743 1298 1798 exponerent,
1330 1743 1372 1784 et
1403 1740 1516 1797 quod
1547 1740 1598 1784 de
1628 1743 1671 1784 te

101 1818 245 1863 audire
275 1819 482 1876 cupimus,
513 1819 705 1877 ipsorum
734 1819 937 1863 relatione
968 1832 1249 1863 nosceremus.
1298 1817 1456 1870 Quibus
1478 1817 1670 1861 dedimus

99 1896 146 1940 in
175 1897 400 1953 mandatis,
431 1900 479 1940 ut
507 1897 600 1953 tibi,
631 1900 834 1954 tanquam
863 1897 1088 1941 karissimo
1119 1896 1207 1940 filio
1237 1899 1382 1940 nostro
1405 1899 1447 1940 et
1467 1895 1670 1940 catholico

100 1975 285 2033 principi
332 1978 457 2032 atque
509 1975 683 2033 speciali
720 1978 890 2020 sanctae
930 1975 1144 2019 Romanae
1182 1974 1407 2019 aecclesiae
1446 1974 1671 2030 defensori,

101 2052 235 2111 ipsius
273 2053 499 2098 aecclesiae
539 2056 696 2097 statum
734 2057 776 2098 et
810 2057 1004 2098 nostrum
1034 2055 1304 2111 exponerent.
1352 2052 1433 2105 Qui
1463 2052 1672 2110 siquidem

101 2145 234 2189 usque
270 2132 316 2176 in
353 2132 548 2176 Tusciam
584 2132 819 2189 progressi,
860 2146 912 2176 ex
952 2146 1033 2189 quo
1071 2135 1115 2176 te
1154 2131 1208 2175 ad
1239 2131 1489 2175 Teutonicas
1527 2134 1672 2189 partes

101 2211 382 2268 pertransisse
412 2212 633 2266 noverunt,
663 2209 970 2266 longitudinem
1000 2210 1095 2254 viae
1125 2212 1168 2254 et
1196 2208 1488 2254 difficultatem
1506 2209 1672 2254 itineris

102 2291 276 2346 propter
307 2288 479 2333 aestatis
508 2288 801 2345 intemperiem
830 2291 1078 2345 metuentes,
1111 2287 1165 2332 ad
1193 2291 1383 2332 nostram
1413 2288 1672 2346 presentiam

102 2366 330 2410 redierunt.
378 2366 576 2411 Ceterum
606 2366 706 2423 quia
735 2369 892 2410 statum
922 2369 1043 2410 tuum
1075 2369 1116 2410 et
1143 2366 1286 2410 dilecti
1305 2365 1383 2410 filii
1402 2366 1538 2410 nostri
1558 2366 1671 2410 Hen-

104 2443 215 2499 (rici)
246 2445 423 2489 iunioris
453 2445 586 2501 regis,
620 2458 744 2501 quem
773 2447 871 2502 post
900 2444 1131 2488 discessum
1160 2448 1282 2489 tuum
1311 2448 1488 2503 paterno
1521 2443 1673 2488 affectu

104 2522 330 2567 dileximus
370 2526 413 2567 et
448 2524 494 2567 in
532 2526 751 2582 posterum
790 2522 974 2567 actiones
1015 2523 1104 2567 eius
1141 2523 1386 2581 prosperari
1414 2523 1460 2566 in
1489 2521 1671 2566 Domino

103 2603 398 2658 preoptamus,
438 2615 688 2658 cognoscere
727 2601 942 2658 cupimuS,
981 2614 1077 2645 cum
1112 2601 1291 2646 fratres¹>
1326 2601 1463 2644 nostri
1497 2603 1672 2658 propter

106 2679 278 2723 aestatis
315 2679 524 2723 fervorem
559 2679 747 2724 laborem
782 2680 892 2724 tanti
928 2679 1092 2724 itineris
1122 2679 1323 2738 perficere
1352 2692 1438 2722 non
1467 2678 1672 2735 valerent,

105 2770 182 2814 per
210 2756 378 2801 fidelem
406 2760 599 2802 nostrum
618 2758 912 2813 F(ranconem)
942 2757 1119 2802 latorem
1140 2756 1400 2815 presentium
1432 2760 1473 2800 et
1503 2760 1671 2814 aposto·
1720 2775 1800 2782 *-

105 2833 189 2879 lica
218 2835 376 2893 scripta
404 2838 523 2879 tuam
553 2835 846 2881 excellentiam
874 2835 1109 2892 visitantes,
1140 2835 1405 2880 nobilitatem
1434 2838 1552 2878 tuam
1581 2848 1671 2878 mo-

106 2925 255 2958 nemus
286 2916 328 2958 et
358 2913 628 2958 exhortamur
657 2914 703 2961 in
731 2913 936 2971 Domino,
973 2914 1170 2971 quatinus
1203 2928 1272 2970 ea,
1304 2927 1384 2971 que
1415 2912 1527 2957 circa
1555 2915 1599 2957 te
1629 2916 1672 2957 et

204 3017 231 3039 a.
259 3009 439 3047 si'g'cavimus
461 3021 487 3040 c.
569 3009 600 3040 b.
626 3008 731 3040 {ratris
752 3021 778 3040 c.

166 3065 271 3101 «Iuni.
292 3068 481 3098 Bibliotheca
499 3069 523 3097 1.
1339 3066 1387 3103 20
