1924 3288
474 185 672 218 wmALm
699 185 947 218 nmsronm
973 186 1032 217 441
1046 186 1160 218 -ua
1510 174 1598 219 575

39 278 359 335 cantionibus
388 280 607 337 utriusque
635 281 770 338 partis
800 281 1023 337 diligenter
1051 281 1208 326 auditis
1238 283 1282 325 et
1309 293 1361 330 ea
1390 294 1474 337 qua
1499 294 1598 325 con·
1620 283 1727 364 &51⁵3

39 355 156 401 venit
189 356 422 403 subtilitate
452 357 673 414 discussis,
711 359 822 414 quod
851 359 1008 403 iustum
1037 358 1136 403 inde
1164 358 1312 414 fuerit,
1350 358 1509 403 iudices
1541 362 1596 415 et,

5 463 11 469 -
39 433 151 490 quod
179 434 456 494 *indicaverim
493 439 654 481 remoto
683 435 896 480 dilationis
927 435 1163 493 obstaculo,
1200 436 1329 481 facias
1360 436 1595 494 adimpleri.

37 509 150 557 Data
176 511 223 557 in
251 513 463 559 territorio
495 513 719 558 Tusculani
749 516 777 559 5
810 514 906 558 Idus
937 513 1046 558 Iulii.

37 652 158 702 442.
187 656 400 700 Com-adas
429 658 555 701 abbas
573 658 924 702 Puderbornensis
945 658 1132 702 Wibaldo
1155 658 1331 702 reditum
1347 659 1594 717 yratulatur.

181 734 322 789 Dolet,
354 735 467 793 quod
495 736 553 779 ad
582 751 674 779 eum
703 751 787 778 non
816 737 1038 780 accesserit.
1379 734 1452 790 (M.
1474 735 1593 790 410.)

153 854 303 866 .....
342 823 485 868 abbati
514 823 763 879 C(onradus)
801 824 971 867 humilis
1007 823 1136 868 abbas
1166 828 1338 868 vocatus
1369 824 1594 870 Paterbur-
1644 830 1735 866 1156

34 897 199 945 nensis¹
228 914 274 944 se
302 901 443 958 ipsum
471 902 634 958 integre
665 915 759 946 cum
791 902 906 945 omni
935 902 1167 946 devotione.
1617 878 1671 910 Μ’
1689 881 1764 918 Aug‘

63 989 66 992 ’
150 977 200 1022 In
229 978 367 1023 reditu
396 976 559 1024 vestro²
579 979 684 1023 illud
703 979 995 1035 Virgilianum,
1027 983 1242 1036 tamquam
1273 980 1512 1037 specialiter
1542 982 1593 1026 de

32 1054 150 1100 vobis
179 1055 307 1100 fuerit
334 1056 559 1114 prolatum,
591 1058 772 1101 occurrit
801 1060 844 1102 et
873 1056 1050 1102 firmiter
1079 1058 1235 1102 insedit
1265 1059 1404 1103 animo
1434 1073 1548 1103 meo:

209 1133 245 1178 Ο
274 1133 347 1178 lux
377 1134 631 1191 Dardaniae,
663 1149 759 1193 spes
789 1136 815 1180 ό
844 1134 1050 1180 fidissima
1078 1136 1298 1192 Teucrum,

207 1211 321 1263 Quae
350 1215 494 1256 tantae
523 1215 695 1258 tenuere
724 1213 867 1258 more?
898 1213 1048 1270 quibus
1079 1213 1235 1258 Hector
1266 1214 1318 1258 ab
1348 1214 1464 1258 horis

207 1288 440 1347 Expectate
469 1287 637 1334 venis?³

31 1354 200 1411 Gratias
228 1367 359 1424 igitur
388 1368 666 1426 omnipotenti
695 1363 805 1424 Deo,
846 1369 919 1425 qui
948 1382 1023 1412 vos
1053 1368 1307 1413 incolumem
1336 1369 1520 1414 reddidit
1551 1373 1593 1415 et

29 1445 74 1488 in
103 1445 182 1489 hoc
211 1445 448 1503 supplicum
479 1459 650 1490 suorum
678 1459 824 1504 preces
856 1446 1083 1491 exaudivit.
1128 1446 1212 1491 Sed
1242 1447 1360 1492 doleo
1399 1451 1441 1492 et
1468 1447 1592 1492 mihi-

28 1526 116 1567 met
143 1523 277 1567 iratus
308 1524 363 1568 ad
392 1524 562 1580 dignam
592 1538 746 1581 penam
775 1538 843 1568 me
873 1523 1023 1580 offero,
1062 1524 1172 1581 quod
1203 1539 1359 1582 nuper,
1391 1538 1486 1570 cum
1515 1540 1592 1584 per

28 1597 130 1646 nos⁴
158 1601 410 1658 transiretis,
442 1616 517 1658 ego
538 1601 656 1646 vobis
681 1615 768 1646 non
787 1602 950 1646 occurri
970 1605 1012 1646 et
1032 1602 1105 1646 diu
1124 1602 1408 1647 desideratum
1427 1603 1592 1648 vultum

29 1681 218 1723 vestrm
237 1679 424 1734 cer(nere
445 1693 530 1723 non
551 1679 687 1723 merui
695 1679 725 1733 ⁰)
748 1711 904 1723 ......
929 1693 1053 1735 quem
1074 1683 1117 1723 et
1135 1694 1268 1737 usque
1290 1681 1390 1725 dum
1409 1682 1589 1738 videam,

30 1757 171 1801 anima
198 1770 294 1802 mea
322 1757 462 1802 renuit
490 1756 708 1802 consolari.
755 1755 868 1801 Bene
898 1762 1042 1802 tamen
1071 1759 1270 1803 veneritis
1302 1762 1344 1804 et
1366 1759 1525 1817 optime
1544 1760 1590 1804 in

28 1833 210 1885 Domino
241 1834 428 1880 valeatis.

28 1977 147 2025 443.
172 1979 416 2023 wernherus
447 1979 658 2036 episcopus
686 1978 914 2022 Mindensis
938 1978 1126 2022 Wibaldo
1158 1980 1209 2022 de
1238 1981 1373 2024 reditu
1400 1983 1587 2039 yratula-

174 2065 252 2101 tur.
286 2057 417 2110 Quem
435 2071 535 2100 mae
555 2057 702 2100 tutelae
722 2057 1050 2111 commendasset,
1074 2073 1166 2100 eum
1185 2059 1346 2101 nunciat
1366 2059 1418 2102 ab
1443 2058 1588 2103 Ottone

176 2135 320 2178 comite
348 2134 571 2177 mulcatum
602 2149 696 2177 esse.
1373 2134 1445 2189 (M.
1467 2136 1586 2191 411.)

146 2222 387 2268 Reverendo
436 2221 605 2266 domino
655 2225 823 2266 sanctae
869 2221 1131 2266 Corbeiensis
1178 2223 1402 2268 aecclesiae
1446 2225 1588 2270 abbati
1635 2231 1726 2268 1156

28 2300 255 2356 wfibaido)
292 2313 369 2357 per
397 2299 729 2344 misericordiam
757 2299 838 2343 Dei
867 2298 1154 2355 wernherus)
1185 2301 1249 2357 id,
1282 2302 1393 2358 quod
1423 2302 1511 2347 esth
1541 2304 1587 2349 in
1609 2279 1663 2311 ¹¹¹¹·
1678 2282 1754 2319 Aug·

30 2379 230 2424 aecclesia
248 2377 470 2432 Mindensn
501 2377 691 2422 assiduas
721 2377 930 2421 orationes
960 2377 1005 2422 in
1033 2377 1214 2423 Domino
1245 2392 1341 2424 cum
1370 2379 1484 2424 fideli
1514 2381 1586 2426 de-

28 2457 208 2502 votionis
238 2455 448 2512 obsequio.

147 2533 370 2579 Sanctitati
398 2535 562 2576 vestrae
599 2545 766 2576 omnem
802 2532 1080 2576 reverentiam
1118 2536 1161 2578 et
1198 2533 1431 2578 devotionis
1465 2535 1584 2581 obse·

123 2644 150 2666 a.
178 2643 251 2666 nete
270 2643 332 2665 non
353 2633 449 2664 merui
470 2633 654 2664 addiderunt
677 2635 813 2663 Martem
833 2638 861 2663 a!
881 2633 1020 2663 Due-and.
1103 2633 1133 2664 b.
1155 2636 1203 2665 cst
1223 2635 1346 2666 addidi.

122 2693 157 2730 1.
181 2690 509 2739 Abdinghofensis.
602 2691 638 2726 2.
662 2689 867 2736 Wibaldus,
892 2701 940 2726 m.
956 2690 1054 2738 Aug.
1073 2691 1165 2728 1155
1180 2701 1226 2729 ex
1242 2692 1398 2729 Ancona
1415 2693 1454 2729 in
1473 2693 1583 2731 Grae-

29 2751 123 2788 ciam
146 2752 279 2788 missus
303 2751 403 2796 (Otto
425 2751 520 2787 Fris.
536 2750 610 2786 vit.
628 2750 688 2786 Fr.
705 2749 754 2785 ΙΙ.
769 2750 842 2795 45),
867 2749 954 2786 circ.
972 2749 1007 2785 d.
1027 2751 1071 2787 13
1092 2750 1173 2787 Iun.
1192 2751 1283 2788 1156
1300 2751 1581 2800 wirzeburgum

29 2810 76 2846 ad
91 2810 316 2847 Fridericum
337 2810 355 2846 I
379 2811 465 2856 imp.
490 2808 603 2846 rediit
627 2810 674 2854 (v.
694 2808 855 2854 diploma
878 2809 916 2845 in
940 2809 1037 2846 Mon.
1054 2809 1155 2846 Boic.
1176 2810 1234 2846 29.
1254 2811 1287 2856 1,
1307 2811 1402 2857 321).
1440 2811 1581 2849 Iansse—

28 2869 121 2914 nius,
146 2869 294 2906 Wibald
316 2880 390 2906 von
414 2869 541 2906 Stablo
558 2879 593 2914 p.
611 2869 690 2905 231.
709 2869 790 2915 232,
815 2868 928 2906 variis
951 2869 1136 2906 erroribus
1159 2869 1318 2906 ducitur.
1414 2870 1449 2907 3.
1474 2870 1579 2919 Virg.

27 2928 122 2965 Aen.
145 2929 178 2974 2,
202 2929 414 2966 281—283.
511 2928 547 2965 4.
572 2938 637 2974 per
660 2928 941 2966 Paderbomam.
