1924 3288
309 173 398 218 482
816 172 1015 216 wrssALm
1043 184 1263 217 nmsrrona
1294 185 1365 216 348.

159 333 161 335 ¹
192 289 284 325 1152
308 281 400 324 viro
429 280 686 324 unanimiter
710 280 917 336 feceratiS,
947 283 1045 337 post
1063 280 1308 336 diligentem
1329 279 1682 327 examinationem
1701 281 1870 341 auctore

193 339 254 369 ¹⁸¹¹·
267 340 285 369 ⁸
308 358 489 402 Domino
519 361 655 402 ratam
687 357 902 413 habentes,
934 371 1030 402 eum
1058 358 1287 415 plurimum
1318 357 1568 402 renitentem
1586 357 1743 406 nostris
1760 360 1871 405 um-

308 449 435 492 quam
464 435 575 479 beati
606 435 722 479 Petri
751 436 945 480 manibus
975 439 1177 492 preeunte
1207 436 1341 480 sancti
1373 434 1555 492 Spiritus
1585 435 1737 490 gratia
1751 434 1870 482 vobio

306 513 352 556 in
376 513 737 570 archiepiscopum
757 513 1104 568 consecravimus,
1137 517 1179 557 et
1208 514 1318 556 inter
1348 512 1501 556 fratres
1528 515 1709 568 nostros,
1740 511 1882 561 dones

306 590 419 634 circa
437 604 513 634 nos
534 590 668 634 voluit
688 591 950 646 commorari,
972 603 1116 634 carum
1137 591 1371 645 habuimuS,
1391 590 1566 634 honeste
1582 589 1871 643 tractavimus,

306 671 348 711 et
376 668 555 725 pallium
585 668 679 724 sibi,
711 668 1017 726 plenitudinem
1047 668 1207 712 scilicet
1235 666 1487 725 pontificalis
1519 665 1659 724 officii,
1690 680 1743 712 ex
1772 679 1871 715 eone

306 749 427 789 sueta
463 746 574 790 sedis
607 745 861 803 apostolicae
891 731 1147 801 benignitate
1177 745 1441 790 contulimus.
1503 744 1648 802 Ipsum
1677 744 1871 800 61311111,-

304 823 393 866 fula
422 823 673 880 pontificalis
706 823 833 867 officii
863 823 1124 879 decoratum,
1157 824 1211 867 ad
1241 823 1459 867 ecclesiam
1473 871 1476 875 A
1490 835 1612 867 suam
1641 825 1684 866 et
1712 821 1769 871 ad
1795 835 1872 867 vos

306 913 402 944 cum
432 901 569 957 gratia
599 904 768 945 sanctae
797 901 1010 945 Romanae
1041 901 1265 945 aecclesiae
1297 904 1339 944 et
1366 900 1604 944 litterarum
1632 902 1872 946 nostrarum

304 979 610 1036 prosecutione,
642 979 868 1023 comitante
897 979 1093 1034 Domino,
1123 979 1381 1034 redeuntem,
1411 977 1680 1022 universitati
1707 980 1874 1022 vestrae

306 1057 502 1107 duximus
534 1057 736 1101 attentius
768 1057 1157 1101 commendandum.
1209 1056 1291 1100 Per
1322 1055 1554 1113 apostolica
1581 1055 1725 1112 itaquo
1752 1054 1877 1101 vobis

307 1135 465 1193 scripta
502 1135 772 1191 mandamus,
810 1135 1004 1191 quatinus
1043 1148 1139 1178 eum
1178 1134 1356 1189 benigne
1393 1146 1441 1177 ac
1470 1136 1712 1178 reverenter
1739 1132 1886 1182 sasai-¹

305 1212 434 1270 piatis
475 1216 517 1257 et
553 1212 614 1269 ei,
652 1215 870 1270 tamquam
907 1211 1065 1256 Christi
1094 1212 1250 1256 vicario
1291 1215 1333 1255 et
1372 1211 1610 1255 animarum
1638 1213 1874 1258 vestrm

306 1291 481 1348 pastori,
512 1290 713 1334 honorem
744 1290 931 1334 debitum
962 1303 1010 1333 ac
1038 1290 1318 1334 reverentiam
1348 1292 1390 1332 et
1410 1287 1717 1332 oboedientiam
1734 1287 1874 1335 humi-

306 1368 404 1412 liter
434 1368 651 1412 deferatis:
685 1368 880 1424 quatinus
901 1381 978 1425 per
1007 1367 1141 1425 ipsius
1173 1367 1407 1410 doctrinam
1433 1369 1475 1410 et
1494 1365 1748 1424 pastoralem
1767 1365 1874 1421 vigit-2

306 1445 482 1490 lantiam
513 1445 692 1489 salutem
721 1445 767 1488 in
797 1444 915 1489 vobis
947 1445 1244 1502 omnipotentis
1275 1444 1355 1488 Dei
1385 1444 1524 1499 gratia
1552 1446 1773 1500 operetur,
1788 1493 1790 1495 v
1804 1455 1877 1490 ωε

307 1523 436 1567 clesia
463 1526 625 1579 vestra,
667 1536 774 1579 quae
811 1525 900 1566 tam
936 1522 982 1566 in
1021 1522 1310 1580 spiritualibus
1341 1535 1467 1578 quam
1497 1521 1542 1564 in
1571 1519 1873 1578 temporalibus

307 1600 431 1645 valde
468 1601 614 1645 attrita
645 1604 728 1656 est,
770 1600 824 1644 ad
853 1600 1109 1655 integritatis
1141 1613 1240 1643 suae
1271 1602 1428 1642 statum
1457 1598 1638 1643 Domino
1667 1597 1875 1654 largiente

307 1682 521 1735 resurgat,
562 1682 604 1723 et
632 1692 707 1722 vos
739 1677 790 1721 de
819 1677 912 1735 ipso
943 1678 1143 1733 gaudium
1178 1680 1220 1721 et
1249 1677 1341 1734 ipse
1372 1676 1423 1720 de
1453 1676 1572 1720 vobis
1603 1689 1800 1728 coronam
1829 1678 1874 1720 et

306 1756 491 1800 fructum
521 1755 799 1813 multiplicem
829 1755 873 1798 111
904 1758 1129 1813 conspectu
1152 1754 1324 1798 Domini
1353 1757 1642 1811 consequatur.
1688 1752 1878 1815 Nichilo-

308 1835 448 1878 minus
480 1847 643 1891 quoque
662 1833 782 1877 vobis
813 1833 1076 1888 mandamus,
1106 1835 1155 1875 ut
1183 1845 1261 1889 pro
1291 1831 1556 1875 reformando
1585 1831 1802 1887 religionis
1830 1833 1874 1875 et

309 1911 541 1955 honestatis
578 1911 711 1968 ipsius
751 1910 975 1954 aecclesiae
1014 1913 1127 1954 statu
1167 1913 1210 1954 et
1246 1923 1323 1967 pro
1359 1909 1656 1966 recuperandis
1686 1909 1883 1954 eiusdem-

310 1989 536 2034 aecclesiae
574 1989 694 2033 bonis
733 1991 776 2032 et
813 1988 1146 2045 possessionibus
1179 1987 1266 2031 sive
1295 1986 1526 2043 beneficiis,
1565 2000 1672 2043 quae
1702 1986 1792 2031 sive
1819 1986 1873 2030 de

310 2081 458 2111 mensa
477 2066 545 2111 vel
575 2067 626 2111 de
657 2080 825 2110 camera
854 2079 928 2110 seu
958 2065 1186 2109 elemosina
1211 2065 1345 2123 ipsius
1366 2063 1682 2123 archiepiscopi,
1712 2064 1802 2118 sive
1821 2063 1873 2108 de

312 2144 512 2189 abbatum
547 2145 857 2202 prepositorum
894 2147 936 2187 et
975 2143 1283 2187 abbatissarum
1317 2156 1490 2186 suarum
1517 2155 1684 2198 mensa,
1721 2141 1792 2186 vel
1819 2141 1873 2187 do

312 2222 606 2267 canonicorum
639 2235 811 2266 suorum
839 2220 1052 2279 prebenda
1080 2220 1226 2265 illicite
1250 2234 1445 2265 concessa
1465 2220 1666 2264 distracta
1683 2218 1752 2264 vel
1771 2218 1873 2265 alio·

311 2303 413 2343 nata
450 2303 567 2354 sunt,
605 2300 716 2343 vires
747 2299 785 2343 ei
817 2302 858 2343 et
889 2297 1091 2342 auxilium
1121 2298 1230 2342 sicut
1258 2298 1358 2342 boni
1388 2301 1430 2342 et
1459 2297 1599 2342 devoti
1626 2296 1705 2342 filii
1734 2296 1884 2347 effic&

312 2378 418 2422 citer
446 2377 655 2421 tribuatis.
720 2376 828 2420 Sane
859 2390 936 2420 nos
966 2375 1180 2431 iudicium,
1213 2376 1324 2432 quod
1353 2389 1479 2433 super
1508 2375 1588 2430 his,
1618 2388 1725 2431 quae
1751 2373 1872 2422 laicis

314 2468 511 2500 concessa
540 2459 649 2510 sunt,
682 2454 727 2498 in
757 2457 983 2511 conspectu
1012 2452 1088 2496 filii
1117 2454 1252 2497 nostri
1281 2453 1496 2508 C(0nradi)
1525 2452 1701 2496 illustris
1719 2451 1873 2497 Roma-

314 2547 464 2578 norum
494 2532 605 2588 regis
637 2531 749 2589 apud
776 2530 992 2575 Coloniam
1030 2531 1271 2575 rationabili
1298 2529 1562 2589 providentia
1590 2529 1754 2574 noviter
1775 2542 1873 2587 pro-

314 2610 548 2667 mulgatum
579 2613 656 2665 est,
686 2609 842 2652 favoris
864 2609 999 2652 nostri
1019 2609 1248 2653 assertione
1272 2608 1497 2653 firmamus.
1539 2606 1749 2663 Pretereg
1771 2620 1872 2664 quo-

314 2689 429 2732 niam
467 2688 636 2745 quidam
673 2700 725 2731 ex
762 2685 901 2741 vobis,
947 2690 1073 2743 prout
1111 2686 1367 2744 accepimus,
1412 2688 1506 2743 post
1541 2685 1756 2742 inceptum
1790 2684 1873 2729 iter

316 2766 517 2810 antedicti
544 2764 687 2809 fratris
716 2763 850 2807 nostri
879 2763 1073 2807 veniendi
1103 2763 1157 2807 ad
1186 2777 1262 2808 nos
1298 2763 1458 2820 aliquas
1494 2762 1545 2807 de
1582 2762 1739 2806 eisdem
1775 2775 1871 2819 pos·

316 2843 571 2888 sessionibus
615 2855 692 2900 per
727 2840 970 2885 violentiam
1015 2845 1057 2884 et
1096 2844 1242 2884 contra
1279 2840 1488 2884 iusticiam
1524 2839 1768 2884 invaserunt
1804 2837 1874 2883 vel

312 2924 586 2977 occuparunt,
619 2919 872 2976 presentium
896 2918 1145 2961 auctoritate
1165 2917 1425 2972 mandamus,
1456 2920 1516 2972 ut,
1537 2917 1620 2961 nisi
1638 2917 1750 2961 infra
1769 2929 1870 2974 qua-
