1924 3288
519 182 718 214 wmALm
746 181 996 213 EPISTOLAE
1024 179 1074 212 85.
1096 179 1146 211 86.
1532 167 1614 211 159

46 278 331 326 membrorum
360 277 627 323 deformitate
658 277 712 321 ad
744 277 1024 322 sacerdotium
1054 290 1139 320 non
1168 278 1337 334 poterat
1359 276 1612 333 promoveri.

47 358 240 415 Ideoque,
272 357 384 414 quod
414 371 540 414 super
571 357 660 401 eius
692 356 893 400 electione
923 356 1081 400 factum
1112 358 1195 411 est,
1233 354 1482 399 auctoritate
1513 367 1614 411 apo-

47 436 196 481 stolica
223 435 269 480 in
297 435 467 479 irritum
498 435 762 491 deducentes,
799 434 1040 490 monachos,
1073 433 1245 478 clericos
1278 433 1330 478 ab
1361 432 1613 488 obedientia,

48 518 91 560 et
125 514 255 559 laicos
293 514 320 559 a
355 513 580 569 fidelitate,
625 527 751 570 quam
789 513 829 556 ei
864 513 1014 556 fecisse
1052 515 1303 568 noscuntur,
1344 496 1612 556 absolvimus

47 593 312 652 Quapropter
353 606 429 650 per
465 591 681 650 presentia
716 591 835 635 vobis
875 591 1031 648 scripta
1069 591 1318 634 mandamus
1358 593 1482 647 atque
1518 603 1614 647 pre-

48 671 250 730 cipimus,
288 671 483 729 quatinus
515 670 566 714 de
597 669 678 713 alio
711 669 915 725 claustro,
948 669 1122 713 consilio
1154 669 1403 713 dilectorum
1431 667 1615 712 filiorum

47 753 287 795 nostrorum
316 749 437 793 Adae
466 748 737 804 Ebracensis‚
777 747 1131 804 Eberbachensis,
1172 747 1480 803 Herfeldensis,
1513 746 1614 790 Cor-

48 828 228 873 beiensis
251 827 462 884 abbatum,
493 840 717 885 personam
739 825 993 882 religiosam,
1026 826 1264 883 discretam,
1295 825 1539 881 litteratam,
1570 825 1615 868 in

48 907 243 952 abbatem
287 906 406 951 vobis
452 906 648 950 invocata
686 905 830 949 divina
867 905 1006 960 gratia
1052 904 1238 960 eligatis,
1283 918 1360 962 per
1407 918 1533 961 quam
1571 904 1616 946 in

47 988 187 1030 vestro
226 984 408 1029 claustro
445 984 662 1040 religionis
696 983 858 1039 fervor,
899 983 972 1040 qui
1002 983 1185 1040 peccatis
1217 983 1479 1038 exigentibus
1510 982 1616 1026 inibi

46 1064 233 1122 tepuisse
265 1063 508 1119 dinoscitur,
539 1062 680 1107 valeat
708 1062 899 1119 reparari
931 1065 973 1105 et
1002 1061 1130 1106 verbo
1163 1061 1252 1105 eius
1285 1074 1333 1105 ac
1363 1061 1496 1106 bonae
1518 1075 1615 1105 con-

47 1142 296 1187 versationis
336 1141 527 1199 exemplo
566 1141 703 1199 possit
739 1141 893 1184 futuris
931 1140 1192 1197 temporibus
1228 1139 1442 1183 custodiri.
1505 1139 1616 1184 Data

47 1220 190 1266 Remis
222 1222 248 1265 6
280 1220 378 1264 Idus
409 1219 585 1278 Aprilis.

166 1299 300 1355 Igitur
312 1295 323 1316 ¹
338 1311 415 1342 nos
436 1298 588 1342 fratres
603 1297 834 1341 Fuldenses
852 1296 1118 1341 obsecramus
1135 1297 1403 1341 sanctitatem
1417 1299 1616 1353 vestram,

48 1377 199 1422 domne
221 1377 329 1422 abba
342 1376 548 1433 Wibalde,
575 1377 772 1433 quatinus
796 1390 858 1433 ea,
882 1390 988 1432 quae
1009 1376 1141 1419 frater
1160 1378 1304 1419 noster
1325 1375 1616 1419 Heremannus

48 1456 323 1513 camerarius,
363 1454 625 1513 presentium
654 1454 786 1511 lator,
818 1454 916 1499 viva
946 1467 1048 1499 voce
1078 1454 1197 1499 vobis
1229 1454 1504 1511 suggesserit,
1536 1454 1616 1498 im-

46 1534 164 1593 plere
193 1548 279 1579 non
309 1533 606 1590 dedignemini.

51 1689 133 1738 86.
167 1691 383 1750 Euyenius
418 1688 492 1734 III
523 1706 644 1748 papa
682 1688 931 1745 Ebracensi,
979 1688 1278 1744 Eberbacensi,
1318 1688 1615 1745 Hersfeldensi,

170 1770 403 1813 Corbeiensi
433 1770 646 1812 abbatibus
675 1769 860 1821 mandat,
893 1775 940 1811 ut
970 1769 1128 1812 abbatis
1159 1768 1336 1826 eliyendi
1366 1783 1493 1811 causa
1512 1766 1616 1811 Ful-

169 1848 268 1891 dam
299 1848 550 1890 conveniant.
1429 1844 1502 1900 (M.
1526 1845 1616 1900 69.)

167 1936 382 1992 Eugenius
414 1936 634 1993 episcopus
665 1948 810 1978 servus
841 1948 1059 1979 servorum
1082 1935 1163 1980 Dei
1194 1934 1357 1979 dilectis
1386 1934 1485 1979 filiis
1505 1935 1615 1980 Ebe-

49 2011 249 2071 racensi²‚
280 2014 603 2070 Aeverbacensi,
635 2010 945 2057 Hersfeldensi3
967 2016 1008 2057 et
1029 2013 1271 2058 Corbeiensi
1300 2013 1521 2059 abbatibus
1549 2028 1615 2058 sa-

49 2092 181 2139 lutem
211 2096 254 2137 et
283 2092 556 2150 apostolicam
587 2091 934 2135 benedictionem.

169 2171 217 2216 In
256 2170 510 2229 apostolicae
548 2170 659 2214 sedis
691 2169 861 2227 specula
891 2170 1139 2227 disponente
1170 2169 1351 2214 Domino
1384 2171 1615 2228 constituti,

51 2249 244 2294 omnibus
274 2249 423 2293 mundi
455 2248 689 2304 aecclesiis,
727 2251 817 2291 tam
847 2248 997 2292 vicinis
1029 2262 1156 2305 quam
1185 2248 1308 2304 longe
1338 2250 1511 2306 positis,
1544 2264 1615 2293 ex-

51 2331 145 2372 acta
182 2327 401 2384 diligentia
435 2326 658 2385 providere
696 2326 998 2383 compellimur.
1061 2326 1169 2379 Quia
1198 2341 1296 2370 vero
1333 2327 1486 2371 fratres
1518 2327 1616 2371 Ful-

52 2406 192 2451 densis
237 2406 483 2450 monasterii
527 2407 673 2448 contra
713 2403 1038 2461 prohibitionem
1075 2408 1263 2448 nostram
1303 2419 1527 2462 personam
1565 2406 1616 2449 de

51 2484 232 2529 claustro
271 2484 443 2541 proprio
481 2483 714 2538 elegerunt,
759 2485 800 2525 et
829 2482 1102 2539 prepediente
1134 2483 1397 2527 deformitate
1429 2483 1616 2541 corporis

53 2563 107 2607 ad
136 2562 416 2606 sacerdotium
442 2561 664 2606 ascendere
685 2574 770 2603 non
792 2560 983 2616 debebat,
1016 2560 1127 2617 quod
1148 2560 1198 2604 de
1221 2575 1267 2604 eo
1288 2562 1446 2605 factum
1465 2562 1615 2618 fuerat,

51 2639 98 2685 in
126 2641 294 2684 irritum
325 2639 532 2683 duximus.
581 2639 643 2683 Ne
674 2639 804 2694 igitur
835 2637 981 2682 eadem
1013 2638 1214 2682 aecclesia
1240 2653 1317 2695 pro
1339 2640 1522 2696 pastoris
1545 2639 1617 2684 ab-

54 2719 190 2763 sentia
227 2722 316 2762 tam
350 2718 395 2761 in
427 2717 715 2775 spiritualibus
749 2730 875 2773 quam
906 2716 951 2759 in
981 2716 1281 2773 temporalibus
1313 2717 1459 2772 gravia
1489 2718 1616 2762 detri-

53 2800 197 2841 menta
227 2796 446 2852 sustineat,
476 2810 552 2853 per
572 2796 786 2854 presentia
806 2794 924 2838 vobis
946 2794 1105 2851 scripta
1124 2795 1387 2852 mandamus,
1420 2796 1616 2853 quatinus

149 2891 182 2927 1.
207 2890 264 2927 De
280 2889 350 2928 hoc
366 2890 604 2928 Fuldensium
621 2890 871 2927 additamento
898 2888 943 2926 cf.
964 2889 1157 2936 epistolam
1176 2889 1244 2926 114
1261 2888 1367 2926 infra.
1440 2891 1475 2928 2.
1498 2890 1616 2929 Adae.

54 2949 87 2987 3.
114 2949 298 2988 Heinrico.

1647 278 1740 314 1148

1637 329 1710 367 Apr.
1727 328 1746 358 8

1648 1942 1666 1977 1
1673 1941 1740 1977 148

1638 1992 1711 2031 Apr.
1730 1992 1748 2021 8
