1924 3288
149 289 243 326 1148

154 1382 172 1417 1
180 1381 248 1417 148

280 180 367 224 226
724 192 923 223 wmALm
949 191 1199 224 nmsromn
1226 191 1296 222 144.
1322 191 1392 222 145.

277 287 471 345 patebat,
510 300 586 331 nos
626 287 852 342 ducebant3
893 290 935 331 et
970 287 1032 332 ita
1069 300 1211 332 omnes
1245 287 1291 330 in
1319 286 1650 342 indignationem
1676 285 1843 345 puna

279 367 343 409 et·
371 365 419 408 in
448 364 633 409 dolorem
663 365 854 409 conversi
882 364 1037 409 infecto
1062 365 1229 422 negotio
1248 364 1475 408 redierunt.
1513 362 1838 423 Expeditionum

277 445 419 487 tamen
448 442 603 486 ibidem
633 456 778 486 versus
798 442 1050 487 Asoalonam
1080 442 1336 487 unanimiter
1365 455 1411 486 se
1439 446 1630 487 moturos
1655 453 1837 500 spopon-

277 520 447 576 derunt,
486 520 625 563 locum
655 523 697 564 et
726 520 838 564 diem
868 519 1137 579 prefixerunt.
1200 520 1291 564 Illic
1321 533 1373 563 ex
1402 520 1594 564 condicto
1622 516 1842 566 vonimus

275 598 487 642 neminem
516 598 605 642 fere
633 598 883 642 invenimus
942 598 1006 643 Ibi
1035 598 1353 642 universitatem
1384 601 1476 642 octo
1505 598 1664 642 frustm
1691 597 1837 642 diebus

274 676 506 733 prestolati,
539 676 720 720 seeundo
752 676 803 720 ab
835 676 895 720 eis
926 676 1072 733 delusi,
1104 676 1158 720 ad
1188 676 1361 733 propria
1387 674 1614 720 tendimus.
1652 671 1844 725 ln'bmi·

274 754 402 809 igitur
422 754 512 798 Deo
544 757 753 798 annuente
784 754 837 798 ad
867 757 909 798 te
928 755 1107 810 venturi,
1139 757 1278 809 grates
1308 753 1387 797 tibi
1417 753 1578 797 debitas
1601 752 1842 809 referiri-,5

274 832 383 888 quod
421 830 556 875 filium
592 835 784 876 nostrum
813 833 1114 876 manutenuisti
1151 835 1194 876 et
1230 830 1474 875 fidelitatem
1513 844 1681 876 omnem
1713 830 1836 876 nobis

273 909 492 964 exibuisti3
533 913 576 954 et
605 913 652 954 ut
681 910 734 953 de
764 913 901 954 cetero
930 910 1043 954 idem
1073 910 1211 954 facere
1240 912 1282 954 ’ω
1312 923 1398 953 non
1427 909 1590 967 pigeat,
1624 920 1835 965 rogamus,

272 1000 439 1031 omnem
468 990 587 1031 tuam
619 988 941 1032 benivolentiam
971 987 1096 1043 digne
1125 986 1446 1031 remuneraturi.

278 1129 392 1176 145.
420 1131 641 1175 Heinricus
679 1133 893 1190 episcopus
923 1133 1150 1176 Mindensis
1181 1131 1368 1175 Wibaldo
1405 1130 1640 1188 respondet,
1676 1143 1730 1176 u,
1749 1130 1840 1174 cio-e·

419 1210 772 1274 Paderbomensis
802 1217 840 1252 et
858 1210 1193 1253 Monasteriensis
1224 1210 1508 1268 episcoporum
1531 1207 1699 1253 consilio
1716 1208 1836 1253 enfin*

411 1287 643 1345 factionem
674 1287 759 1330 eius
788 1289 970 1345 recipere
999 1289 1118 1330 nolle.
1627 1283 1706 1339 (Μ.
1720 1283 1837 1337 128.)

389 1374 630 1420 Venerabili
660 1374 827 1419 domino
859 1379 1028 1420 sanetae
1057 1375 1319 1420 Corbeiensis
1351 1373 1548 1418 ecelesiae
1578 1373 1720 1418 abbati
1746 1371 1840 1419 wi*

273 1453 394 1499 boldo
424 1452 646 1496 Heinrieus
677 1466 754 1510 per
784 1454 1115 1498 misericordiam
1142 1453 1222 1497 Dei
1252 1453 1297 1496 id
1327 1453 1438 1509 quod
1468 1455 1532 1496 est
1561 1451 1606 1495 in
1625 1449 1835 1496 Mindensi

272 1531 493 1587 aeeclesia,
531 1530 766 1574 orationum
798 1534 840 1575 et
870 1530 1005 1575 fidelis
1037 1531 1245 1588 obsequii,
1279 1533 1482 1587 quantum
1511 1528 1735 1587 permittit,
1762 1527 1834 1573 ὼν

270 1613 412 1654 votam
444 1608 756 1652 exhibitionem.

389 1686 568 1742 Legatos
601 1689 643 1730 et
661 1686 825 1730 litteras
847 1689 1009 1730 vestras
1031 1687 1171 1743 sepius
1193 1685 1443 1741 audivimus,
1475 1683 1693 1729 offerentes
1712 1683 1833 1729 nobis

269 1766 500 1810 fiaternam
531 1764 861 1808 satisfactionem
892 1778 1018 1822 super
1048 1764 1164 1807 omni
1193 1763 1348 1808 iniuria
1371 1766 1412 1807 et
1431 1762 1637 1818 molestia,
1668 1775 1753 1819 qua
1780 1774 1833 1808 ex

271 1847 391 1900 parte
414 1845 556 1887 vestra
585 1842 664 1886 lesi
692 1845 895 1886 tenemur.
941 1841 1060 1893 Quod
1079 1855 1178 1886 vero
1208 1855 1342 1898 usque,
1369 1841 1493 1885 modo
1512 1840 1630 1885 vobis
1659 1852 1833 1898 respon-

270 1922 368 1965 dere
401 1920 654 1975 distulimus,
686 1934 771 1963 non
801 1920 881 1963 fuit
910 1934 963 1964 ex
993 1922 1236 1977 contemptu
1265 1922 1430 1964 vestrae
1458 1931 1662 1976 personae
1683 1917 1752 1962 vel
1779 1931 1832 1965 ex

271 1999 412 2055 aliqua
443 1998 574 2042 animi
603 1998 739 2041 nostri
769 1997 968 2054 elatione,
1005 2001 1069 2042 set
1098 2001 1271 2055 propter
1301 1997 1399 2052 hoe,
1430 1995 1530 2052 quia
1559 1994 1832 2040 desiderando
1896 2014 1902 2022 ·

271 2077 620 2134 exspectavimus,
652 2079 700 2119 ut
728 2075 986 2119 venerabiles
1018 2075 1189 2131 domini,
1219 2073 1590 2118 Patherbornensis
1604 2070 1614 2090 ¹
1639 2071 1834 2118 videlieet

270 2155 491 2212 episeopus
524 2157 565 2197 et
589 2150 969 2209 Monaster'iensis',
999 2152 1097 2197 huie
1125 2153 1292 2208 negotio
1321 2166 1398 2210 per
1427 2165 1548 2195 suam
1576 2150 1832 2209 presentiam

271 2233 481 2276 adiutores
514 2231 760 2275 assisterent
789 2234 831 2274 et
861 2244 913 2274 ex
944 2244 1088 2275 eorum
1118 2230 1342 2288 prudentia
1371 2232 1413 2274 et
1437 2229 1610 2273 consilio
1631 2242 1697 2284 ea,
1725 2241 1831 2286 quae

270 2310 379 2354 inter
414 2322 491 2353 nos
524 2313 724 2364 aguntur,
762 2309 946 2352 fraterne
976 2311 1283 2366 componerent.
1346 2307 1420 2351 Set
1447 2307 1547 2351 lieet
1574 2306 1731 2364 prefati
1756 2305 1831 2351 do-

269 2388 374 2431 mini
404 2387 541 2431 nostri
563 2390 605 2431 et
625 2387 750 2430 amici
770 2390 915 2430 eontra
935 2400 1057 2430 suum
1077 2386 1344 2443 promissum,
1375 2384 1484 2428 sieut
1502 2381 1668 2428 Remis⁸
1688 2383 1831 2430 audie-

269 2466 388 2521 ratiS,
410 2478 549 2508 moras
570 2465 727 2508 faciant
747 2467 790 2508 et
808 2464 992 2522 propriis
1012 2463 1323 2521 impedimentis
1344 2463 1535 2520 occupati
1553 2462 1651 2506 huie
1662 2464 1833 2506 nostrae

271 2556 421 2588 causae
444 2556 529 2586 non
550 2542 811 2597 subveniant,
843 2556 919 2586 nos
939 2545 1095 2598 tamen,
1126 2542 1172 2585 in
1190 2541 1280 2585 Deo
1301 2553 1444 2585 curam
1463 2542 1653 2584 nostram
1670 2539 1830 2588 iaetan-

270 2625 349 2677 tes,
382 2621 517 2665 adhue
546 2633 690 2664 eorum
720 2619 1047 2664 consolationem
1078 2623 1120 2663 et
1149 2618 1369 2663 consilium
1388 2617 1602 2661 attendere
1623 2617 1830 2676 disposui-

269 2712 378 2755 mus,
411 2712 587 2755 quorum
618 2710 781 2741 meeum
802 2696 1103 2740 conscientiae*
1134 2695 1479 2740 determinabitur
1508 2695 1682 2752 iudicio,
1718 2693 1830 2752 quod

271 2777 322 2821 de
352 2776 470 2821 vobis
502 2775 806 2833 querimoniam
836 2787 920 2818 non
951 2774 1168 2818 habuerim
1197 2773 1417 2818 immerito.

366 2891 392 2912 a.
423 2884 454 2913 et
476 2883 660 2914 addiderunt
683 2885 819 2914 Murteae
839 2888 867 2911 et
888 2882 1027 2912 Dumnd.
1110 2881 1140 2911 b.
1169 2892 1208 2911 an
1230 2889 1296 2910 men
1316 2888 1383 2909 cum
1406 2879 1611 2910 conscientia?

365 2940 397 2975 1.
424 2939 669 2977 Bernhardus.
767 2941 802 2975 2.
827 2938 1037 2976 Wernerus.
1132 2938 1167 2974 3.
1194 2937 1286 2973 1148
1307 2937 1412 2973 Mart.
1429 2936 1520 2983 Apr.
