<?xml version="1.0" encoding="UTF-8"?>
<!DOCTYPE html PUBLIC "-//W3C//DTD XHTML 1.0 Transitional//EN"
    "http://www.w3.org/TR/xhtml1/DTD/xhtml1-transitional.dtd">
<html xmlns="http://www.w3.org/1999/xhtml" xml:lang="en" lang="en">
 <head>
  <title>
</title>
<meta http-equiv="Content-Type" content="text/html;charset=utf-8" />
  <meta name='ocr-system' content='tesseract 3.04.00' />
  <meta name='ocr-capabilities' content='ocr_page ocr_carea ocr_par ocr_line ocrx_word'/>
</head>
<body>
  <div class='ocr_page' id='page_1' title='image "bibliothecarerum01wattuoft_0162.png"; bbox 0 0 1924 3288; ppageno 0'>
   <div class='ocr_carea' id='block_1_1' title="bbox 190 533 281 568">
    <p class='ocr_par' dir='ltr' id='par_1_1' title="bbox 190 533 281 568">
     <span class='ocr_line' id='line_1_1' title="bbox 190 533 281 568; baseline 0 0"><span class='ocrx_word' id='word_1_1' title='bbox 190 533 281 568; x_wconf 81' lang='lat'>1147</span> 
     </span>
    </p>
   </div>
   <div class='ocr_carea' id='block_1_2' title="bbox 178 581 295 613">
    <p class='ocr_par' dir='ltr' id='par_1_2' title="bbox 178 581 295 613">
     <span class='ocr_line' id='line_1_2' title="bbox 178 581 295 613; baseline 0 -1"><span class='ocrx_word' id='word_1_2' title='bbox 178 591 204 612; x_wconf 86' lang='lat' dir='ltr'>c.</span> <span class='ocrx_word' id='word_1_3' title='bbox 221 581 295 613; x_wconf 88' lang='lat' dir='ltr'>Dec.</span> 
     </span>
    </p>
   </div>
   <div class='ocr_carea' id='block_1_3' title="bbox 322 175 1362 218">
    <p class='ocr_par' dir='ltr' id='par_1_3' title="bbox 322 175 1362 218">
     <span class='ocr_line' id='line_1_3' title="bbox 322 175 1362 218; baseline -0.003 0"><span class='ocrx_word' id='word_1_4' title='bbox 322 175 407 218; x_wconf 90' lang='lat'>144</span> <span class='ocrx_word' id='word_1_5' title='bbox 840 186 1038 217; x_wconf 77' lang='lat' dir='ltr'>wmALDI</span> <span class='ocrx_word' id='word_1_6' title='bbox 1066 185 1285 216; x_wconf 67' lang='lat' dir='ltr'>nms&#39;rom</span> <span class='ocrx_word' id='word_1_7' title='bbox 1311 184 1362 215; x_wconf 77' lang='lat' dir='ltr'>ss.</span> 
     </span>
    </p>
   </div>
   <div class='ocr_carea' id='block_1_4' title="bbox 322 279 1880 494">
    <p class='ocr_par' dir='ltr' id='par_1_4' title="bbox 322 279 1880 494">
     <span class='ocr_line' id='line_1_4' title="bbox 322 279 1876 338; baseline -0.003 -10"><span class='ocrx_word' id='word_1_8' title='bbox 322 281 403 328; x_wconf 84' lang='lat'>68.</span> <span class='ocrx_word' id='word_1_9' title='bbox 436 282 639 326; x_wconf 71' lang='lat' dir='ltr'>Henricus</span> <span class='ocrx_word' id='word_1_10' title='bbox 675 283 962 324; x_wconf 81' lang='lat' dir='ltr'>Romanorum</span> <span class='ocrx_word' id='word_1_11' title='bbox 1008 296 1084 323; x_wconf 70' lang='lat' dir='ltr'>rex</span> <span class='ocrx_word' id='word_1_12' title='bbox 1119 280 1310 338; x_wconf 74' lang='lat' dir='ltr'>Enyenio</span> <span class='ocrx_word' id='word_1_13' title='bbox 1342 279 1417 323; x_wconf 88' lang='grc' dir='ltr'>ΠΙ</span> <span class='ocrx_word' id='word_1_14' title='bbox 1438 295 1584 338; x_wconf 75' lang='lat' dir='ltr'>papae</span> <span class='ocrx_word' id='word_1_15' title='bbox 1620 279 1876 323; x_wconf 53' lang='lat' dir='ltr'>commendat</span> 
     </span>
     <span class='ocr_line' id='line_1_5' title="bbox 436 357 1880 416; baseline -0.003 -13"><span class='ocrx_word' id='word_1_16' title='bbox 436 360 662 403; x_wconf 77' lang='lat' dir='ltr'>Hem-icum</span> <span class='ocrx_word' id='word_1_17' title='bbox 683 360 1035 416; x_wconf 75' lang='lat' dir='ltr'>archiepiscopum</span> <span class='ocrx_word' id='word_1_18' title='bbox 1052 358 1342 415; x_wconf 42' lang='lat' dir='ltr'>*Moyuntinum</span> <span class='ocrx_word' id='word_1_19' title='bbox 1363 365 1401 400; x_wconf 80' lang='lat' dir='ltr'>et</span> <span class='ocrx_word' id='word_1_20' title='bbox 1424 357 1657 401; x_wconf 72' lang='lat' dir='ltr'>Wibaldwm</span> <span class='ocrx_word' id='word_1_21' title='bbox 1676 357 1880 402; x_wconf 62' lang='lat' dir='ltr'>abbam.</span> 
     </span>
     <span class='ocr_line' id='line_1_6' title="bbox 436 431 1878 494; baseline -0.002 -14"><span class='ocrx_word' id='word_1_22' title='bbox 436 438 506 481; x_wconf 87' lang='lat' dir='ltr'>De</span> <span class='ocrx_word' id='word_1_23' title='bbox 537 439 692 494; x_wconf 75' lang='lat' dir='ltr'>Aynete</span> <span class='ocrx_word' id='word_1_24' title='bbox 723 438 885 479; x_wconf 75' lang='lat' dir='ltr'><strong><em>ducissa</em></strong></span> <span class='ocrx_word' id='word_1_25' title='bbox 916 436 1116 478; x_wconf 81' lang='lat' dir='ltr'>Polom‘ae</span> <span class='ocrx_word' id='word_1_26' title='bbox 1145 436 1396 478; x_wconf 76' lang='lat' dir='ltr'>restituenda</span> <span class='ocrx_word' id='word_1_27' title='bbox 1425 435 1630 478; x_wconf 72' lang='lat' dir='ltr'>hortatur..</span> <span class='ocrx_word' id='word_1_28' title='bbox 1683 431 1764 488; x_wconf 66' lang='lat' dir='ltr'>(E</span> <span class='ocrx_word' id='word_1_29' title='bbox 1784 432 1878 488; x_wconf 62' lang='grc'>56)</span> 
     </span>
    </p>
   </div>
   <div class='ocr_carea' id='block_1_5' title="bbox 317 513 1884 2840">
    <p class='ocr_par' dir='ltr' id='par_1_5' title="bbox 318 513 1878 726">
     <span class='ocr_line' id='line_1_7' title="bbox 436 513 1878 582; baseline -0.001 -13"><span class='ocrx_word' id='word_1_30' title='bbox 436 526 720 570; x_wconf 80' lang='lat' dir='ltr'>Dilectissimo</span> <span class='ocrx_word' id='word_1_31' title='bbox 750 525 796 568; x_wconf 92' lang='lat' dir='ltr'>in</span> <span class='ocrx_word' id='word_1_32' title='bbox 824 524 992 568; x_wconf 86' lang='lat' dir='ltr'>Christo</span> <span class='ocrx_word' id='word_1_33' title='bbox 1022 524 1137 582; x_wconf 92' lang='lat' dir='ltr'>patri</span> <span class='ocrx_word' id='word_1_34' title='bbox 1162 523 1352 579; x_wconf 88' lang='lat' dir='ltr'>Eugenio</span> <span class='ocrx_word' id='word_1_35' title='bbox 1382 536 1546 567; x_wconf 91' lang='lat' dir='ltr'>summo</span> <span class='ocrx_word' id='word_1_36' title='bbox 1576 526 1620 568; x_wconf 90' lang='lat' dir='ltr'>et</span> <span class='ocrx_word' id='word_1_37' title='bbox 1645 513 1878 568; x_wconf 69' lang='lat' dir='ltr'>universali</span> 
     </span>
     <span class='ocr_line' id='line_1_8' title="bbox 318 600 1879 662; baseline -0.003 -14"><span class='ocrx_word' id='word_1_38' title='bbox 318 603 506 662; x_wconf 91' lang='lat' dir='ltr'>pontifici</span> <span class='ocrx_word' id='word_1_39' title='bbox 535 603 740 647; x_wconf 89' lang='lat' dir='ltr'>Henricus</span> <span class='ocrx_word' id='word_1_40' title='bbox 760 602 841 646; x_wconf 93' lang='lat' dir='ltr'>Dei</span> <span class='ocrx_word' id='word_1_41' title='bbox 870 602 1008 658; x_wconf 88' lang='lat' dir='ltr'>gratia</span> <span class='ocrx_word' id='word_1_42' title='bbox 1036 602 1319 646; x_wconf 88' lang='lat' dir='ltr'>Romanorum</span> <span class='ocrx_word' id='word_1_43' title='bbox 1345 615 1422 645; x_wconf 84' lang='lat' dir='ltr'>rex</span> <span class='ocrx_word' id='word_1_44' title='bbox 1449 600 1622 645; x_wconf 83' lang='lat' dir='ltr'>filialem</span> <span class='ocrx_word' id='word_1_45' title='bbox 1634 614 1716 659; x_wconf 85' lang='lat' dir='ltr'>per</span> <span class='ocrx_word' id='word_1_46' title='bbox 1734 600 1879 646; x_wconf 74' lang='lat' dir='ltr'>omnia·</span> 
     </span>
     <span class='ocr_line' id='line_1_9' title="bbox 319 677 1869 726; baseline -0.001 -1"><span class='ocrx_word' id='word_1_47' title='bbox 319 681 584 726; x_wconf 88' lang='lat' dir='ltr'>dilectionem</span> <span class='ocrx_word' id='word_1_48' title='bbox 614 683 656 724; x_wconf 90' lang='lat' dir='ltr'>et</span> <span class='ocrx_word' id='word_1_49' title='bbox 685 680 871 724; x_wconf 83' lang='lat' dir='ltr'>debitam</span> <span class='ocrx_word' id='word_1_50' title='bbox 899 680 946 723; x_wconf 92' lang='lat' dir='ltr'>in</span> <span class='ocrx_word' id='word_1_51' title='bbox 975 679 1158 724; x_wconf 90' lang='lat' dir='ltr'>Domino</span> <span class='ocrx_word' id='word_1_52' title='bbox 1188 680 1480 724; x_wconf 87' lang='lat' dir='ltr'>reverentiam.</span> <span class='ocrx_word' id='word_1_53' title='bbox 1851 677 1869 707; x_wconf 72' lang='lat'>³</span> 
     </span>
    </p>

    <p class='ocr_par' dir='ltr' id='par_1_6' title="bbox 317 755 1884 2840">
     <span class='ocr_line' id='line_1_10' title="bbox 439 755 1881 813; baseline -0.001 -11"><span class='ocrx_word' id='word_1_54' title='bbox 439 758 662 802; x_wconf 87' lang='lat' dir='ltr'>Sanctitati</span> <span class='ocrx_word' id='word_1_55' title='bbox 707 762 871 802; x_wconf 89' lang='lat' dir='ltr'>vestrae</span> <span class='ocrx_word' id='word_1_56' title='bbox 919 758 1019 802; x_wconf 90' lang='lat' dir='ltr'>totis</span> <span class='ocrx_word' id='word_1_57' title='bbox 1066 759 1196 802; x_wconf 90' lang='lat' dir='ltr'>animi</span> <span class='ocrx_word' id='word_1_58' title='bbox 1239 758 1400 802; x_wconf 87' lang='lat' dir='ltr'>viribus</span> <span class='ocrx_word' id='word_1_59' title='bbox 1444 757 1600 802; x_wconf 81' lang='lat' dir='ltr'>multas</span> <span class='ocrx_word' id='word_1_60' title='bbox 1643 755 1881 813; x_wconf 63' lang='lat' dir='ltr'>gratiarum</span> 
     </span>
     <span class='ocr_line' id='line_1_11' title="bbox 320 832 1882 893; baseline -0.001 -13"><span class='ocrx_word' id='word_1_61' title='bbox 320 836 503 880; x_wconf 76' lang='lat' dir='ltr'>actiones</span> <span class='ocrx_word' id='word_1_62' title='bbox 541 836 783 892; x_wconf 85' lang='lat' dir='ltr'>referimus,</span> <span class='ocrx_word' id='word_1_63' title='bbox 831 836 943 893; x_wconf 91' lang='lat' dir='ltr'>quod</span> <span class='ocrx_word' id='word_1_64' title='bbox 977 835 1136 892; x_wconf 85' lang='lat' dir='ltr'>legatos</span> <span class='ocrx_word' id='word_1_65' title='bbox 1175 839 1341 881; x_wconf 89' lang='lat' dir='ltr'>nostros</span> <span class='ocrx_word' id='word_1_66' title='bbox 1380 839 1423 880; x_wconf 93' lang='lat' dir='ltr'>et</span> <span class='ocrx_word' id='word_1_67' title='bbox 1457 835 1621 880; x_wconf 81' lang='lat' dir='ltr'>litteras</span> <span class='ocrx_word' id='word_1_68' title='bbox 1659 832 1882 879; x_wconf 64' lang='lat' dir='ltr'>affectione</span> 
     </span>
     <span class='ocr_line' id='line_1_12' title="bbox 318 913 1878 972; baseline -0.001 -14"><span class='ocrx_word' id='word_1_69' title='bbox 318 918 496 972; x_wconf 89' lang='lat' dir='ltr'>paterna</span> <span class='ocrx_word' id='word_1_70' title='bbox 525 915 784 972; x_wconf 82' lang='lat' dir='ltr'>suscepistis,</span> <span class='ocrx_word' id='word_1_71' title='bbox 816 917 859 958; x_wconf 92' lang='lat' dir='ltr'>et</span> <span class='ocrx_word' id='word_1_72' title='bbox 879 913 1131 958; x_wconf 86' lang='lat' dir='ltr'>dulcissimis</span> <span class='ocrx_word' id='word_1_73' title='bbox 1152 914 1364 972; x_wconf 88' lang='lat' dir='ltr'>responsis</span> <span class='ocrx_word' id='word_1_74' title='bbox 1384 914 1535 958; x_wconf 86' lang='lat' dir='ltr'>vestris</span> <span class='ocrx_word' id='word_1_75' title='bbox 1553 915 1744 957; x_wconf 75' lang='lat' dir='ltr'>nostram</span> <span class='ocrx_word' id='word_1_76' title='bbox 1763 914 1878 957; x_wconf 56' lang='lat' dir='ltr'>nstv</span> 
     </span>
     <span class='ocr_line' id='line_1_13' title="bbox 318 979 1880 1048; baseline -0.001 -12"><span class='ocrx_word' id='word_1_77' title='bbox 318 996 405 1036; x_wconf 91' lang='lat' dir='ltr'>tem</span> <span class='ocrx_word' id='word_1_78' title='bbox 442 992 496 1036; x_wconf 88' lang='lat' dir='ltr'>ad</span> <span class='ocrx_word' id='word_1_79' title='bbox 534 993 701 1037; x_wconf 85' lang='lat' dir='ltr'>divinae</span> <span class='ocrx_word' id='word_1_80' title='bbox 731 992 947 1048; x_wconf 84' lang='lat' dir='ltr'>religionis</span> <span class='ocrx_word' id='word_1_81' title='bbox 976 991 1137 1036; x_wconf 90' lang='lat' dir='ltr'>cultum</span> <span class='ocrx_word' id='word_1_82' title='bbox 1167 995 1210 1036; x_wconf 90' lang='lat' dir='ltr'>et</span> <span class='ocrx_word' id='word_1_83' title='bbox 1239 996 1408 1036; x_wconf 90' lang='lat' dir='ltr'>sanctae</span> <span class='ocrx_word' id='word_1_84' title='bbox 1439 991 1663 1036; x_wconf 77' lang='lat' dir='ltr'>aecclesiae</span> <span class='ocrx_word' id='word_1_85' title='bbox 1691 979 1880 1035; x_wconf 70' lang='lat' dir='ltr'>amorem‘</span> 
     </span>
     <span class='ocr_line' id='line_1_14' title="bbox 317 1067 1881 1128; baseline -0.001 -14"><span class='ocrx_word' id='word_1_86' title='bbox 317 1070 496 1126; x_wconf 84' lang='lat' dir='ltr'>benigne</span> <span class='ocrx_word' id='word_1_87' title='bbox 525 1071 807 1126; x_wconf 85' lang='lat' dir='ltr'>informastis,</span> <span class='ocrx_word' id='word_1_88' title='bbox 849 1073 891 1114; x_wconf 91' lang='lat' dir='ltr'>et</span> <span class='ocrx_word' id='word_1_89' title='bbox 921 1070 972 1114; x_wconf 92' lang='lat' dir='ltr'>de</span> <span class='ocrx_word' id='word_1_90' title='bbox 1003 1070 1194 1114; x_wconf 88' lang='lat' dir='ltr'>absentia</span> <span class='ocrx_word' id='word_1_91' title='bbox 1222 1070 1359 1114; x_wconf 89' lang='lat' dir='ltr'>incliti</span> <span class='ocrx_word' id='word_1_92' title='bbox 1380 1071 1522 1128; x_wconf 79' lang='lat' dir='ltr'>patris</span> <span class='ocrx_word' id='word_1_93' title='bbox 1552 1069 1710 1126; x_wconf 78' lang='lat' dir='ltr'>nostri,</span> <span class='ocrx_word' id='word_1_94' title='bbox 1748 1067 1881 1113; x_wconf 47' lang='grc' dir='ltr'>νοῶ</span> 
     </span>
     <span class='ocr_line' id='line_1_15' title="bbox 318 1145 1882 1205; baseline 0 -14"><span class='ocrx_word' id='word_1_95' title='bbox 318 1148 463 1205; x_wconf 91' lang='lat' dir='ltr'>utique</span> <span class='ocrx_word' id='word_1_96' title='bbox 493 1148 754 1193; x_wconf 85' lang='lat' dir='ltr'>devotissimi</span> <span class='ocrx_word' id='word_1_97' title='bbox 782 1147 880 1204; x_wconf 91' lang='lat' dir='ltr'>filii,</span> <span class='ocrx_word' id='word_1_98' title='bbox 918 1148 1036 1205; x_wconf 92' lang='lat' dir='ltr'>piam</span> <span class='ocrx_word' id='word_1_99' title='bbox 1067 1151 1108 1192; x_wconf 90' lang='lat' dir='ltr'>et</span> <span class='ocrx_word' id='word_1_100' title='bbox 1139 1147 1350 1192; x_wconf 88' lang='lat' dir='ltr'>efficacem</span> <span class='ocrx_word' id='word_1_101' title='bbox 1380 1147 1732 1192; x_wconf 83' lang='lat' dir='ltr'>consolationem·</span> <span class='ocrx_word' id='word_1_102' title='bbox 1755 1145 1882 1191; x_wconf 78' lang='lat' dir='ltr'>exhi·-</span> 
     </span>
     <span class='ocr_line' id='line_1_16' title="bbox 317 1225 1879 1283; baseline -0.001 -13"><span class='ocrx_word' id='word_1_103' title='bbox 317 1225 481 1270; x_wconf 89' lang='lat' dir='ltr'>buistis.</span> <span class='ocrx_word' id='word_1_104' title='bbox 527 1226 690 1270; x_wconf 89' lang='lat' dir='ltr'>Vestris</span> <span class='ocrx_word' id='word_1_105' title='bbox 722 1239 819 1282; x_wconf 86' lang='lat' dir='ltr'>ergo</span> <span class='ocrx_word' id='word_1_106' title='bbox 852 1226 964 1283; x_wconf 89' lang='lat' dir='ltr'>apud</span> <span class='ocrx_word' id='word_1_107' title='bbox 984 1226 1122 1270; x_wconf 91' lang='lat' dir='ltr'>Deum</span> <span class='ocrx_word' id='word_1_108' title='bbox 1145 1226 1519 1270; x_wconf 88' lang='lat' dir='ltr'>intervenientibus</span> <span class='ocrx_word' id='word_1_109' title='bbox 1538 1225 1726 1281; x_wconf 76' lang='lat' dir='ltr'>meritis,</span> <span class='ocrx_word' id='word_1_110' title='bbox 1747 1235 1879 1282; x_wconf 75' lang='lat' dir='ltr'>qum-</span> 
     </span>
     <span class='ocr_line' id='line_1_17' title="bbox 318 1302 1878 1361; baseline -0.001 -14"><span class='ocrx_word' id='word_1_111' title='bbox 318 1306 410 1347; x_wconf 90' lang='lat' dir='ltr'>tum</span> <span class='ocrx_word' id='word_1_112' title='bbox 446 1317 524 1361; x_wconf 91' lang='lat' dir='ltr'>per</span> <span class='ocrx_word' id='word_1_113' title='bbox 558 1304 692 1361; x_wconf 90' lang='lat' dir='ltr'>ipsius</span> <span class='ocrx_word' id='word_1_114' title='bbox 723 1304 904 1359; x_wconf 85' lang='lat' dir='ltr'>gratiam</span> <span class='ocrx_word' id='word_1_115' title='bbox 933 1307 1071 1348; x_wconf 90' lang='lat' dir='ltr'>aetate</span> <span class='ocrx_word' id='word_1_116' title='bbox 1102 1307 1144 1348; x_wconf 89' lang='lat' dir='ltr'>et</span> <span class='ocrx_word' id='word_1_117' title='bbox 1171 1304 1381 1348; x_wconf 78' lang='lat' dir='ltr'>industria</span> <span class='ocrx_word' id='word_1_118' title='bbox 1410 1302 1611 1361; x_wconf 90' lang='lat' dir='ltr'>proficere</span> <span class='ocrx_word' id='word_1_119' title='bbox 1639 1313 1878 1361; x_wconf 75' lang='lat' dir='ltr'>possmus,</span> 
     </span>
     <span class='ocr_line' id='line_1_18' title="bbox 318 1381 1880 1440; baseline 0 -15"><span class='ocrx_word' id='word_1_120' title='bbox 318 1381 581 1426; x_wconf 80' lang='lat' dir='ltr'>tantumdem</span> <span class='ocrx_word' id='word_1_121' title='bbox 617 1382 663 1425; x_wconf 93' lang='lat' dir='ltr'>in</span> <span class='ocrx_word' id='word_1_122' title='bbox 699 1385 864 1426; x_wconf 87' lang='lat' dir='ltr'>vestrae</span> <span class='ocrx_word' id='word_1_123' title='bbox 902 1395 1106 1440; x_wconf 90' lang='lat' dir='ltr'>personae</span> <span class='ocrx_word' id='word_1_124' title='bbox 1145 1386 1187 1426; x_wconf 92' lang='lat' dir='ltr'>et</span> <span class='ocrx_word' id='word_1_125' title='bbox 1217 1385 1506 1426; x_wconf 88' lang='lat' dir='ltr'>sacrosanctae</span> <span class='ocrx_word' id='word_1_126' title='bbox 1534 1381 1747 1425; x_wconf 74' lang='lat' dir='ltr'>Romanae</span> <span class='ocrx_word' id='word_1_127' title='bbox 1768 1382 1880 1425; x_wconf 63' lang='grc' dir='ltr'>11όοῦ</span> 
     </span>
     <span class='ocr_line' id='line_1_19' title="bbox 319 1445 1882 1504; baseline 0 -2"><span class='ocrx_word' id='word_1_128' title='bbox 319 1459 470 1503; x_wconf 87' lang='lat' dir='ltr'>clesiae</span> <span class='ocrx_word' id='word_1_129' title='bbox 515 1459 781 1503; x_wconf 89' lang='lat' dir='ltr'>dilectionem</span> <span class='ocrx_word' id='word_1_130' title='bbox 825 1473 874 1504; x_wconf 90' lang='lat' dir='ltr'>ac</span> <span class='ocrx_word' id='word_1_131' title='bbox 917 1461 1046 1504; x_wconf 88' lang='lat' dir='ltr'>totius</span> <span class='ocrx_word' id='word_1_132' title='bbox 1091 1459 1319 1504; x_wconf 88' lang='lat' dir='ltr'>catholicae</span> <span class='ocrx_word' id='word_1_133' title='bbox 1358 1460 1557 1504; x_wconf 85' lang='lat' dir='ltr'>ecclesiae</span> <span class='ocrx_word' id='word_1_134' title='bbox 1595 1445 1882 1503; x_wconf 69' lang='lat' dir='ltr'>defensioffl</span> 
     </span>
     <span class='ocr_line' id='line_1_20' title="bbox 320 1536 1880 1595; baseline 0.001 -15"><span class='ocrx_word' id='word_1_135' title='bbox 320 1537 558 1581; x_wconf 87' lang='lat' dir='ltr'>crescimus.</span> <span class='ocrx_word' id='word_1_136' title='bbox 607 1537 823 1594; x_wconf 89' lang='lat' dir='ltr'>Siquidem</span> <span class='ocrx_word' id='word_1_137' title='bbox 859 1541 981 1595; x_wconf 91' lang='lat' dir='ltr'>pater</span> <span class='ocrx_word' id='word_1_138' title='bbox 1009 1541 1171 1594; x_wconf 90' lang='lat' dir='ltr'>noster,</span> <span class='ocrx_word' id='word_1_139' title='bbox 1214 1539 1239 1582; x_wconf 79' lang='lat' dir='ltr'>a</span> <span class='ocrx_word' id='word_1_140' title='bbox 1266 1538 1387 1582; x_wconf 89' lang='lat' dir='ltr'>nobis</span> <span class='ocrx_word' id='word_1_141' title='bbox 1418 1538 1494 1582; x_wconf 92' lang='lat' dir='ltr'>sub</span> <span class='ocrx_word' id='word_1_142' title='bbox 1524 1536 1681 1582; x_wconf 83' lang='lat' dir='ltr'>vexillo</span> <span class='ocrx_word' id='word_1_143' title='bbox 1709 1538 1880 1581; x_wconf 71' lang='lat' dir='ltr'>sanotae</span> 
     </span>
     <span class='ocr_line' id='line_1_21' title="bbox 320 1603 1879 1674; baseline 0 -16"><span class='ocrx_word' id='word_1_144' title='bbox 320 1615 456 1658; x_wconf 88' lang='lat' dir='ltr'>crucis</span> <span class='ocrx_word' id='word_1_145' title='bbox 501 1615 720 1671; x_wconf 87' lang='lat' dir='ltr'>recedens,</span> <span class='ocrx_word' id='word_1_146' title='bbox 766 1615 870 1659; x_wconf 91' lang='lat' dir='ltr'>haec</span> <span class='ocrx_word' id='word_1_147' title='bbox 907 1615 1026 1659; x_wconf 91' lang='lat' dir='ltr'>nobis</span> <span class='ocrx_word' id='word_1_148' title='bbox 1069 1629 1294 1674; x_wconf 88' lang='lat' dir='ltr'>supprema</span> <span class='ocrx_word' id='word_1_149' title='bbox 1331 1618 1373 1659; x_wconf 87' lang='lat' dir='ltr'>et</span> <span class='ocrx_word' id='word_1_150' title='bbox 1409 1603 1656 1659; x_wconf 84' lang='lat' dir='ltr'>multociens</span> <span class='ocrx_word' id='word_1_151' title='bbox 1698 1613 1879 1672; x_wconf 67' lang='lat' dir='ltr'>repetita</span> 
     </span>
     <span class='ocr_line' id='line_1_22' title="bbox 319 1689 1881 1752; baseline 0 -16"><span class='ocrx_word' id='word_1_152' title='bbox 319 1693 519 1736; x_wconf 89' lang='lat' dir='ltr'>mandata</span> <span class='ocrx_word' id='word_1_153' title='bbox 555 1693 745 1750; x_wconf 90' lang='lat' dir='ltr'>reliquit,</span> <span class='ocrx_word' id='word_1_154' title='bbox 785 1697 832 1736; x_wconf 88' lang='lat' dir='ltr'>ut</span> <span class='ocrx_word' id='word_1_155' title='bbox 867 1707 942 1737; x_wconf 87' lang='lat' dir='ltr'>vos</span> <span class='ocrx_word' id='word_1_156' title='bbox 980 1694 1089 1737; x_wconf 92' lang='lat' dir='ltr'>sicut</span> <span class='ocrx_word' id='word_1_157' title='bbox 1126 1695 1267 1752; x_wconf 88' lang='lat' dir='ltr'>ipsum</span> <span class='ocrx_word' id='word_1_158' title='bbox 1302 1692 1421 1736; x_wconf 91' lang='lat' dir='ltr'>filiali</span> <span class='ocrx_word' id='word_1_159' title='bbox 1459 1696 1501 1736; x_wconf 92' lang='lat' dir='ltr'>et</span> <span class='ocrx_word' id='word_1_160' title='bbox 1536 1692 1686 1736; x_wconf 88' lang='lat' dir='ltr'>intimo</span> <span class='ocrx_word' id='word_1_161' title='bbox 1727 1689 1881 1736; x_wconf 53' lang='lat' dir='ltr'>affeetu</span> 
     </span>
     <span class='ocr_line' id='line_1_23' title="bbox 320 1770 1877 1828; baseline 0 -14"><span class='ocrx_word' id='word_1_162' title='bbox 320 1770 609 1827; x_wconf 87' lang='lat' dir='ltr'>diligeremus,</span> <span class='ocrx_word' id='word_1_163' title='bbox 646 1774 694 1814; x_wconf 91' lang='lat' dir='ltr'>ut</span> <span class='ocrx_word' id='word_1_164' title='bbox 733 1771 758 1815; x_wconf 78' lang='lat' dir='ltr'>a</span> <span class='ocrx_word' id='word_1_165' title='bbox 794 1771 933 1827; x_wconf 90' lang='lat' dir='ltr'>vobis,</span> <span class='ocrx_word' id='word_1_166' title='bbox 973 1775 1176 1828; x_wconf 90' lang='lat' dir='ltr'>tanquam</span> <span class='ocrx_word' id='word_1_167' title='bbox 1215 1771 1240 1814; x_wconf 75' lang='lat' dir='ltr'>a</span> <span class='ocrx_word' id='word_1_168' title='bbox 1275 1770 1517 1815; x_wconf 88' lang='lat' dir='ltr'>fidelissimo</span> <span class='ocrx_word' id='word_1_169' title='bbox 1556 1771 1680 1815; x_wconf 83' lang='lat' dir='ltr'>etatis</span> <span class='ocrx_word' id='word_1_170' title='bbox 1707 1773 1877 1814; x_wconf 79' lang='lat' dir='ltr'>nostrae</span> 
     </span>
     <span class='ocr_line' id='line_1_24' title="bbox 318 1848 1877 1907; baseline 0 -15"><span class='ocrx_word' id='word_1_171' title='bbox 318 1851 471 1904; x_wconf 85' lang='lat' dir='ltr'>tutore,</span> <span class='ocrx_word' id='word_1_172' title='bbox 502 1863 650 1893; x_wconf 82' lang='lat' dir='ltr'>verum</span> <span class='ocrx_word' id='word_1_173' title='bbox 680 1849 900 1892; x_wconf 91' lang='lat' dir='ltr'>consilium</span> <span class='ocrx_word' id='word_1_174' title='bbox 931 1853 973 1893; x_wconf 88' lang='lat' dir='ltr'>et</span> <span class='ocrx_word' id='word_1_175' title='bbox 1003 1852 1243 1907; x_wconf 90' lang='lat' dir='ltr'>competens</span> <span class='ocrx_word' id='word_1_176' title='bbox 1276 1849 1528 1893; x_wconf 89' lang='lat' dir='ltr'>adiutorium</span> <span class='ocrx_word' id='word_1_177' title='bbox 1555 1849 1600 1892; x_wconf 89' lang='lat' dir='ltr'>in</span> <span class='ocrx_word' id='word_1_178' title='bbox 1620 1848 1735 1892; x_wconf 92' lang='lat' dir='ltr'>omni</span> <span class='ocrx_word' id='word_1_179' title='bbox 1754 1861 1877 1907; x_wconf 72' lang='lat' dir='ltr'>opor-3</span> 
     </span>
     <span class='ocr_line' id='line_1_25' title="bbox 319 1915 1877 1984; baseline 0.001 -15"><span class='ocrx_word' id='word_1_180' title='bbox 319 1926 498 1970; x_wconf 89' lang='lat' dir='ltr'>tunitate</span> <span class='ocrx_word' id='word_1_181' title='bbox 527 1930 673 1970; x_wconf 90' lang='lat' dir='ltr'>nostra</span> <span class='ocrx_word' id='word_1_182' title='bbox 704 1940 980 1984; x_wconf 87' lang='lat' dir='ltr'>speraremus.</span> <span class='ocrx_word' id='word_1_183' title='bbox 1027 1927 1076 1971; x_wconf 93' lang='lat' dir='ltr'>In</span> <span class='ocrx_word' id='word_1_184' title='bbox 1107 1941 1187 1984; x_wconf 93' lang='lat' dir='ltr'>quo</span> <span class='ocrx_word' id='word_1_185' title='bbox 1218 1927 1397 1971; x_wconf 87' lang='lat' dir='ltr'>traditae</span> <span class='ocrx_word' id='word_1_186' title='bbox 1425 1927 1545 1971; x_wconf 93' lang='lat' dir='ltr'>nobis</span> <span class='ocrx_word' id='word_1_187' title='bbox 1567 1927 1619 1971; x_wconf 86' lang='lat' dir='ltr'>ab</span> <span class='ocrx_word' id='word_1_188' title='bbox 1638 1926 1732 1984; x_wconf 84' lang='lat' dir='ltr'>ipso</span> <span class='ocrx_word' id='word_1_189' title='bbox 1752 1915 1877 1970; x_wconf 61' lang='lat' dir='ltr'>disci-</span> 
     </span>
     <span class='ocr_line' id='line_1_26' title="bbox 318 2003 1876 2062; baseline 0.001 -15"><span class='ocrx_word' id='word_1_190' title='bbox 318 2003 460 2061; x_wconf 88' lang='lat' dir='ltr'>plinae</span> <span class='ocrx_word' id='word_1_191' title='bbox 489 2005 706 2062; x_wconf 90' lang='lat' dir='ltr'>proposito</span> <span class='ocrx_word' id='word_1_192' title='bbox 738 2008 977 2048; x_wconf 88' lang='lat' dir='ltr'>constanter</span> <span class='ocrx_word' id='word_1_193' title='bbox 1006 2008 1312 2062; x_wconf 88' lang='lat' dir='ltr'>permanentes,</span> <span class='ocrx_word' id='word_1_194' title='bbox 1347 2005 1622 2048; x_wconf 85' lang='lat' dir='ltr'>reverendam</span> <span class='ocrx_word' id='word_1_195' title='bbox 1649 2003 1770 2049; x_wconf 88' lang='lat' dir='ltr'>nobis</span> <span class='ocrx_word' id='word_1_196' title='bbox 1799 2017 1876 2062; x_wconf 81' lang='lat' dir='ltr'>pa-</span> 
     </span>
     <span class='ocr_line' id='line_1_27' title="bbox 319 2080 1875 2140; baseline 0 -14"><span class='ocrx_word' id='word_1_197' title='bbox 319 2082 562 2126; x_wconf 86' lang='lat' dir='ltr'>ternitatem</span> <span class='ocrx_word' id='word_1_198' title='bbox 591 2086 776 2126; x_wconf 89' lang='lat' dir='ltr'>vestram</span> <span class='ocrx_word' id='word_1_199' title='bbox 805 2082 876 2140; x_wconf 92' lang='lat' dir='ltr'>pio</span> <span class='ocrx_word' id='word_1_200' title='bbox 909 2083 1046 2126; x_wconf 88' lang='lat' dir='ltr'>studio</span> <span class='ocrx_word' id='word_1_201' title='bbox 1079 2083 1323 2139; x_wconf 88' lang='lat' dir='ltr'>salutamus,</span> <span class='ocrx_word' id='word_1_202' title='bbox 1359 2085 1540 2139; x_wconf 84' lang='lat' dir='ltr'>orantes,</span> <span class='ocrx_word' id='word_1_203' title='bbox 1569 2085 1618 2126; x_wconf 87' lang='lat' dir='ltr'>ut</span> <span class='ocrx_word' id='word_1_204' title='bbox 1646 2080 1875 2140; x_wconf 77' lang='lat' dir='ltr'>peticiones</span> 
     </span>
     <span class='ocr_line' id='line_1_28' title="bbox 319 2147 1881 2217; baseline 0.001 -15"><span class='ocrx_word' id='word_1_205' title='bbox 319 2162 500 2215; x_wconf 89' lang='lat' dir='ltr'>nostras,</span> <span class='ocrx_word' id='word_1_206' title='bbox 532 2174 638 2217; x_wconf 88' lang='lat' dir='ltr'>quae</span> <span class='ocrx_word' id='word_1_207' title='bbox 667 2161 714 2204; x_wconf 92' lang='lat' dir='ltr'>in</span> <span class='ocrx_word' id='word_1_208' title='bbox 743 2147 940 2204; x_wconf 90' lang='lat' dir='ltr'>subiectis</span> <span class='ocrx_word' id='word_1_209' title='bbox 971 2160 1190 2217; x_wconf 90' lang='lat' dir='ltr'>habentur,</span> <span class='ocrx_word' id='word_1_210' title='bbox 1220 2161 1334 2204; x_wconf 88' lang='lat' dir='ltr'>intra</span> <span class='ocrx_word' id='word_1_211' title='bbox 1354 2159 1577 2204; x_wconf 87' lang='lat' dir='ltr'>efficatiam</span> <span class='ocrx_word' id='word_1_212' title='bbox 1597 2158 1881 2204; x_wconf 73' lang='lat' dir='ltr'>exauditionis</span> 
     </span>
     <span class='ocr_line' id='line_1_29' title="bbox 320 2237 1876 2295; baseline 0.001 -15"><span class='ocrx_word' id='word_1_213' title='bbox 320 2237 566 2281; x_wconf 85' lang='lat' dir='ltr'>admittatis.</span> <span class='ocrx_word' id='word_1_214' title='bbox 671 2238 862 2282; x_wconf 90' lang='lat' dir='ltr'>Primum</span> <span class='ocrx_word' id='word_1_215' title='bbox 892 2238 1072 2295; x_wconf 88' lang='lat' dir='ltr'>quidem,</span> <span class='ocrx_word' id='word_1_216' title='bbox 1103 2242 1151 2282; x_wconf 91' lang='lat' dir='ltr'>ut</span> <span class='ocrx_word' id='word_1_217' title='bbox 1180 2239 1451 2282; x_wconf 89' lang='lat' dir='ltr'>karissimum</span> <span class='ocrx_word' id='word_1_218' title='bbox 1480 2237 1601 2282; x_wconf 88' lang='lat' dir='ltr'>nobis</span> <span class='ocrx_word' id='word_1_219' title='bbox 1628 2241 1796 2295; x_wconf 85' lang='lat' dir='ltr'>patrem</span> <span class='ocrx_word' id='word_1_220' title='bbox 1826 2250 1876 2281; x_wconf 87' lang='lat' dir='ltr'>ac</span> 
     </span>
     <span class='ocr_line' id='line_1_30' title="bbox 319 2298 1881 2373; baseline 0.001 -15"><span class='ocrx_word' id='word_1_221' title='bbox 319 2318 610 2372; x_wconf 85' lang='lat' dir='ltr'>preceptorem</span> <span class='ocrx_word' id='word_1_222' title='bbox 656 2319 780 2373; x_wconf 90' lang='lat' dir='ltr'>atque</span> <span class='ocrx_word' id='word_1_223' title='bbox 827 2315 1060 2360; x_wconf 89' lang='lat' dir='ltr'>adiutorem</span> <span class='ocrx_word' id='word_1_224' title='bbox 1103 2319 1295 2360; x_wconf 91' lang='lat' dir='ltr'>nostrum</span> <span class='ocrx_word' id='word_1_225' title='bbox 1330 2315 1559 2360; x_wconf 87' lang='lat' dir='ltr'>Henricum</span> <span class='ocrx_word' id='word_1_226' title='bbox 1594 2298 1881 2360; x_wconf 55' lang='lat' dir='ltr'>venerabilem</span> 
     </span>
     <span class='ocr_line' id='line_1_31' title="bbox 319 2389 1882 2452; baseline 0.001 -16"><span class='ocrx_word' id='word_1_227' title='bbox 319 2391 611 2448; x_wconf 88' lang='lat' dir='ltr'>Moguntinum</span> <span class='ocrx_word' id='word_1_228' title='bbox 643 2394 1000 2452; x_wconf 87' lang='lat' dir='ltr'>archiepiscopum</span> <span class='ocrx_word' id='word_1_229' title='bbox 1034 2407 1111 2438; x_wconf 87' lang='lat' dir='ltr'>nec</span> <span class='ocrx_word' id='word_1_230' title='bbox 1148 2407 1234 2438; x_wconf 92' lang='lat' dir='ltr'>non</span> <span class='ocrx_word' id='word_1_231' title='bbox 1271 2393 1374 2438; x_wconf 89' lang='lat' dir='ltr'>alios</span> <span class='ocrx_word' id='word_1_232' title='bbox 1407 2392 1755 2451; x_wconf 88' lang='lat' dir='ltr'>archiepiscopos,</span> <span class='ocrx_word' id='word_1_233' title='bbox 1785 2389 1882 2450; x_wconf 60' lang='lat' dir='ltr'>spii</span> 
     </span>
     <span class='ocr_line' id='line_1_32' title="bbox 321 2469 1880 2530; baseline 0 -16"><span class='ocrx_word' id='word_1_234' title='bbox 321 2483 482 2528; x_wconf 90' lang='lat' dir='ltr'>scopos,</span> <span class='ocrx_word' id='word_1_235' title='bbox 515 2471 700 2528; x_wconf 90' lang='lat' dir='ltr'>abbates,</span> <span class='ocrx_word' id='word_1_236' title='bbox 730 2471 966 2530; x_wconf 89' lang='lat' dir='ltr'>prepositos</span> <span class='ocrx_word' id='word_1_237' title='bbox 997 2485 1071 2515; x_wconf 90' lang='lat' dir='ltr'>seu</span> <span class='ocrx_word' id='word_1_238' title='bbox 1101 2475 1260 2516; x_wconf 88' lang='lat' dir='ltr'>ceteras</span> <span class='ocrx_word' id='word_1_239' title='bbox 1289 2484 1504 2529; x_wconf 82' lang='lat' dir='ltr'>personas,</span> <span class='ocrx_word' id='word_1_240' title='bbox 1536 2483 1642 2527; x_wconf 88' lang='lat' dir='ltr'>quae</span> <span class='ocrx_word' id='word_1_241' title='bbox 1672 2469 1723 2515; x_wconf 88' lang='lat' dir='ltr'>de</span> <span class='ocrx_word' id='word_1_242' title='bbox 1745 2472 1880 2526; x_wconf 61' lang='lat' dir='ltr'>regni)</span> 
     </span>
     <span class='ocr_line' id='line_1_33' title="bbox 319 2536 1881 2612; baseline 0 -20"><span class='ocrx_word' id='word_1_243' title='bbox 319 2548 454 2605; x_wconf 86' lang='lat' dir='ltr'>patris</span> <span class='ocrx_word' id='word_1_244' title='bbox 483 2549 618 2592; x_wconf 87' lang='lat' dir='ltr'>nostri</span> <span class='ocrx_word' id='word_1_245' title='bbox 628 2548 658 2605; x_wconf 77' lang='lat'>¹²,</span> <span class='ocrx_word' id='word_1_246' title='bbox 691 2550 743 2593; x_wconf 88' lang='lat' dir='ltr'>ad</span> <span class='ocrx_word' id='word_1_247' title='bbox 773 2550 890 2594; x_wconf 91' lang='lat' dir='ltr'>cuius</span> <span class='ocrx_word' id='word_1_248' title='bbox 921 2550 1224 2593; x_wconf 88' lang='lat' dir='ltr'>successionem</span> <span class='ocrx_word' id='word_1_249' title='bbox 1245 2549 1325 2593; x_wconf 88' lang='lat' dir='ltr'>Dei</span> <span class='ocrx_word' id='word_1_250' title='bbox 1352 2548 1557 2604; x_wconf 85' lang='lat' dir='ltr'>largiente</span> <span class='ocrx_word' id='word_1_251' title='bbox 1585 2536 1881 2612; x_wconf 53' lang='lat' dir='ltr'>misericordia</span> 
     </span>
     <span class='ocr_line' id='line_1_34' title="bbox 321 2619 1884 2684; baseline 0 -14"><span class='ocrx_word' id='word_1_252' title='bbox 321 2626 503 2670; x_wconf 87' lang='lat' dir='ltr'>ordinati</span> <span class='ocrx_word' id='word_1_253' title='bbox 533 2639 691 2682; x_wconf 89' lang='lat' dir='ltr'>sumus,</span> <span class='ocrx_word' id='word_1_254' title='bbox 732 2627 785 2670; x_wconf 90' lang='lat' dir='ltr'>ad</span> <span class='ocrx_word' id='word_1_255' title='bbox 814 2630 998 2671; x_wconf 85' lang='lat' dir='ltr'>vestram</span> <span class='ocrx_word' id='word_1_256' title='bbox 1028 2627 1285 2684; x_wconf 87' lang='lat' dir='ltr'>presentiam</span> <span class='ocrx_word' id='word_1_257' title='bbox 1314 2629 1544 2682; x_wconf 86' lang='lat' dir='ltr'>transeunt,</span> <span class='ocrx_word' id='word_1_258' title='bbox 1576 2625 1770 2670; x_wconf 88' lang='lat' dir='ltr'>clementi</span> <span class='ocrx_word' id='word_1_259' title='bbox 1799 2619 1884 2670; x_wconf 38' lang='lat' dir='ltr'>bo&amp;</span> 
     </span>
     <span class='ocr_line' id='line_1_35' title="bbox 320 2684 1884 2762; baseline -0.001 -14"><span class='ocrx_word' id='word_1_260' title='bbox 320 2705 453 2748; x_wconf 84' lang='lat' dir='ltr'>nitate</span> <span class='ocrx_word' id='word_1_261' title='bbox 484 2704 722 2762; x_wconf 90' lang='lat' dir='ltr'>suscipiatis</span> <span class='ocrx_word' id='word_1_262' title='bbox 756 2719 907 2762; x_wconf 89' lang='lat' dir='ltr'>eosque</span> <span class='ocrx_word' id='word_1_263' title='bbox 938 2705 1234 2749; x_wconf 86' lang='lat' dir='ltr'>ammonitione</span> <span class='ocrx_word' id='word_1_264' title='bbox 1265 2703 1422 2760; x_wconf 82' lang='lat' dir='ltr'>sedula,</span> <span class='ocrx_word' id='word_1_265' title='bbox 1454 2703 1563 2760; x_wconf 91' lang='lat' dir='ltr'>quod</span> <span class='ocrx_word' id='word_1_266' title='bbox 1591 2703 1803 2761; x_wconf 83' lang='lat' dir='ltr'>patienter</span> <span class='ocrx_word' id='word_1_267' title='bbox 1824 2684 1884 2747; x_wconf 59' lang='lat' dir='ltr'>&#39;et&#39;</span> 
     </span>
     <span class='ocr_line' id='line_1_36' title="bbox 320 2780 1872 2840; baseline -0.001 -14"><span class='ocrx_word' id='word_1_268' title='bbox 320 2782 486 2827; x_wconf 86' lang='lat' dir='ltr'>fortiter</span> <span class='ocrx_word' id='word_1_269' title='bbox 520 2782 751 2826; x_wconf 90' lang='lat' dir='ltr'>absentiam</span> <span class='ocrx_word' id='word_1_270' title='bbox 781 2783 915 2840; x_wconf 89' lang='lat' dir='ltr'>patris</span> <span class='ocrx_word' id='word_1_271' title='bbox 944 2783 1077 2826; x_wconf 89' lang='lat' dir='ltr'>nostri</span> <span class='ocrx_word' id='word_1_272' title='bbox 1105 2783 1243 2826; x_wconf 85' lang='lat' dir='ltr'>ferant</span> <span class='ocrx_word' id='word_1_273' title='bbox 1271 2785 1314 2826; x_wconf 92' lang='lat' dir='ltr'>et</span> <span class='ocrx_word' id='word_1_274' title='bbox 1341 2785 1529 2825; x_wconf 85' lang='lat' dir='ltr'>nostram</span> <span class='ocrx_word' id='word_1_275' title='bbox 1558 2781 1742 2825; x_wconf 87' lang='lat' dir='ltr'>indolem</span> <span class='ocrx_word' id='word_1_276' title='bbox 1771 2780 1872 2825; x_wconf 89' lang='lat' dir='ltr'>edu-</span> 
     </span>
    </p>
   </div>
   <div class='ocr_carea' id='block_1_6' title="bbox 321 2858 1873 2983">
    <p class='ocr_par' dir='ltr' id='par_1_7' title="bbox 321 2858 1873 2983">
     <span class='ocr_line' id='line_1_37' title="bbox 321 2858 1873 2916; baseline -0.001 -12"><span class='ocrx_word' id='word_1_277' title='bbox 321 2873 417 2904; x_wconf 86' lang='lat' dir='ltr'>care</span> <span class='ocrx_word' id='word_1_278' title='bbox 456 2859 670 2916; x_wconf 86' lang='lat' dir='ltr'>studeant,</span> <span class='ocrx_word' id='word_1_279' title='bbox 717 2859 929 2904; x_wconf 85' lang='lat' dir='ltr'>exhortari</span> <span class='ocrx_word' id='word_1_280' title='bbox 965 2873 1049 2903; x_wconf 92' lang='lat' dir='ltr'>non</span> <span class='ocrx_word' id='word_1_281' title='bbox 1088 2860 1300 2915; x_wconf 87' lang='lat' dir='ltr'>abnuatis,</span> <span class='ocrx_word' id='word_1_282' title='bbox 1343 2859 1539 2915; x_wconf 86' lang='lat' dir='ltr'>quatinus</span> <span class='ocrx_word' id='word_1_283' title='bbox 1578 2862 1620 2902; x_wconf 91' lang='lat' dir='ltr'>et</span> <span class='ocrx_word' id='word_1_284' title='bbox 1655 2858 1740 2916; x_wconf 89' lang='lat' dir='ltr'>ipsi</span> <span class='ocrx_word' id='word_1_285' title='bbox 1776 2870 1873 2903; x_wconf 81' lang='lat' dir='ltr'>eum</span> 
     </span>
     <span class='ocr_line' id='line_1_38' title="bbox 417 2943 1408 2983; baseline -0.001 -10"><span class='ocrx_word' id='word_1_286' title='bbox 417 2952 444 2973; x_wconf 76' lang='grc' dir='ltr'>ι.</span> <span class='ocrx_word' id='word_1_287' title='bbox 472 2943 559 2973; x_wconf 82' lang='lat' dir='ltr'>nobis</span> <span class='ocrx_word' id='word_1_288' title='bbox 581 2943 730 2974; x_wconf 65' lang='lat' dir='ltr'>acida‘su</span> <span class='ocrx_word' id='word_1_289' title='bbox 750 2944 875 2974; x_wconf 72' lang='lat' dir='ltr'>videtur.</span> <span class='ocrx_word' id='word_1_290' title='bbox 958 2943 987 2974; x_wconf 89' lang='lat' dir='ltr'>b.</span> <span class='ocrx_word' id='word_1_291' title='bbox 1017 2945 1087 2974; x_wconf 79' lang='lat' dir='ltr'>sunt</span> <span class='ocrx_word' id='word_1_292' title='bbox 1103 2950 1176 2983; x_wconf 70' lang='lat' dir='ltr'>poet</span> <span class='ocrx_word' id='word_1_293' title='bbox 1197 2943 1335 2974; x_wconf 66' lang='lat' dir='ltr'>addam</span> <span class='ocrx_word' id='word_1_294' title='bbox 1355 2948 1408 2973; x_wconf 70' lang='lat' dir='ltr'>ut.</span> 
     </span>
    </p>
   </div>
  </div>
 </body>
</html>
