1924 3288
311 181 398 225 224
756 194 955 226 wmALm
982 193 1232 227 1111810141,-
1259 195 1330 227 142.
1353 194 1423 226 us.

191 290 284 327 1148
308 287 522 344 negotium
552 302 673 332 suum
703 289 748 332 in
776 292 967 333 nostrum
987 289 1208 334 consilium
1225 291 1381 348 posuit,
1410 303 1488 348 per
1515 303 1593 336 nos
1623 293 1668 336 et
1693 277 1866 341 m

309 368 352 409 et
380 366 725 423 compositionem
754 366 916 424 perdat.
965 367 1244 420 Quamobrem
1266 371 1451 412 vestram
1481 367 1746 414 dilectionem
1769 366 1865 413 dili-

308 447 453 498 genter
483 456 806 501 commonemus‚
839 446 1035 502 quatinus
1065 446 1239 491 verbum
1259 450 1460 503 vestrum,
1491 446 1603 504 quod
1631 459 1759 504 super
1786 445 1866 491 11116

307 535 354 565 re
383 534 547 565 mecum
582 521 809 579 habuistis,
852 537 999 568 verum
1028 524 1213 580 faciatis,
1252 528 1296 568 et
1325 524 1480 568 dictam
1518 523 1865 583 compositionem

307 600 526 656 provenire
564 600 734 657 sinatis,
780 604 904 658 atque
949 601 1072 646 huius
1117 602 1180 647 rei
1227 602 1472 659 qualitatem
1506 603 1554 647 in
1589 601 1709 648 brevi
1742 601 1865 653 nobis

306 677 558 722 rescribatis.

312 818 425 866 143.
451 822 662 865 Wibaldus
690 823 880 866 Tieboldo
903 824 1144 881 praeposito
1178 822 1223 866 S.
1247 822 1435 866 Severini
1465 823 1694 867 Coloniensi
1723 823 1775 868 de
1792 823 1864 873 Iis-
1918 881 1924 887 ἱ

455 899 569 943 ditlza
600 901 805 943 abbatissa
836 900 1054 944 Gesekensi
1081 901 1310 958 respondet.
1653 898 1727 956 (Μ.
1747 899 1863 956 125.)

189 990 281 1027 1148
422 987 571 1033 Frater
590 988 841 1044 W(ibaldus)
862 989 943 1033 Dei
971 989 1259 1033 misericordia
1287 989 1333 1033 id
1362 989 1474 1046 quod
1503 992 1568 1034 est
1595 989 1643 1034 in
1665 989 1867 1039 aecclesia

305 1065 509 1110 catholica
539 1066 690 1111 dilecto
719 1067 843 1111 fratri
873 1070 915 1111 et
945 1067 1078 1111 amico
1109 1080 1184 1111 suo
1215 1067 1414 1112 Tieboldo
1449 1067 1679 1113 venerabili
1710 1081 1865 1127 propo*

306 1143 386 1187 sito
418 1143 684 1189 dilectionem
715 1148 757 1189 et
786 1145 1130 1189 benedictionem.

425 1221 603 1266 Gratum
633 1223 752 1267 nobis
783 1223 905 1267 valde
937 1226 1019 1279 est,
1053 1223 1164 1280 quod
1192 1223 1396 1267 memoria
1425 1226 1566 1267 vestra
1593 1221 1772 1268 firmiter
1798 1236 1866 1282 re-

305 1299 424 1356 tinet,
457 1314 583 1357 quam
613 1301 774 1344 sincero
807 1300 957 1345 affectu
976 1315 1050 1345 vos
1083 1301 1108 1344 a
1137 1300 1273 1356 longis
1297 1304 1409 1344 retro
1429 1301 1689 1358 temporibus
1709 1300 1866 1348 dilexe-

304 1378 449 1434 rimus,
482 1381 637 1435 quanto
666 1377 766 1422 fidei
795 1379 933 1422 studio
965 1379 1019 1422 ad
1038 1379 1170 1422 vestri
1198 1378 1368 1422 honoris
1397 1378 1703 1423 incrementum
1731 1378 1867 1435 gavisi

303 1455 526 1511 fuerimus,
566 1459 609 1500 61
646 1456 757 1513 quod
794 1456 845 1500 de
883 1456 948 1500 his
979 1459 1094 1500 certa
1122 1456 1400 1514 promissione
1430 1460 1572 1501 vestra
1600 1457 1771 1513 dignam
1798 1470 1865 1503 re-

303 1534 636 1577 munerationem
666 1537 948 1591 expectamus.
1048 1534 1276 1578 Recordari
1302 1537 1443 1577 autem
1462 1534 1587 1578 debet
1604 1537 1748 1579 vestra
1763 1547 1866 1592 pru-

304 1611 464 1667 dentia,
502 1611 613 1668 quod
643 1625 751 1655 anno
781 1612 1004 1669 preterito,
1036 1625 1132 1656 cum
1163 1612 1339 1655 domnus
1368 1625 1482 1669 papa
1511 1612 1726 1656 Treverim
1755 1614 1867 1657 esset

188 1692 278 1729 1147
304 1692 504 1733 venturus
518 1686 541 1745 ¹,
566 1692 608 1733 et
627 1689 740 1733 fama
762 1690 968 1734 referente
989 1689 1294 1746 didicissemus,
1326 1690 1426 1746 quia
1443 1690 1717 1734 intenderetis
1738 1689 1865 1735 abba-

195 1742 270 1772 Νη
303 1767 451 1811 tissam
481 1767 533 1811 de
554 1766 707 1811 Giseke
739 1767 792 1811 ad
820 1768 1078 1825 presentiam
1107 1768 1251 1811 domni
1279 1781 1418 1825 papae
1442 1767 1672 1825 perducere
1698 1770 1742 1812 61
1767 1780 1865 1813 cau-

304 1859 395 1889 sam
424 1845 557 1903 ipsius
589 1845 810 1889 adversum
839 1859 915 1889 nos
948 1859 1090 1902 agere,
1127 1845 1363 1889 monuimus
1394 1859 1468 1889 vos
1497 1848 1699 1902 tanquam
1726 1844 1865 1890 virum

305 1923 532 1967 discretum
564 1927 606 1967 et
634 1923 782 1967 intime
811 1923 1076 1979 familiarem,
1107 1937 1161 1967 ne
1192 1923 1391 1967 adversus
1413 1923 1678 1967 innocentem
1698 1925 1741 1967 et
1760 1922 1865 1967 ami-

305 2014 400 2045 cum
439 2001 624 2045 studium
653 2005 842 2045 vestrum
878 2001 923 2044 in
957 2001 1125 2056 negotio
1155 2014 1307 2058 parum
1335 2000 1509 2045 honesto
1540 2003 1583 2044 61
1612 1999 1740 2045 debili
1765 2012 1864 2059 pro-

305 2079 481 2123 cederet.
613 2078 828 2136 Siquidem
875 2079 1086 2123 abbatissa
1131 2078 1275 2122 eadem
1320 2092 1472 2122 novem
1509 2078 1597 2122 fere
1636 2064 1864 2133 mensibus,

172 2162 264 2198 1146
306 2159 530 2214 antequam
559 2157 612 2200 ad
631 2157 819 2212 regimen
839 2156 1101 2200 Corbeiensis
1123 2155 1320 2200 ecclesiae
1341 2156 1644 2212 accederemus,
1674 2154 1866 2214 deposita

155 2220 180 2242 θ’
194 2211 281 2242 mm
303 2234 385 2278 fuit
415 2238 457 2278 et
486 2238 648 2278 remota
679 2235 704 2278 a
723 2234 1014 2278 Kaminatensi
1043 2234 1212 2278 abbatia
1234 2247 1310 2291 per
1330 2233 1530 2276 domnum
1551 2233 1755 2277 Thomam
1773 2245 1864 2276 car-

305 2312 488 2356 dinalem
514 2311 818 2370 presbiterum3
850 2315 974 2368 atque
996 2325 1091 2355 cum
1110 2325 1187 2369 per
1206 2311 1293 2355 vim
1313 2314 1458 2355 contra
1477 2323 1656 2354 canones
1676 2310 1864 2355 obtinere

305 2394 545 2446 conaretur,
584 2389 636 2434 ab
675 2389 874 2433 advocato
896 2381 1102 2434 'eiusdem
1139 2388 1337 2433 ecclesiae
1372 2402 1454 2434 non
1493 2387 1583 2432 sine
1613 2386 1865 2432 contumelia

154 2479 282 2510 1uni.15
304 2468 385 2512 fuit
414 2464 624 2526 expulsa’.
686 2467 751 2511 Ea
780 2470 954 2523 remota,
987 2467 1142 2511 electae
1172 2469 1270 2510 sunt
1298 2480 1375 2524 per
1404 2464 1711 2510 contentionem
1742 2465 1863 2521 duae,

306 2549 349 2590 et
378 2546 430 2590 de
460 2545 591 2589 tercia
620 2544 879 2602 disputatum
911 2548 986 2589 est.
1089 2544 1194 2589 Cum
1225 2544 1366 2588 omnia
1393 2546 1481 2587 tam
1511 2543 1555 2586 in
1576 2541 1863 2600 spiritualibus

307 2637 433 2680 quam
461 2623 506 2667 in
536 2622 836 2680 temporalibus
867 2623 911 2666 in
942 2622 1125 2667 deterius
1155 2624 1345 2677 ruerent,
1377 2619 1569 2664 dominus
1600 2623 1744 2664 noster
1771 2633 1862 2676 rex,

307 2701 359 2744 ad
390 2701 507 2745 cuius
538 2701 844 2745 ordinationem
873 2700 988 2744 locus
1019 2699 1268 2758 pertinebat,
1303 2712 1355 2742 ex
1385 2697 1557 2742 consilio
1589 2701 1631 2742 61
1660 2697 1862 2742 ammoni-

306 2779 419 2823 tione
457 2779 599 2823 domni
637 2792 772 2836 papae
809 2777 1017 2834 delegavit
1046 2776 1286 2822 Corbeiensi
1320 2774 1517 2820 ecclesiae
1547 2778 1590 2819 et
1617 2775 1738 2820 nobis
1765 2788 1862 2834 pre-

305 2856 416 2901 fatae
462 2856 654 2901 abbatiae
691 2856 1008 2900 ordinationem.
1078 2854 1155 2899 His
1192 2854 1255 2898 ita
1292 2867 1337 2898 se
1374 2852 1642 2910 habentibus,
1689 2853 1862 2910 dignum

402 2945 434 2979 1.
459 2944 483 2979 i.
501 2954 533 2980 e.
559 2944 650 2981 Nov.
670 2944 773 2980 1147.
869 2945 902 2980 2.
929 2942 986 2981 Cf.
1011 2940 1286 2989 Chronograph.
1307 2940 1564 2978 corbeiensem
1588 2951 1700 2987 snpra
1722 2951 1760 2987 p.
1776 2940 1834 2977 5⁷.
