1930 3242
593 203 746 235 ΝοΤΑΕ
776 203 1080 236 commensus
1559 192 1614 235 73

55 299 269 344 venientes
299 298 488 356 plerique
518 298 681 355 fideles,
714 300 758 342 in
788 300 989 343 honorem
1020 299 1153 343 sancti
1185 298 1388 356 Stephani
1418 298 1614 342 fraterni-
1647 303 1739 339 1133

55 380 186 422 tatem
224 376 586 433 collaudaverunt,
626 378 692 421 cui
733 381 774 420 et
812 391 1003 422 caereum
1035 380 1283 422 statuerunt.
1345 376 1403 420 Et
1431 377 1477 420 in
1507 377 1613 420 festo
1638 353 1712 391 ΑΨ
1729 354 1747 383 2

55 455 144 500 eius
180 468 389 513 pauperes
427 455 556 510 largis
595 453 833 498 elemosinis
865 456 1134 511 recreabunt,
1176 469 1368 499 caereum
1399 455 1615 498 annuatim

53 532 262 588 reficient3
293 534 444 577 fratres
474 547 573 577 vero
605 532 656 576 de
677 532 854 576 Corbeia
883 548 1027 577 eorum
1055 534 1215 577 obitum
1234 533 1390 589 vigiliis
1413 537 1455 577 et
1473 534 1615 577 missis

52 612 351 670 procurabunt,
383 612 554 669 insuper
584 611 679 668 ipsa
709 611 776 654 die
808 625 890 667 qua
918 613 1085 669 incepta
1106 615 1170 655 est
1189 611 1460 669 compulsatis
1482 613 1615 655 0111111-

52 690 131 735 bus
162 690 293 746 signis
323 690 496 733 missam
525 702 603 746 pro
626 689 818 733 omnibus
838 690 883 732 in
905 704 954 733 ea
975 690 1181 734 defunctis
1203 691 1351 734 devote
1365 690 1613 734 cantabunt.

52 768 140 826 Ipsi
169 781 269 812 vero
299 781 482 823 censum,
515 780 639 825 quem
667 767 713 811 in
741 767 1007 811 fraternitate
1027 769 1395 826 comportaverint,
1427 769 1473 812 in
1492 783 1615 813 usum

53 846 297 891 monasterii
327 845 644 890 conservabunt.

172 966 221 1010 In
251 965 444 1023 aquilone
474 966 519 1009 in
549 966 677 1021 curia,
710 980 788 1023 que
811 969 985 1010 vocatur
1004 965 1219 1022 leelage
1232 964 1255 1022 ¹,
1287 967 1529 1011 fraternitas
1553 971 1617 1012 est

53 1045 98 1089 in
127 1043 284 1095 honore
316 1044 450 1088 sancti
470 1044 570 1099 Viti,
604 1043 655 1087 de
687 1058 769 1101 qua
797 1047 896 1101 post
925 1044 1142 1088 biennium
1174 1045 1411 1089 deferentur
1443 1047 1496 1090 ad
1526 1061 1615 1090 mo-

52 1123 284 1167 nasterium
322 1122 572 1166 Corbeiense
611 1122 692 1165 duc
732 1122 889 1177 caerei,
929 1122 1132 1178 reliquiae
1173 1122 1401 1167 efferuntur
1440 1128 1482 1168 et
1522 1138 1617 1168 cum

53 1201 210 1245 caereis
240 1200 414 1244 honeste
445 1200 741 1257 suscipiuntur.
799 1199 959 1243 Eorum
991 1203 1032 1244 et
1061 1201 1252 1244 vivorum
1284 1205 1326 1245 et
1356 1206 1616 1246 mortuorum

52 1279 256 1323 memoria
285 1279 341 1322 sit
372 1278 484 1336 apud
513 1292 589 1322 nos
619 1278 917 1322 indesinenter.

172 1399 235 1443 Ob
273 1399 451 1442 salutem
486 1393 723 1442 animarum
752 1399 922 1456 incepta
953 1402 1016 1442 est
1047 1398 1159 1456 apud
1189 1413 1264 1443 nos
1297 1415 1322 1444 a
1353 1401 1504 1444 domno
1537 1401 1617 1445 Er-

52 1474 293 1522 kembert0²
325 1477 474 1521 abbate
513 1481 555 1520 et
594 1477 786 1521 omnibus
824 1477 1026 1520 fratribus
1064 1478 1219 1522 nostris
1258 1482 1299 1522 et
1333 1479 1427 1522 aliis
1459 1479 1617 1524 Christi

51 1555 243 1600 fidelibus
282 1555 524 1599 fraternitas
562 1555 607 1597 in
645 1555 802 1597 11011010
840 1555 975 1598 sancti
999 1555 1088 1598 Viti
1118 1557 1163 1599 in
1193 1557 1272 1600 hoc
1302 1557 1391 1600 loco
1425 1557 1615 1614 Corbeia,

53 1635 104 1678 de
135 1648 218 1691 qua
246 1647 480 1696 pauperum
509 1633 713 1676 recreatio
745 1632 801 1675 sit
829 1632 875 1675 in
904 1636 1188 1690 pentecosten,
1222 1635 1386 1690 quando
1407 1635 1453 1678 hi
1472 1635 1616 1680 fideles

53 1712 306 1757 conveniunt
333 1711 452 1755 illam
482 1711 741 1768 disposituri,
771 1711 817 1753 in
836 1711 982 1766 vigilia
1014 1713 1148 1756 sancti
1168 1713 1256 1756 Viti
1277 1714 1470 1757 omnibus
1502 1715 1548 1758 in
1568 1729 1618 1758 ea

52 1790 257 1834 defunctis
273 1790 447 1833 missam
463 1803 558 1833 cum
579 1789 906 1846 compulsatione
923 1791 1183 1834 cantabimus
1206 1794 1248 1834 et
1262 1805 1435 1848 vespere
1451 1805 1619 1837 cereum

51 1871 295 1925 reparatum
324 1867 409 1924 ipsi
427 1866 571 1911 fideles
593 1866 778 1910 afferent.
827 1867 1103 1911 Tricesimum
1126 1869 1238 1912 diem
1259 1870 1396 1913 obitus
1417 1871 1617 1927 cuiusque

53 1949 96 1991 et
114 1947 295 1990 fratrum
315 1946 367 1990 de
386 1945 639 1989 monasterio
662 1948 703 1988 et
723 1945 911 2001 ipsorum
929 1945 1116 1990 fidelium
1135 1947 1378 2004 plenissime
1398 1949 1444 1991 in
1458 1962 1617 2006 paupe-

52 2038 147 2068 rum
166 2024 423 2068 recreatione
450 2023 746 2080 procurabunt.
788 2023 1039 2080 Quecunque
1059 2038 1158 2068 vero
1188 2027 1543 2082 comportaverint
1571 2028 1617 2071 in

54 2106 239 2158 argento,
262 2102 316 2146 ad
331 2102 480 2145 decens
503 2105 795 2145 ornamentum
813 2102 1060 2145 monasterii
1078 2103 1364 2147 reservabunt.
1395 2104 1454 2148 Ut
1471 2119 1616 2149 eorum

51 2181 254 2225 memoria
268 2180 325 2224 sit
340 2180 548 2235 continua,
559 2179 731 2222 nomina
742 2183 840 2222 sunt
852 2194 977 2237 super
994 2180 1126 2224 altare
1141 2182 1388 2239 conscripta.
1407 2182 1614 2227 Feliciter.

169 2299 293 2344 Anno
326 2300 533 2343 dominice
564 2300 865 2344 incarnationis
902 2302 1035 2356 1241,
1069 2302 1095 2344 2
1127 2300 1233 2344 Non.
1269 2301 1482 2358 Octobris,
1514 2303 1615 2347 luna
1640 2309 1731 2346 1241

53 2377 257 2422 existente
278 2379 348 2434 27,
380 2378 607 2421 indictione
630 2411 639 2420 .
660 2411 692 2432 .,
727 2381 875 2434 epacta
907 2379 974 2433 17,
1007 2382 1279 2422 concurrente
1302 2413 1310 2422 .
1331 2413 1364 2435 .,
1397 2380 1513 2424 clave
1542 2382 1612 2436 39,
1638 2359 1735 2390 ⁰⁶⁸⁶

51 2455 155 2500 ciclo
186 2456 314 2500 solari
349 2457 401 2500 18
435 2460 476 2500 01
507 2455 620 2513 cyclo
652 2455 791 2498 lunari
823 2457 862 2510 7,
895 2456 986 2499 visa
1017 2459 1082 2500 est
1112 2456 1279 2513 eclipsis
1311 2457 1424 2513 solis,
1456 2461 1504 2501 ut
1523 2473 1612 2502 ma-

51 2534 172 2589 gistri
203 2533 459 2578 Parisienses
498 2534 791 2591 predixerant,
830 2534 891 2576 ita
930 2534 1039 2590 quod
1079 2534 1190 2577 circa
1228 2534 1375 2578 horam
1407 2536 1613 2580 decimam

52 2611 135 2655 diei
165 2612 315 2667 sereni,
346 2612 525 2656 nubibus
556 2626 641 2655 non
672 2611 1008 2668 conparentibus,
1041 2612 1152 2655 circa
1171 2612 1302 2655 solem
1322 2614 1492 2658 tenebre
1515 2618 1613 2658 sunt

53 2692 197 2734 exorte
228 2690 281 2733 ad
310 2690 445 2734 instar
474 2691 608 2734 noctis
641 2693 682 2733 et
713 2689 833 2733 stelle
863 2689 1005 2747 plures
1036 2689 1290 2733 viderentur.

147 2784 181 2819 1.
213 2783 315 2819 curia
338 2784 543 2830 Vvlvelage
573 2787 761 2829 comparet
791 2783 901 2819 etiam
933 2783 970 2819 in
1001 2783 1157 2819 Adriani
1187 2783 1239 2820 IV
1270 2794 1387 2829 papae
1418 2784 1520 2822 bulla
1549 2796 1608 2831 ap.

53 2842 194 2879 Erhard
218 2843 309 2890 Reg.
328 2843 493 2889 Westph.
512 2843 560 2880 11.
585 2843 674 2881 Ood.
692 2843 781 2888 dipl.
806 2854 843 2888 p.
860 2843 919 2879 80.
1014 2844 1048 2878 2.
1075 2844 1212 2879 1107-
1223 2843 1326 2879 1128.

738 2987 992 3003 ⁴——
