1924 3288
543 196 546 199 ”
581 212 779 243 wmALm
809 211 1029 243 nrrsrom
1059 211 1130 242 314.
1546 196 1634 240 443

193 306 524 363 Recognovimus
562 308 608 351 in
643 307 816 364 litteris,
857 321 960 364 quas
990 307 1182 365 proxime
1211 308 1353 350 vestra
1380 303 1636 348 unanimitas
1650 305 1743 390 Ηῑέίι)
1758 316 1804 386 ζ·
1828 321 1860 327 -

75 385 130 430 ad
164 398 244 430 nos
282 385 458 442 direxit,
496 388 684 430 vestrum
721 386 841 429 illum
879 386 992 430 circa
1021 399 1097 430 nos
1127 385 1417 442 incorruptum
1448 386 1491 427 et
1518 382 1638 427 inex·
1792 377 1799 385 ’

73 463 343 522 pugnabilem
375 463 583 520 affectum,
616 477 697 520 quo
728 477 804 507 nos
836 465 861 508 a
890 464 1097 521 principio
1129 462 1327 521 amplecti
1357 465 1399 506 et
1420 460 1640 505 confovere

73 542 400 600 perseverastis,
436 545 485 585 ut
512 554 611 585 vere
641 555 716 585 vos
756 543 912 586 amicos
954 542 1205 597 dixerimus,
1246 540 1318 598 qui
1348 538 1640 597 permansistis

74 633 240 665 meeum
268 620 315 664 in
344 619 691 677 temptationibus
704 617 727 663 ¹.
789 620 960 676 Verum,
990 620 1143 664 fratres
1174 618 1402 674 karissimi,
1438 617 1639 674 dolemuS,

74 711 149 743 vos
177 698 359 742 nimium
387 710 636 756 properasse
666 698 712 742 in
741 711 788 742 re
818 701 906 742 tam
937 697 1118 754 difficili,
1154 701 1243 742 tam
1275 697 1418 752 ardua,
1449 699 1539 740 tam
1568 709 1641 740 ne-

74 777 270 833 cessaria,
301 789 428 834 super
459 789 541 833 qua
570 776 858 820 universitatis
878 779 1043 821 vestrae
1073 775 1293 820 consilium
1313 778 1514 831 tanquam
1535 774 1642 818 divi-

72 868 176 900 num
213 867 463 912 responsum
500 854 778 911 quesivimus,
824 855 895 899 ubi
931 868 1008 898 nec
1048 854 1258 898 orationes
1296 853 1527 912 premissae
1564 865 1643 896 nec

72 934 224 978 fratres
244 931 671 977 Malmundarienscs⁰
692 934 831 978 vocati
859 946 937 978 nec
966 933 1063 976 laici
1092 931 1235 976 fideles
1267 934 1309 975 et
1338 930 1415 974 filii
1443 930 1642 975 ecelesiae

73 1015 173 1057 sunt
209 1011 400 1066 invitati3
438 1025 734 1068 veremurque,
772 1015 821 1055 ut
850 1025 955 1069 pace
986 1011 1173 1055 omnium
1203 1010 1361 1054 dictum
1392 1010 1468 1065 sit,
1506 1022 1560 1052 ne
1590 1008 1642 1052 de

73 1090 268 1136 cordibus
289 1090 442 1135 vestris
471 1087 757 1147 prophetetis²
789 1093 831 1134 et
860 1090 996 1146 nobis,
1029 1089 1179 1146 quibus
1206 1102 1275 1133 res
1304 1090 1368 1132 est
1387 1101 1464 1146 pro
1488 1087 1641 1143 anima,

72 1183 225 1227 parum
253 1168 430 1227 provide
460 1167 701 1212 consulatis.
813 1168 862 1212 In
892 1169 1123 1213 retransitu
1153 1167 1265 1212 enim
1294 1169 1439 1210 nostro
1471 1166 1525 1210 ad
1553 1179 1641 1221 vos,

73 1251 122 1292 ut
151 1248 204 1293 de
235 1247 405 1292 domino
435 1249 579 1290 nostro
610 1261 709 1303 rege
738 1250 966 1303 taceamus,
997 1246 1228 1304 plurimum
1259 1245 1402 1288 domni
1425 1258 1561 1302 papae
1581 1244 1643 1287 of-

73 1326 236 1371 fensam
273 1325 519 1379 metuimus3
558 1325 708 1382 quibus
747 1359 930 1369 ......
934 1325 950 1349 ¹’
987 1325 1188 1381 neglectis
1227 1327 1270 1368 et
1305 1323 1528 1367 adversum
1566 1336 1642 1366 nos

75 1404 315 1460 commotis,
352 1417 504 1461 parum
533 1403 652 1447 vobis
683 1403 751 1448 vel
789 1403 915 1447 alicui
949 1404 1149 1462 prodesse
1178 1415 1409 1460 possemus.
1530 1400 1643 1445 Fun-

74 1482 236 1527 dendae
264 1482 396 1538 igitur
425 1484 524 1525 sunt
555 1482 608 1525 ad
628 1481 766 1526 Deum
796 1495 941 1539 preces
973 1495 1068 1525 cum
1098 1481 1213 1524 omni
1242 1480 1480 1524 humilitate
1510 1482 1553 1523 et
1573 1479 1644 1523 de-

75 1560 264 1617 votione,
304 1560 561 1617 querendum
600 1563 664 1604 est
698 1573 784 1603 non
825 1559 960 1604 solum
996 1560 1218 1603 universae
1248 1558 1448 1603 ecclesiae
1477 1561 1644 1602 vestrae

76 1642 141 1683 set
177 1638 306 1683 etiam
335 1639 571 1683 vicinarum
608 1638 828 1682 consilium
866 1641 908 1681 et
941 1637 1211 1693 suffragium,
1249 1641 1298 1681 ut
1335 1637 1479 1681 divina
1507 1637 1643 1693 pietas

75 1717 206 1762 talem
225 1717 344 1761 vobis
373 1719 566 1774 prestare
595 1716 790 1771 dignetur
820 1719 1045 1773 pastorem,
1079 1717 1150 1772 qui
1181 1729 1233 1759 ex
1264 1716 1353 1759 eius
1382 1715 1489 1758 dono
1510 1714 1646 1772 possit

77 1808 228 1839 sanare
265 1795 466 1838 contritos
506 1794 631 1838 corde
669 1798 711 1837 et
747 1794 920 1850 alligare
950 1794 1226 1837 contriciones
1255 1790 1454 1837 vestras³.
1515 1793 1564 1837 In
1596 1806 1644 1837 eo
1670 1793 1673 1795 ’

78 1876 240 1929 autem,
281 1873 393 1929 quod
423 1872 672 1930 scripsistis,
712 1872 811 1928 quia
840 1885 1055 1928 nunquam
1085 1871 1218 1915 bonus
1249 1875 1394 1929 pastor
1423 1871 1514 1915 viso
1544 1871 1644 1929 lupo

78 1950 262 1996 officium
290 1950 474 2008 pastoris
503 1950 701 2006 deseruit,
733 1949 918 1994 recolere
947 1950 1070 1994 debet
1089 1953 1231 1994 vestra
1249 1949 1487 2007 prudentia,
1520 1963 1646 2006 quam

76 2029 252 2086 multos,
292 2042 418 2085 quam
449 2042 645 2084 magnos,
686 2042 811 2085 quam
842 2031 1003 2072 atroces
1032 2028 1154 2085 lupos
1184 2028 1230 2071 in
1260 2028 1463 2083 regimine
1495 2027 1645 2072 Stabu-

78 2107 208 2152 lensis
249 2106 448 2151 ecclesiae
486 2106 551 2150 his
588 2107 740 2162 viginti
778 2106 920 2162 annis,
969 2106 1119 2163 quibus
1159 2107 1198 2150 ei
1237 2107 1486 2151 servivimus
1494 2103 1523 2162 ⁴,
1561 2119 1646 2150 non

80 2185 235 2242 absque
264 2184 451 2242 periculo
481 2184 630 2228 mortis
662 2187 704 2228 et
733 2185 930 2241 gravibus
962 2184 1170 2229 scandalis
1201 2188 1244 2229 et
1264 2184 1499 2243 obprobriis
1520 2185 1645 2228 susti-

78 2263 307 2319 nuerimus,
339 2276 416 2306 nec
447 2262 583 2306 adhuc
611 2263 722 2307 ferre
752 2263 1093 2318 detrectaremus,
1124 2263 1161 2307 si
1190 2263 1327 2307 eidem
1347 2263 1425 2307 soli
1447 2263 1646 2307 ecclesiae

80 2342 275 2399 asscripti
306 2355 504 2386 essemus.
556 2339 629 2384 Set
658 2354 751 2385 cum
782 2341 828 2384 in
848 2340 1090 2385 Corbeiensi
1120 2341 1322 2385 aecclesia
1349 2341 1439 2399 lupi
1468 2355 1553 2385 non
1573 2341 1644 2385 de-

80 2420 167 2463 sint
204 2422 246 2464 et
283 2419 466 2477 pastoris
506 2418 564 2462 sit
601 2419 838 2462 necessaria
874 2422 963 2462 tam
999 2420 1214 2476 presentia
1250 2433 1376 2476 quam
1412 2419 1643 2475 vigilantia,

81 2498 283 2553 elegimus
313 2498 406 2553 uni,
436 2496 518 2552 vel,
550 2496 587 2539 si
612 2496 673 2540 sic
702 2496 894 2553 expedit,
924 2498 1064 2541 neutri
1095 2498 1274 2553 servire,
1307 2511 1446 2553 quam,
1477 2497 1644 2552 utrique

80 2575 337 2631 incubando,
376 2575 518 2619 neutri
555 2574 766 2631 prodesse.
828 2574 886 2618 Et
922 2578 970 2618 ut
1007 2574 1060 2618 ad
1094 2575 1224 2619 verba
1252 2575 1406 2619 veteris
1442 2574 1644 2618 historiae

80 2653 428 2711 respondeamus,
468 2651 583 2696 nullo
620 2651 744 2695 modo
783 2652 985 2708 credatis,
1026 2653 1136 2709 quod
1175 2667 1359 2697 amorem
1398 2652 1643 2710 posterioris

81 2732 244 2788 primae
273 2730 626 2788 preposuerimuS,
658 2743 764 2786 quae
793 2742 871 2773 nec
899 2743 977 2787 pro
1007 2730 1298 2787 mandragoris
1318 2730 1465 2775 Ruben
1492 2744 1569 2774 nos
1590 2731 1644 2774 ad

178 2865 205 2886 a.
233 2853 376 2886 Malmud¹
391 2868 415 2886 c.
498 2855 528 2886 b.
550 2856 663 2885 lacuna
685 2856 715 2885 in
737 2855 805 2885 cod.

178 2914 211 2949 1.
243 2912 297 2950 Cf.
324 2913 437 2950 Eccli.
464 2915 497 2959 6,
523 2914 556 2949 7.
652 2913 685 2947 2.
718 2910 774 2948 Of.
798 2910 932 2948 Ezech.
960 2913 1015 2957 13,
1036 2913 1072 2948 2.
1168 2913 1202 2949 3.
1227 2912 1286 2948 Ρ8.
1308 2912 1386 2958 146,
1405 2913 1439 2949 3.
1534 2912 1568 2949 4.
1595 2912 1642 2950 ab

85 2976 242 3010 exeunte
265 2983 360 3011 anno
387 2973 478 3010 1130
502 2973 549 3010 ad
573 2975 768 3010 exeuntem
792 2982 928 3008 annum
955 2972 1058 3008 1150.
