1924 3288
586 210 785 242 wmALm
812 208 1034 241 EPISTOLA
1063 208 1135 239 455.
1551 197 1637 241 587

74 306 207 352 tilata.
271 304 399 350 Cuius
436 306 542 350 serie
575 305 738 361 audita,
778 307 1119 349 assurrexerunt⁸
1149 304 1329 362 predicti
1358 304 1498 349 nuntii
1528 318 1640 349 asse-
1685 309 1777 345 1157

74 388 228 441 rentes,
250 384 451 428 domnum
481 398 602 428 suum
625 384 868 441 episcopum
887 397 965 441 pro
981 383 1217 427 reverentia
1232 386 1274 428 et
1286 383 1485 427 mandato
1500 386 1640 428 vestro
1663 360 1783 431 allisis

74 464 156 508 iter
187 463 356 520 quidem
385 465 483 520 post
512 475 588 505 nos
620 461 863 519 arripuisse,
896 475 982 505 non
1011 461 1223 505 modicum
1252 462 1346 506 viae
1377 462 1560 520 spatium
1590 462 1642 506 de

76 542 198 586 domo
230 555 306 585 sua
334 539 602 598 processisse,
635 542 699 583 set
728 540 773 582 in
803 539 896 597 ipso
926 553 1006 596 quo
1027 539 1223 584 veniebat
1241 540 1392 584 itinere
1412 543 1531 584 tanta
1551 553 1642 584 cor-

74 620 191 678 poris
221 619 498 664 invalitudine
521 621 832 676 pregravatum,
865 631 919 661 ne
939 617 1051 661 ultra
1071 621 1213 676 posset
1232 618 1478 675 procedere3
1511 632 1642 676 eaque

74 698 324 743 necessitate
354 698 495 754 ipsum
526 709 588 752 eo,
620 696 730 740 unde
752 699 938 752 venerat,
969 709 1053 739 non
1085 696 1175 740 sine
1206 697 1325 752 gravi
1350 696 1493 741 labore
1512 697 1642 741 fuisse

75 790 303 821 reversum.
365 774 733 831 Addideruntque,
774 788 890 830 eum,
927 774 1093 818 reddita
1124 774 1204 818 sibi
1235 775 1435 831 sanitate,
1464 775 1643 819 libenter

77 854 131 898 ad
159 868 236 898 nos
268 853 349 897 alio
379 852 470 897 loco
502 852 583 896 alio
614 856 804 910 tempore
832 855 1069 896 venturum.
1127 852 1313 904 Quorum
1345 853 1642 898 assertionibus

75 935 124 976 ut
168 932 342 990 pronior
387 930 656 975 adhiberetur
691 930 816 987 fides,
863 930 1026 974 litteras
1064 930 1313 974 domnorum
1350 933 1644 989 episcoporum

75 1010 503 1055 Hildenesheimensis
537 1011 578 1052 et
597 1007 828 1053 Mindensis
842 1005 865 1064 ¹,
898 1009 970 1065 qui
991 1009 1169 1053 eundem
1191 1010 1435 1067 episcopum
1454 1011 1499 1053 in
1520 1010 1642 1054 domo

77 1089 252 1146 quisque
291 1101 367 1132 sua
404 1087 648 1143 collegerat,
686 1101 763 1144 pre
793 1087 986 1131 manibus
1017 1087 1248 1144 habebant,
1289 1102 1466 1145 quarum
1497 1088 1644 1132 eadem

74 1168 157 1211 fuit
187 1166 455 1222 continentia,
488 1179 613 1223 quam
643 1165 889 1209 nuntiorum
920 1168 1147 1209 sonuerant
1173 1166 1312 1210 verba.
1359 1166 1516 1219 Quibus
1549 1180 1645 1210 oum

75 1245 255 1290 necdum
277 1245 411 1289 adhuc
432 1244 485 1288 ad
505 1244 676 1302 plenum
696 1243 948 1299 crederetur,
981 1243 1191 1300 dixerunt,
1216 1258 1261 1288 se
1282 1244 1388 1288 velle
1408 1245 1643 1289 iuramento

76 1326 333 1380 monstrare,
372 1323 587 1367 dominum
618 1336 741 1366 suum
770 1335 856 1366 non
885 1322 1071 1378 venisse,
1095 1336 1192 1366 ⁴non
1224 1323 1340 1379 ideo,
1374 1323 1472 1380 quia
1500 1323 1644 1368 venire

76 1416 159 1446 non
181 1402 326 1458 voluit,
359 1404 423 1446 set
454 1402 552 1458 quia
571 1401 714 1445 venire
745 1414 829 1444 non
858 1401 1010 1458 potuit.
1052 1400 1243 1445 Domnus
1275 1401 1404 1446 abbas
1434 1416 1456 1446 e
1478 1405 1642 1446 contra:

77 1481 178 1525 Non
218 1481 358 1524 leviter
397 1480 535 1536 inquit
573 1480 649 1523 boc
685 1482 964 1523 iuramentum
987 1480 1196 1538 prestabit
1223 1481 1343 1524 nobis
1372 1482 1504 1537 fidem
1535 1490 1645 1525 tante

77 1560 369 1603 imbecillitatis
405 1561 452 1602 in
493 1559 643 1601 domno
680 1558 1008 1615 Osenbruyensi,·
1048 1560 1171 1615 quia,
1214 1561 1290 1616 qui
1317 1562 1461 1617 potuit
1491 1562 1537 1602 in
1568 1575 1646 1603 sua

77 1639 228 1691 redire,
260 1639 348 1680 nisi
373 1637 564 1680 voluntas
586 1637 796 1693 defuisset,
823 1638 966 1694 potuit
986 1645 1023 1679 et
1035 1638 1226 1694 prodire.
1269 1636 1447 1680 Addidit
1467 1651 1645 1695 quoque,

79 1715 253 1759 domnos
286 1714 523 1772 episcopos,
556 1728 733 1771 quorum
762 1714 902 1758 littere
931 1714 990 1758 ibi
1022 1714 1153 1758 lectae
1182 1715 1370 1771 fuerant,
1404 1716 1454 1759 de
1484 1730 1531 1760 re
1561 1730 1646 1759 non

80 1793 183 1837 satis
225 1796 340 1837 certa
375 1793 515 1836 minus
554 1795 673 1836 caute
711 1791 954 1836 testificatos
995 1806 1097 1837 esse.
1228 1792 1416 1851 Cumque
1452 1794 1498 1838 in
1535 1795 1647 1838 hunc

79 1872 251 1916 modum
281 1870 379 1915 hinc
410 1874 452 1914 et
480 1871 578 1914 inde
609 1871 914 1928 disceptarent,
954 1871 1130 1915 domnus
1164 1871 1291 1916 abbas
1323 1875 1420 1917 ante
1451 1876 1646 1931 expecta-

80 1949 196 1995 tumb
228 1949 457 2007 appellavit
486 1949 530 1992 in
560 1949 637 1993 hec-
667 1949 814 1993 verba:

199 2029 293 2086 Eyo
315 2029 528 2071 Wiboldus
548 2028 636 2071 Dei
662 2030 804 2086 qratia
825 2027 1079 2072 Corbeiensis
1111 2029 1240 2071 abbas
1261 2029 1427 2086 appello
1449 2030 1647 2073 domnum

75 2122 241 2166 papam
271 2106 513 2149 Adrianum
549 2115 585 2149 et
607 2122 793 2164 provoco
825 2108 883 2149 acl
910 2108 1163 2164 presentiam
1193 2108 1279 2149 eius
1311 2108 1509 2151 domnum
1537 2109 1645 2151 Phi-

84 2187 247 2244 lippum
271 2184 622 2242 Osenbruqensem
653 2187 905 2243 episcopum,
937 2199 1236 2242 responsurum
1266 2186 1417 2229 domno
1442 2202 1588 2243 papae
1611 2196 1648 2230 et

82 2264 202 2307 nobis
231 2266 278 2306 in
300 2272 445 2306 octava
465 2265 600 2306 sancti
617 2264 805 2327 Martini
824 2259 1031 2321 episcopi²
1053 2264 1104 2305 cle
1125 2264 1465 2307 decimationibus
1487 2265 1645 2322 baptis-

83 2343 257 2385 malium
278 2341 570 2384 aecclesiarum
589 2343 634 2383 in
655 2341 936 2384 Nortlandia:
959 2341 1192 2394 Wrederen,
1220 2338 1427 2399 Meppie³,
1458 2342 1645 2386 Aschen-

85 2421 205 2478 thorp
216 2417 243 2474 ⁴,
277 2420 480 2476 Loninqe,
514 2419 690 2472 Visbilee,
725 2434 817 2461 cum
847 2420 933 2461 suis
964 2421 1149 2476 antiquis
1174 2421 1374 2473 terminis,
1409 2435 1513 2477 quas
1535 2422 1646 2465 deci·-

85 2501 285 2542 mationes
316 2497 552 2540 Corbeiensi
586 2497 777 2539 ecclesiae
805 2499 956 2540 iniuste
986 2498 1136 2554 aufert.
1198 2498 1388 2541 Provoco
1421 2507 1459 2541 et
1492 2498 1645 2542 Thide-

86 2576 261 2631 (ric-um)
286 2577 548 2634 prepositum
580 2583 616 2618 et
635 2576 881 2631 maqistrum
906 2574 1217 2629 Thiethardum,
1251 2578 1327 2633 qui
1346 2577 1403 2619 ad
1419 2592 1646 2633 yravamen

87 2670 237 2698 causae
265 2663 431 2697 nostrae
461 2655 511 2696 de
540 2669 586 2696 re
615 2655 773 2696 incerta
793 2654 936 2696 iurare
955 2654 1111 2707 volunt,
1136 2656 1376 2711 prescripta
1397 2656 1465 2698 die
1484 2657 1530 2698 in
1542 2671 1645 2713 pre-

87 2735 220 2776 sentia
250 2734 394 2776 clomni
415 2747 560 2790 papae
590 2737 897 2788 responsuros⁰.

185 2866 211 2887 a.
239 2859 370 2898 sequitur·
391 2854 428 2896 (ic
450 2859 479 2887 in
502 2856 570 2886 cod.
654 2855 684 2885 b.
706 2855 851 2885 indicium
872 2855 1022 2886 excidisse
1041 2856 1167 2887 videtur.
1251 2864 1277 2886 c.
1299 2865 1499 2896 responsurus
1522 2869 1547 2888 c.

185 2916 217 2951 1.
250 2925 306 2961 ep.
323 2915 392 2951 451
419 2918 455 2951 et
478 2914 548 2950 453
574 2924 685 2959 supra
707 2924 742 2959 p.
760 2913 830 2948 583
847 2916 884 2948 et
900 2912 980 2949 584.
1084 2913 1117 2949 2.
1149 2913 1240 2950 Nov.
1259 2913 1316 2950 18.
1411 2915 1445 2951 3.
1476 2915 1641 2963 Meppen.

89 2974 124 3011 4.
149 2973 381 3011 Aschendorf
400 2974 447 3010 ad
470 2973 647 3010 Amisiam
671 2971 719 3018 fl„
745 2983 767 3008 a
790 2972 945 3018 Meppen
970 2971 1017 3008 ad
1041 2973 1328 3019 septemtriones.
