<?xml version="1.0" encoding="UTF-8"?>
<!DOCTYPE html PUBLIC "-//W3C//DTD XHTML 1.0 Transitional//EN"
    "http://www.w3.org/TR/xhtml1/DTD/xhtml1-transitional.dtd">
<html xmlns="http://www.w3.org/1999/xhtml" xml:lang="en" lang="en">
 <head>
  <title>
</title>
<meta http-equiv="Content-Type" content="text/html;charset=utf-8" />
  <meta name='ocr-system' content='tesseract 3.04.00' />
  <meta name='ocr-capabilities' content='ocr_page ocr_carea ocr_par ocr_line ocrx_word'/>
</head>
<body>
  <div class='ocr_page' id='page_1' title='image "bibliothecarerum01wattuoft_0393.png"; bbox 0 0 1924 3288; ppageno 0'>
   <div class='ocr_carea' id='block_1_1' title="bbox 592 187 1644 234">
    <p class='ocr_par' dir='ltr' id='par_1_1' title="bbox 592 187 1644 234">
     <span class='ocr_line' id='line_1_1' title="bbox 592 187 1644 234; baseline -0.002 0"><span class='ocrx_word' id='word_1_1' title='bbox 592 202 790 234; x_wconf 74' lang='lat' dir='ltr'>erALm</span> <span class='ocrx_word' id='word_1_2' title='bbox 819 201 1038 234; x_wconf 69' lang='lat' dir='ltr'>nmsronA</span> <span class='ocrx_word' id='word_1_3' title='bbox 1067 199 1138 231; x_wconf 79' lang='lat'>251.</span> <span class='ocrx_word' id='word_1_4' title='bbox 1557 187 1644 232; x_wconf 82' lang='lat'>375</span> 
     </span>
    </p>
   </div>
   <div class='ocr_carea' id='block_1_2' title="bbox 80 288 1796 1756">
    <p class='ocr_par' dir='ltr' id='par_1_2' title="bbox 80 288 1796 1756">
     <span class='ocr_line' id='line_1_2' title="bbox 84 288 1776 355; baseline -0.005 -11"><span class='ocrx_word' id='word_1_5' title='bbox 84 297 386 344; x_wconf 69' lang='lat' dir='ltr'>monasterium</span> <span class='ocrx_word' id='word_1_6' title='bbox 429 301 621 342; x_wconf 90' lang='lat' dir='ltr'>nostrum</span> <span class='ocrx_word' id='word_1_7' title='bbox 658 311 790 355; x_wconf 91' lang='lat' dir='ltr'>usque</span> <span class='ocrx_word' id='word_1_8' title='bbox 829 298 882 341; x_wconf 89' lang='lat' dir='ltr'>ad</span> <span class='ocrx_word' id='word_1_9' title='bbox 917 297 1104 341; x_wconf 90' lang='lat' dir='ltr'>futuram</span> <span class='ocrx_word' id='word_1_10' title='bbox 1141 295 1361 353; x_wconf 81' lang='lat' dir='ltr'><strong>autumpni</strong></span> <span class='ocrx_word' id='word_1_11' title='bbox 1396 288 1645 352; x_wconf 78' lang='lat' dir='ltr'>temperiem</span> <span class='ocrx_word' id='word_1_12' title='bbox 1681 297 1776 334; x_wconf 86' lang='lat'>1150</span> 
     </span>
     <span class='ocr_line' id='line_1_3' title="bbox 83 347 1796 434; baseline -0.001 -12"><span class='ocrx_word' id='word_1_13' title='bbox 83 376 222 423; x_wconf 80' lang='lat' dir='ltr'>redire</span> <span class='ocrx_word' id='word_1_14' title='bbox 252 389 351 432; x_wconf 82' lang='lat' dir='ltr'>egre</span> <span class='ocrx_word' id='word_1_15' title='bbox 379 376 630 434; x_wconf 81' lang='lat' dir='ltr'>permiserit.</span> <span class='ocrx_word' id='word_1_16' title='bbox 734 375 908 419; x_wconf 83' lang='lat' dir='ltr'>Interim</span> <span class='ocrx_word' id='word_1_17' title='bbox 936 372 1077 418; x_wconf 91' lang='lat' dir='ltr'>misit¹</span> <span class='ocrx_word' id='word_1_18' title='bbox 1105 374 1355 430; x_wconf 87' lang='lat' dir='ltr'>magistrum</span> <span class='ocrx_word' id='word_1_19' title='bbox 1383 372 1643 428; x_wconf 90' lang='lat' dir='ltr'>Heinricum,</span> <span class='ocrx_word' id='word_1_20' title='bbox 1666 347 1796 430; x_wconf 54' lang='lat' dir='ltr'>Agssstzo</span> 
     </span>
     <span class='ocr_line' id='line_1_4' title="bbox 83 450 1644 510; baseline -0.003 -11"><span class='ocrx_word' id='word_1_21' title='bbox 83 454 224 500; x_wconf 76' lang='lat' dir='ltr'>euriae</span> <span class='ocrx_word' id='word_1_22' title='bbox 268 467 370 498; x_wconf 89' lang='lat' dir='ltr'>suae</span> <span class='ocrx_word' id='word_1_23' title='bbox 411 454 642 509; x_wconf 89' lang='lat' dir='ltr'>notarium,</span> <span class='ocrx_word' id='word_1_24' title='bbox 687 453 826 497; x_wconf 88' lang='lat' dir='ltr'>virum</span> <span class='ocrx_word' id='word_1_25' title='bbox 870 453 1103 510; x_wconf 83' lang='lat' dir='ltr'>sapientem</span> <span class='ocrx_word' id='word_1_26' title='bbox 1149 455 1191 496; x_wconf 91' lang='lat' dir='ltr'>et</span> <span class='ocrx_word' id='word_1_27' title='bbox 1229 452 1408 510; x_wconf 91' lang='lat' dir='ltr'>probum</span> <span class='ocrx_word' id='word_1_28' title='bbox 1446 454 1489 495; x_wconf 93' lang='lat' dir='ltr'>et</span> <span class='ocrx_word' id='word_1_29' title='bbox 1524 450 1644 495; x_wconf 89' lang='lat' dir='ltr'>vobis</span> 
     </span>
     <span class='ocr_line' id='line_1_5' title="bbox 83 527 1646 589; baseline -0.003 -12"><span class='ocrx_word' id='word_1_30' title='bbox 83 531 254 577; x_wconf 84' lang='lat' dir='ltr'>omnino</span> <span class='ocrx_word' id='word_1_31' title='bbox 291 530 601 586; x_wconf 80' lang='lat' dir='ltr'>fidelissimum3</span> <span class='ocrx_word' id='word_1_32' title='bbox 642 545 766 589; x_wconf 90' lang='lat' dir='ltr'>quem</span> <span class='ocrx_word' id='word_1_33' title='bbox 802 534 850 574; x_wconf 91' lang='lat' dir='ltr'>ut</span> <span class='ocrx_word' id='word_1_34' title='bbox 877 531 1052 575; x_wconf 86' lang='lat' dir='ltr'>honeste</span> <span class='ocrx_word' id='word_1_35' title='bbox 1082 530 1320 588; x_wconf 85' lang='lat' dir='ltr'>suscipiatis</span> <span class='ocrx_word' id='word_1_36' title='bbox 1351 533 1393 574; x_wconf 93' lang='lat' dir='ltr'>et</span> <span class='ocrx_word' id='word_1_37' title='bbox 1423 527 1646 573; x_wconf 89' lang='lat' dir='ltr'>efficaciter</span> 
     </span>
     <span class='ocr_line' id='line_1_6' title="bbox 83 608 1645 665; baseline -0.003 -10"><span class='ocrx_word' id='word_1_38' title='bbox 83 623 139 655; x_wconf 78' lang='lat' dir='ltr'>ac-</span> <span class='ocrx_word' id='word_1_39' title='bbox 169 609 360 655; x_wconf 88' lang='lat' dir='ltr'>celeriter</span> <span class='ocrx_word' id='word_1_40' title='bbox 390 609 635 665; x_wconf 87' lang='lat' dir='ltr'>dimittatis,</span> <span class='ocrx_word' id='word_1_41' title='bbox 675 623 727 653; x_wconf 86' lang='lat' dir='ltr'>ex</span> <span class='ocrx_word' id='word_1_42' title='bbox 756 608 1041 652; x_wconf 68' lang='lat' dir='ltr'>habundanti*</span> <span class='ocrx_word' id='word_1_43' title='bbox 1071 609 1279 652; x_wconf 86' lang='lat' dir='ltr'>credimus</span> <span class='ocrx_word' id='word_1_44' title='bbox 1311 621 1421 663; x_wconf 88' lang='lat' dir='ltr'>esse,</span> <span class='ocrx_word' id='word_1_45' title='bbox 1460 610 1645 651; x_wconf 87' lang='lat' dir='ltr'>vestram</span> 
     </span>
     <span class='ocr_line' id='line_1_7' title="bbox 83 685 1644 746; baseline -0.001 -14"><span class='ocrx_word' id='word_1_46' title='bbox 83 701 210 746; x_wconf 86' lang='lat' dir='ltr'>super</span> <span class='ocrx_word' id='word_1_47' title='bbox 245 687 324 731; x_wconf 91' lang='lat' dir='ltr'>hoc</span> <span class='ocrx_word' id='word_1_48' title='bbox 353 687 622 744; x_wconf 78' lang='lat' dir='ltr'>prudentiam</span> <span class='ocrx_word' id='word_1_49' title='bbox 653 690 695 730; x_wconf 94' lang='lat' dir='ltr'>et</span> <span class='ocrx_word' id='word_1_50' title='bbox 723 687 1026 742; x_wconf 88' lang='lat' dir='ltr'>benignitatem</span> <span class='ocrx_word' id='word_1_51' title='bbox 1056 687 1317 730; x_wconf 86' lang='lat' dir='ltr'>submonere.</span> <span class='ocrx_word' id='word_1_52' title='bbox 1374 685 1644 730; x_wconf 86' lang='lat' dir='ltr'>Venissemus</span> 
     </span>
     <span class='ocr_line' id='line_1_8' title="bbox 83 763 1644 821; baseline -0.001 -10"><span class='ocrx_word' id='word_1_53' title='bbox 83 766 136 811; x_wconf 79' lang='lat' dir='ltr'>ad</span> <span class='ocrx_word' id='word_1_54' title='bbox 165 779 240 811; x_wconf 86' lang='lat' dir='ltr'>vos</span> <span class='ocrx_word' id='word_1_55' title='bbox 270 765 568 821; x_wconf 85' lang='lat' dir='ltr'>desideranter,</span> <span class='ocrx_word' id='word_1_56' title='bbox 598 778 684 808; x_wconf 91' lang='lat' dir='ltr'>non</span> <span class='ocrx_word' id='word_1_57' title='bbox 715 764 850 808; x_wconf 90' lang='lat' dir='ltr'>solum</span> <span class='ocrx_word' id='word_1_58' title='bbox 879 778 957 821; x_wconf 91' lang='lat' dir='ltr'>pro</span> <span class='ocrx_word' id='word_1_59' title='bbox 978 764 1134 808; x_wconf 91' lang='lat' dir='ltr'>honore</span> <span class='ocrx_word' id='word_1_60' title='bbox 1156 767 1198 808; x_wconf 92' lang='lat' dir='ltr'>et</span> <span class='ocrx_word' id='word_1_61' title='bbox 1216 764 1399 808; x_wconf 87' lang='lat' dir='ltr'>utilitate</span> <span class='ocrx_word' id='word_1_62' title='bbox 1420 763 1644 809; x_wconf 79' lang='lat' dir='ltr'>aecclesiae</span> 
     </span>
     <span class='ocr_line' id='line_1_9' title="bbox 82 842 1644 901; baseline -0.002 -12"><span class='ocrx_word' id='word_1_63' title='bbox 82 843 164 890; x_wconf 90' lang='lat' dir='ltr'>Dei</span> <span class='ocrx_word' id='word_1_64' title='bbox 194 847 236 888; x_wconf 88' lang='lat' dir='ltr'>et</span> <span class='ocrx_word' id='word_1_65' title='bbox 268 843 436 901; x_wconf 90' lang='lat' dir='ltr'>imperii</span> <span class='ocrx_word' id='word_1_66' title='bbox 464 842 656 899; x_wconf 83' lang='lat' dir='ltr'>Romani,</span> <span class='ocrx_word' id='word_1_67' title='bbox 688 856 836 886; x_wconf 89' lang='lat' dir='ltr'>verum</span> <span class='ocrx_word' id='word_1_68' title='bbox 866 843 993 886; x_wconf 92' lang='lat' dir='ltr'>etiam</span> <span class='ocrx_word' id='word_1_69' title='bbox 1023 846 1072 886; x_wconf 92' lang='lat' dir='ltr'>ut</span> <span class='ocrx_word' id='word_1_70' title='bbox 1099 842 1251 886; x_wconf 81' lang='lat' dir='ltr'>faciem</span> <span class='ocrx_word' id='word_1_71' title='bbox 1280 846 1485 898; x_wconf 89' lang='lat' dir='ltr'>vestram,</span> <span class='ocrx_word' id='word_1_72' title='bbox 1517 855 1644 899; x_wconf 92' lang='lat' dir='ltr'>quam</span> 
     </span>
     <span class='ocr_line' id='line_1_10' title="bbox 83 919 1643 977; baseline -0.001 -11"><span class='ocrx_word' id='word_1_73' title='bbox 83 922 193 967; x_wconf 87' lang='lat' dir='ltr'>sicut</span> <span class='ocrx_word' id='word_1_74' title='bbox 210 921 375 966; x_wconf 83' lang='lat' dir='ltr'>vultum</span> <span class='ocrx_word' id='word_1_75' title='bbox 396 920 534 977; x_wconf 86' lang='lat' dir='ltr'>angeli</span> <span class='ocrx_word' id='word_1_76' title='bbox 555 921 780 976; x_wconf 89' lang='lat' dir='ltr'>intuemur,</span> <span class='ocrx_word' id='word_1_77' title='bbox 812 933 982 965; x_wconf 90' lang='lat' dir='ltr'>cernere</span> <span class='ocrx_word' id='word_1_78' title='bbox 1011 933 1282 975; x_wconf 74' lang='lat' dir='ltr'>mereremur,</span> <span class='ocrx_word' id='word_1_79' title='bbox 1314 923 1356 964; x_wconf 89' lang='lat' dir='ltr'>et</span> <span class='ocrx_word' id='word_1_80' title='bbox 1384 919 1535 963; x_wconf 91' lang='lat' dir='ltr'>humili</span> <span class='ocrx_word' id='word_1_81' title='bbox 1556 934 1643 964; x_wconf 91' lang='lat' dir='ltr'>ser-</span> 
     </span>
     <span class='ocr_line' id='line_1_11' title="bbox 81 998 1643 1057; baseline -0.002 -13"><span class='ocrx_word' id='word_1_82' title='bbox 81 1013 204 1044; x_wconf 89' lang='lat' dir='ltr'>mone</span> <span class='ocrx_word' id='word_1_83' title='bbox 241 1000 420 1057; x_wconf 89' lang='lat' dir='ltr'>quedam</span> <span class='ocrx_word' id='word_1_84' title='bbox 450 1002 613 1043; x_wconf 86' lang='lat' dir='ltr'>vestrae</span> <span class='ocrx_word' id='word_1_85' title='bbox 652 998 927 1043; x_wconf 86' lang='lat' dir='ltr'>excellenciae</span> <span class='ocrx_word' id='word_1_86' title='bbox 958 1011 1297 1054; x_wconf 82' lang='lat' dir='ltr'>suggereremus,</span> <span class='ocrx_word' id='word_1_87' title='bbox 1338 1011 1444 1054; x_wconf 90' lang='lat' dir='ltr'>quae</span> <span class='ocrx_word' id='word_1_88' title='bbox 1475 998 1643 1055; x_wconf 91' lang='lat' dir='ltr'>scriptis</span> 
     </span>
     <span class='ocr_line' id='line_1_12' title="bbox 81 1076 1644 1134; baseline -0.003 -11"><span class='ocrx_word' id='word_1_89' title='bbox 81 1077 342 1123; x_wconf 79' lang='lat' dir='ltr'>committere</span> <span class='ocrx_word' id='word_1_90' title='bbox 385 1091 470 1121; x_wconf 91' lang='lat' dir='ltr'>non</span> <span class='ocrx_word' id='word_1_91' title='bbox 514 1077 795 1134; x_wconf 88' lang='lat' dir='ltr'>presumimus</span> <span class='ocrx_word' id='word_1_92' title='bbox 839 1080 930 1120; x_wconf 92' lang='lat' dir='ltr'>tum</span> <span class='ocrx_word' id='word_1_93' title='bbox 975 1079 1149 1134; x_wconf 90' lang='lat' dir='ltr'>propter</span> <span class='ocrx_word' id='word_1_94' title='bbox 1194 1076 1333 1120; x_wconf 81' lang='lat' dir='ltr'>varios</span> <span class='ocrx_word' id='word_1_95' title='bbox 1378 1079 1420 1120; x_wconf 90' lang='lat' dir='ltr'>et</span> <span class='ocrx_word' id='word_1_96' title='bbox 1461 1076 1644 1120; x_wconf 89' lang='lat' dir='ltr'>incertos</span> 
     </span>
     <span class='ocr_line' id='line_1_13' title="bbox 83 1154 1644 1212; baseline -0.001 -11"><span class='ocrx_word' id='word_1_97' title='bbox 83 1159 256 1201; x_wconf 86' lang='lat' dir='ltr'>eventus</span> <span class='ocrx_word' id='word_1_98' title='bbox 285 1169 448 1212; x_wconf 88' lang='lat' dir='ltr'>rerum,</span> <span class='ocrx_word' id='word_1_99' title='bbox 479 1158 570 1199; x_wconf 92' lang='lat' dir='ltr'>tum</span> <span class='ocrx_word' id='word_1_100' title='bbox 599 1168 653 1199; x_wconf 91' lang='lat' dir='ltr'>ne</span> <span class='ocrx_word' id='word_1_101' title='bbox 682 1155 728 1198; x_wconf 92' lang='lat' dir='ltr'>in</span> <span class='ocrx_word' id='word_1_102' title='bbox 759 1154 911 1198; x_wconf 90' lang='lat' dir='ltr'>arduas</span> <span class='ocrx_word' id='word_1_103' title='bbox 942 1157 985 1198; x_wconf 90' lang='lat' dir='ltr'>et</span> <span class='ocrx_word' id='word_1_104' title='bbox 1014 1154 1217 1198; x_wconf 90' lang='lat' dir='ltr'>archanas</span> <span class='ocrx_word' id='word_1_105' title='bbox 1248 1168 1315 1198; x_wconf 90' lang='lat' dir='ltr'>res</span> <span class='ocrx_word' id='word_1_106' title='bbox 1347 1156 1389 1197; x_wconf 92' lang='lat' dir='ltr'>et</span> <span class='ocrx_word' id='word_1_107' title='bbox 1418 1154 1463 1206; x_wconf 87' lang='lat' dir='ltr'>in</span> <span class='ocrx_word' id='word_1_108' title='bbox 1494 1155 1644 1199; x_wconf 89' lang='lat' dir='ltr'>secreti</span> 
     </span>
     <span class='ocr_line' id='line_1_14' title="bbox 81 1231 1641 1292; baseline -0.001 -13"><span class='ocrx_word' id='word_1_109' title='bbox 81 1234 212 1279; x_wconf 86' lang='lat' dir='ltr'>vestri</span> <span class='ocrx_word' id='word_1_110' title='bbox 230 1233 484 1292; x_wconf 87' lang='lat' dir='ltr'>profundum</span> <span class='ocrx_word' id='word_1_111' title='bbox 505 1246 581 1277; x_wconf 91' lang='lat' dir='ltr'>nos</span> <span class='ocrx_word' id='word_1_112' title='bbox 605 1236 763 1277; x_wconf 90' lang='lat' dir='ltr'>temere</span> <span class='ocrx_word' id='word_1_113' title='bbox 785 1236 827 1277; x_wconf 92' lang='lat' dir='ltr'>et</span> <span class='ocrx_word' id='word_1_114' title='bbox 844 1232 1083 1289; x_wconf 88' lang='lat' dir='ltr'>importune</span> <span class='ocrx_word' id='word_1_115' title='bbox 1102 1233 1294 1288; x_wconf 86' lang='lat' dir='ltr'>ingerere</span> <span class='ocrx_word' id='word_1_116' title='bbox 1314 1231 1641 1277; x_wconf 81' lang='lat' dir='ltr'>estimaremur².</span> 
     </span>
     <span class='ocr_line' id='line_1_15' title="bbox 81 1310 1644 1368; baseline -0.002 -10"><span class='ocrx_word' id='word_1_117' title='bbox 81 1312 315 1358; x_wconf 84' lang='lat' dir='ltr'>Peticiones</span> <span class='ocrx_word' id='word_1_118' title='bbox 355 1314 544 1367; x_wconf 88' lang='lat' dir='ltr'>nostrae,</span> <span class='ocrx_word' id='word_1_119' title='bbox 584 1324 690 1368; x_wconf 90' lang='lat' dir='ltr'>quae</span> <span class='ocrx_word' id='word_1_120' title='bbox 728 1311 773 1354; x_wconf 89' lang='lat' dir='ltr'>in</span> <span class='ocrx_word' id='word_1_121' title='bbox 813 1310 980 1368; x_wconf 89' lang='lat' dir='ltr'>scriptis</span> <span class='ocrx_word' id='word_1_122' title='bbox 1018 1310 1244 1366; x_wconf 86' lang='lat' dir='ltr'>habentur,</span> <span class='ocrx_word' id='word_1_123' title='bbox 1282 1313 1330 1353; x_wconf 91' lang='lat' dir='ltr'>ut</span> <span class='ocrx_word' id='word_1_124' title='bbox 1367 1324 1393 1354; x_wconf 92' lang='lat' dir='ltr'>a</span> <span class='ocrx_word' id='word_1_125' title='bbox 1422 1310 1644 1355; x_wconf 90' lang='lat' dir='ltr'>clementia</span> 
     </span>
     <span class='ocr_line' id='line_1_16' title="bbox 81 1387 1642 1445; baseline -0.002 -10"><span class='ocrx_word' id='word_1_126' title='bbox 81 1393 222 1435; x_wconf 81' lang='lat' dir='ltr'>vestra</span> <span class='ocrx_word' id='word_1_127' title='bbox 234 1389 560 1435; x_wconf 87' lang='lat' dir='ltr'>misericorditer</span> <span class='ocrx_word' id='word_1_128' title='bbox 576 1388 866 1445; x_wconf 79' lang='lat' dir='ltr'>exaudiantur,</span> <span class='ocrx_word' id='word_1_129' title='bbox 882 1388 1096 1433; x_wconf 91' lang='lat' dir='ltr'>humiliter</span> <span class='ocrx_word' id='word_1_130' title='bbox 1111 1387 1407 1445; x_wconf 83' lang='lat' dir='ltr'>imploramus3</span> <span class='ocrx_word' id='word_1_131' title='bbox 1430 1389 1642 1445; x_wconf 89' lang='lat' dir='ltr'>quoniam,</span> 
     </span>
     <span class='ocr_line' id='line_1_17' title="bbox 80 1466 1643 1513; baseline -0.001 -1"><span class='ocrx_word' id='word_1_132' title='bbox 80 1469 164 1513; x_wconf 88' lang='lat' dir='ltr'>nisi</span> <span class='ocrx_word' id='word_1_133' title='bbox 211 1468 265 1512; x_wconf 88' lang='lat' dir='ltr'>ad</span> <span class='ocrx_word' id='word_1_134' title='bbox 307 1467 471 1512; x_wconf 87' lang='lat' dir='ltr'>labores</span> <span class='ocrx_word' id='word_1_135' title='bbox 517 1466 779 1512; x_wconf 88' lang='lat' dir='ltr'>Corbeiensis</span> <span class='ocrx_word' id='word_1_136' title='bbox 828 1466 1054 1511; x_wconf 87' lang='lat' dir='ltr'>aecclesiae</span> <span class='ocrx_word' id='word_1_137' title='bbox 1095 1466 1334 1510; x_wconf 89' lang='lat' dir='ltr'>tolerandos</span> <span class='ocrx_word' id='word_1_138' title='bbox 1380 1466 1643 1511; x_wconf 83' lang='lat' dir='ltr'>benedictam</span> 
     </span>
     <span class='ocr_line' id='line_1_18' title="bbox 81 1544 1645 1602; baseline -0.001 -11"><span class='ocrx_word' id='word_1_139' title='bbox 81 1559 254 1591; x_wconf 82' lang='lat' dir='ltr'>manum</span> <span class='ocrx_word' id='word_1_140' title='bbox 284 1545 432 1590; x_wconf 78' lang='lat' dir='ltr'>auxilii</span> <span class='ocrx_word' id='word_1_141' title='bbox 451 1545 583 1590; x_wconf 86' lang='lat' dir='ltr'>vestri</span> <span class='ocrx_word' id='word_1_142' title='bbox 611 1548 780 1590; x_wconf 88' lang='lat' dir='ltr'>nostrae</span> <span class='ocrx_word' id='word_1_143' title='bbox 798 1544 1137 1602; x_wconf 88' lang='lat' dir='ltr'>pusillanimitati</span> <span class='ocrx_word' id='word_1_144' title='bbox 1155 1544 1444 1602; x_wconf 85' lang='lat' dir='ltr'>porrexeritis,</span> <span class='ocrx_word' id='word_1_145' title='bbox 1477 1545 1645 1590; x_wconf 88' lang='lat' dir='ltr'>avolare</span> 
     </span>
     <span class='ocr_line' id='line_1_19' title="bbox 81 1622 1644 1681; baseline -0.001 -13"><span class='ocrx_word' id='word_1_146' title='bbox 81 1637 158 1668; x_wconf 90' lang='lat' dir='ltr'>nos</span> <span class='ocrx_word' id='word_1_147' title='bbox 194 1626 361 1681; x_wconf 88' lang='lat' dir='ltr'>oportet</span> <span class='ocrx_word' id='word_1_148' title='bbox 398 1627 441 1668; x_wconf 93' lang='lat' dir='ltr'>et</span> <span class='ocrx_word' id='word_1_149' title='bbox 476 1624 737 1680; x_wconf 86' lang='lat' dir='ltr'>requiescere</span> <span class='ocrx_word' id='word_1_150' title='bbox 772 1636 798 1666; x_wconf 88' lang='lat' dir='ltr'>a</span> <span class='ocrx_word' id='word_1_151' title='bbox 826 1622 1175 1680; x_wconf 88' lang='lat' dir='ltr'>pusillanimitate</span> <span class='ocrx_word' id='word_1_152' title='bbox 1205 1623 1380 1679; x_wconf 88' lang='lat' dir='ltr'>spiritus</span> <span class='ocrx_word' id='word_1_153' title='bbox 1412 1625 1455 1667; x_wconf 94' lang='lat' dir='ltr'>et</span> <span class='ocrx_word' id='word_1_154' title='bbox 1483 1625 1644 1680; x_wconf 90' lang='lat' dir='ltr'>tempe-</span> 
     </span>
     <span class='ocr_line' id='line_1_20' title="bbox 81 1698 1643 1756; baseline -0.001 -10"><span class='ocrx_word' id='word_1_155' title='bbox 81 1704 190 1746; x_wconf 84' lang='lat' dir='ltr'>state</span> <span class='ocrx_word' id='word_1_156' title='bbox 198 1698 226 1745; x_wconf 75' lang='lat'>³.</span> <span class='ocrx_word' id='word_1_157' title='bbox 275 1701 549 1746; x_wconf 90' lang='lat' dir='ltr'>Sanctitatem</span> <span class='ocrx_word' id='word_1_158' title='bbox 569 1704 755 1745; x_wconf 88' lang='lat' dir='ltr'>vestram</span> <span class='ocrx_word' id='word_1_159' title='bbox 785 1701 838 1745; x_wconf 87' lang='lat' dir='ltr'>ad</span> <span class='ocrx_word' id='word_1_160' title='bbox 867 1701 1055 1756; x_wconf 90' lang='lat' dir='ltr'>regimen</span> <span class='ocrx_word' id='word_1_161' title='bbox 1086 1700 1311 1745; x_wconf 87' lang='lat' dir='ltr'>aecclesiae</span> <span class='ocrx_word' id='word_1_162' title='bbox 1341 1700 1570 1745; x_wconf 88' lang='lat' dir='ltr'>catholicae</span> <span class='ocrx_word' id='word_1_163' title='bbox 1598 1701 1643 1744; x_wconf 94' lang='lat' dir='ltr'>in</span> 
     </span>
    </p>
   </div>
   <div class='ocr_carea' id='block_1_3' title="bbox 80 1778 1364 1837">
    <p class='ocr_par' dir='ltr' id='par_1_3' title="bbox 80 1778 1364 1837">
     <span class='ocr_line' id='line_1_21' title="bbox 80 1778 1364 1837; baseline -0.002 -13"><span class='ocrx_word' id='word_1_164' title='bbox 80 1779 207 1836; x_wconf 85' lang='lat' dir='ltr'>longa</span> <span class='ocrx_word' id='word_1_165' title='bbox 234 1782 426 1837; x_wconf 90' lang='lat' dir='ltr'>tempora</span> <span class='ocrx_word' id='word_1_166' title='bbox 454 1779 535 1823; x_wconf 92' lang='lat' dir='ltr'>Dei</span> <span class='ocrx_word' id='word_1_167' title='bbox 565 1779 853 1823; x_wconf 88' lang='lat' dir='ltr'>misericordia</span> <span class='ocrx_word' id='word_1_168' title='bbox 881 1792 1128 1823; x_wconf 87' lang='lat' dir='ltr'>conservare</span> <span class='ocrx_word' id='word_1_169' title='bbox 1157 1778 1364 1834; x_wconf 87' lang='lat' dir='ltr'>dignetur.</span> 
     </span>
    </p>
   </div>
   <div class='ocr_carea' id='block_1_4' title="bbox 753 1857 966 1862">
    <p class='ocr_par' dir='ltr' id='par_1_4' title="bbox 753 1857 966 1862">
     <span class='ocr_line' id='line_1_22' title="bbox 753 1857 966 1862; baseline 0 0"><span class='ocrx_word' id='word_1_170' title='bbox 753 1857 966 1862; x_wconf 95' lang='lat' dir='ltr'> </span> 
     </span>
    </p>
   </div>
   <div class='ocr_carea' id='block_1_5' title="bbox 25 1891 1644 2792">
    <p class='ocr_par' dir='ltr' id='par_1_5' title="bbox 25 1891 1644 2792">
     <span class='ocr_line' id='line_1_23' title="bbox 199 1891 1644 1949; baseline -0.001 -12"><span class='ocrx_word' id='word_1_171' title='bbox 199 1891 451 1947; x_wconf 85' lang='lat' dir='ltr'>W(ibaldus)</span> <span class='ocrx_word' id='word_1_172' title='bbox 482 1892 610 1936; x_wconf 86' lang='lat' dir='ltr'>abbas</span> <span class='ocrx_word' id='word_1_173' title='bbox 631 1891 893 1937; x_wconf 89' lang='lat' dir='ltr'>Corbeiensis</span> <span class='ocrx_word' id='word_1_174' title='bbox 924 1892 1044 1949; x_wconf 91' lang='lat' dir='ltr'>petit,</span> <span class='ocrx_word' id='word_1_175' title='bbox 1074 1895 1123 1935; x_wconf 88' lang='lat' dir='ltr'>ut</span> <span class='ocrx_word' id='word_1_176' title='bbox 1152 1891 1329 1946; x_wconf 90' lang='lat' dir='ltr'>domnus</span> <span class='ocrx_word' id='word_1_177' title='bbox 1355 1905 1469 1949; x_wconf 89' lang='lat' dir='ltr'>papa</span> <span class='ocrx_word' id='word_1_178' title='bbox 1488 1891 1644 1936; x_wconf 90' lang='lat' dir='ltr'>scribat</span> 
     </span>
     <span class='ocr_line' id='line_1_24' title="bbox 81 1953 1643 2028; baseline -0.001 -13"><span class='ocrx_word' id='word_1_179' title='bbox 81 1970 311 2025; x_wconf 87' lang='lat' dir='ltr'>H(eim·ico)</span> <span class='ocrx_word' id='word_1_180' title='bbox 335 1969 545 2014; x_wconf 89' lang='lat' dir='ltr'>Mindensi</span> <span class='ocrx_word' id='word_1_181' title='bbox 575 1953 784 2028; x_wconf 81' lang='lat' dir='ltr'>episcopo,</span> <span class='ocrx_word' id='word_1_182' title='bbox 817 1970 1013 2027; x_wconf 89' lang='lat' dir='ltr'>quatinus</span> <span class='ocrx_word' id='word_1_183' title='bbox 1043 1969 1133 2014; x_wconf 91' lang='lat' dir='ltr'>sine</span> <span class='ocrx_word' id='word_1_184' title='bbox 1162 1983 1282 2014; x_wconf 90' lang='lat' dir='ltr'>mora</span> <span class='ocrx_word' id='word_1_185' title='bbox 1300 1969 1643 2013; x_wconf 90' lang='lat' dir='ltr'>Kaminatensem</span> 
     </span>
     <span class='ocr_line' id='line_1_25' title="bbox 83 2047 1643 2105; baseline -0.002 -11"><span class='ocrx_word' id='word_1_186' title='bbox 83 2048 328 2094; x_wconf 77' lang='lat' dir='ltr'>aecclesiam</span> <span class='ocrx_word' id='word_1_187' title='bbox 356 2047 616 2104; x_wconf 87' lang='lat' dir='ltr'>reconciliet,</span> <span class='ocrx_word' id='word_1_188' title='bbox 654 2061 780 2105; x_wconf 92' lang='lat' dir='ltr'>quam</span> <span class='ocrx_word' id='word_1_189' title='bbox 809 2047 901 2091; x_wconf 91' lang='lat' dir='ltr'>ideo</span> <span class='ocrx_word' id='word_1_190' title='bbox 931 2047 1135 2105; x_wconf 90' lang='lat' dir='ltr'>pollutam</span> <span class='ocrx_word' id='word_1_191' title='bbox 1166 2061 1257 2092; x_wconf 90' lang='lat' dir='ltr'>esse</span> <span class='ocrx_word' id='word_1_192' title='bbox 1285 2047 1500 2103; x_wconf 86' lang='lat' dir='ltr'>iudicavit,</span> <span class='ocrx_word' id='word_1_193' title='bbox 1533 2047 1643 2104; x_wconf 90' lang='lat' dir='ltr'>quod</span> 
     </span>
     <span class='ocr_line' id='line_1_26' title="bbox 81 2125 1642 2185; baseline -0.001 -14"><span class='ocrx_word' id='word_1_194' title='bbox 81 2140 186 2185; x_wconf 90' lang='lat' dir='ltr'>puer</span> <span class='ocrx_word' id='word_1_195' title='bbox 215 2140 323 2170; x_wconf 89' lang='lat' dir='ltr'>unus</span> <span class='ocrx_word' id='word_1_196' title='bbox 353 2125 593 2181; x_wconf 87' lang='lat' dir='ltr'>monachus,</span> <span class='ocrx_word' id='word_1_197' title='bbox 626 2125 725 2175; x_wconf 86' lang='lat' dir='ltr'>dum</span> <span class='ocrx_word' id='word_1_198' title='bbox 754 2125 799 2168; x_wconf 93' lang='lat' dir='ltr'>in</span> <span class='ocrx_word' id='word_1_199' title='bbox 828 2125 1092 2169; x_wconf 87' lang='lat' dir='ltr'>resarciendo</span> <span class='ocrx_word' id='word_1_200' title='bbox 1123 2128 1233 2169; x_wconf 90' lang='lat' dir='ltr'>tecto</span> <span class='ocrx_word' id='word_1_201' title='bbox 1259 2125 1484 2170; x_wconf 87' lang='lat' dir='ltr'>aecclesiae</span> <span class='ocrx_word' id='word_1_202' title='bbox 1507 2125 1642 2169; x_wconf 89' lang='lat' dir='ltr'>archi-</span> 
     </span>
     <span class='ocr_line' id='line_1_27' title="bbox 81 2202 1642 2260; baseline -0.001 -12"><span class='ocrx_word' id='word_1_203' title='bbox 81 2204 202 2249; x_wconf 88' lang='lat' dir='ltr'>tectis</span> <span class='ocrx_word' id='word_1_204' title='bbox 233 2203 543 2258; x_wconf 88' lang='lat' dir='ltr'>subministrat‚</span> <span class='ocrx_word' id='word_1_205' title='bbox 575 2202 627 2246; x_wconf 90' lang='lat' dir='ltr'>de</span> <span class='ocrx_word' id='word_1_206' title='bbox 657 2202 836 2247; x_wconf 91' lang='lat' dir='ltr'>culmine</span> <span class='ocrx_word' id='word_1_207' title='bbox 866 2202 911 2246; x_wconf 92' lang='lat' dir='ltr'>in</span> <span class='ocrx_word' id='word_1_208' title='bbox 941 2203 1229 2260; x_wconf 88' lang='lat' dir='ltr'>pavimentum</span> <span class='ocrx_word' id='word_1_209' title='bbox 1260 2203 1485 2248; x_wconf 87' lang='lat' dir='ltr'>aecclesiae</span> <span class='ocrx_word' id='word_1_210' title='bbox 1515 2203 1642 2247; x_wconf 89' lang='lat' dir='ltr'>colla-</span> 
     </span>
     <span class='ocr_line' id='line_1_28' title="bbox 81 2278 1642 2340; baseline -0.001 -14"><span class='ocrx_word' id='word_1_211' title='bbox 81 2295 183 2340; x_wconf 89' lang='lat' dir='ltr'>psus</span> <span class='ocrx_word' id='word_1_212' title='bbox 215 2284 278 2326; x_wconf 90' lang='lat' dir='ltr'>est</span> <span class='ocrx_word' id='word_1_213' title='bbox 308 2284 350 2325; x_wconf 92' lang='lat' dir='ltr'>et</span> <span class='ocrx_word' id='word_1_214' title='bbox 378 2281 440 2324; x_wconf 92' lang='lat' dir='ltr'>ita</span> <span class='ocrx_word' id='word_1_215' title='bbox 469 2280 625 2337; x_wconf 90' lang='lat' dir='ltr'>absque</span> <span class='ocrx_word' id='word_1_216' title='bbox 653 2279 741 2324; x_wconf 91' lang='lat' dir='ltr'>ulla</span> <span class='ocrx_word' id='word_1_217' title='bbox 771 2281 984 2336; x_wconf 88' lang='lat' dir='ltr'>sanguinis</span> <span class='ocrx_word' id='word_1_218' title='bbox 1016 2279 1216 2325; x_wconf 86' lang='lat' dir='ltr'>effusione</span> <span class='ocrx_word' id='word_1_219' title='bbox 1241 2281 1449 2326; x_wconf 83' lang='lat' dir='ltr'>extinctus</span> <span class='ocrx_word' id='word_1_220' title='bbox 1457 2278 1484 2337; x_wconf 81' lang='lat'>⁴,</span> <span class='ocrx_word' id='word_1_221' title='bbox 1517 2286 1642 2338; x_wconf 85' lang='lat' dir='ltr'>quam</span> 
     </span>
     <span class='ocr_line' id='line_1_29' title="bbox 25 2358 1641 2418; baseline -0.001 -15"><span class='ocrx_word' id='word_1_222' title='bbox 25 2358 27 2362; x_wconf 52' lang='lat'><strong><em>⁴</em></strong></span> <span class='ocrx_word' id='word_1_223' title='bbox 81 2373 159 2418; x_wconf 90' lang='lat' dir='ltr'>per</span> <span class='ocrx_word' id='word_1_224' title='bbox 188 2359 287 2403; x_wconf 90' lang='lat' dir='ltr'>anni</span> <span class='ocrx_word' id='word_1_225' title='bbox 315 2359 403 2403; x_wconf 87' lang='lat' dir='ltr'>fere</span> <span class='ocrx_word' id='word_1_226' title='bbox 434 2359 623 2415; x_wconf 90' lang='lat' dir='ltr'>spacium</span> <span class='ocrx_word' id='word_1_227' title='bbox 652 2358 922 2402; x_wconf 89' lang='lat' dir='ltr'>reconciliare</span> <span class='ocrx_word' id='word_1_228' title='bbox 948 2358 1103 2413; x_wconf 85' lang='lat' dir='ltr'>noluit3</span> <span class='ocrx_word' id='word_1_229' title='bbox 1136 2362 1178 2404; x_wconf 91' lang='lat' dir='ltr'>et</span> <span class='ocrx_word' id='word_1_230' title='bbox 1198 2360 1309 2416; x_wconf 84' lang='lat' dir='ltr'>quod.</span> <span class='ocrx_word' id='word_1_231' title='bbox 1329 2360 1380 2403; x_wconf 92' lang='lat' dir='ltr'>de</span> <span class='ocrx_word' id='word_1_232' title='bbox 1400 2359 1641 2416; x_wconf 90' lang='lat' dir='ltr'>parrochia-</span> 
     </span>
     <span class='ocr_line' id='line_1_30' title="bbox 82 2434 1640 2491; baseline -0.002 -9"><span class='ocrx_word' id='word_1_233' title='bbox 82 2438 149 2482; x_wconf 88' lang='lat' dir='ltr'>nis</span> <span class='ocrx_word' id='word_1_234' title='bbox 189 2437 276 2482; x_wconf 89' lang='lat' dir='ltr'>suis</span> <span class='ocrx_word' id='word_1_235' title='bbox 307 2437 526 2481; x_wconf 89' lang='lat' dir='ltr'>Thiderico</span> <span class='ocrx_word' id='word_1_236' title='bbox 557 2435 608 2479; x_wconf 90' lang='lat' dir='ltr'>de</span> <span class='ocrx_word' id='word_1_237' title='bbox 637 2434 852 2491; x_wconf 87' lang='lat' dir='ltr'>Riklinge,</span> <span class='ocrx_word' id='word_1_238' title='bbox 891 2439 933 2479; x_wconf 92' lang='lat' dir='ltr'>et</span> <span class='ocrx_word' id='word_1_239' title='bbox 961 2435 1185 2480; x_wconf 88' lang='lat' dir='ltr'>Reinberto</span> <span class='ocrx_word' id='word_1_240' title='bbox 1216 2451 1265 2481; x_wconf 89' lang='lat' dir='ltr'>ac</span> <span class='ocrx_word' id='word_1_241' title='bbox 1295 2437 1514 2481; x_wconf 88' lang='lat' dir='ltr'>Thiderico</span> <span class='ocrx_word' id='word_1_242' title='bbox 1542 2436 1640 2480; x_wconf 88' lang='lat' dir='ltr'>filiis</span> 
     </span>
     <span class='ocr_line' id='line_1_31' title="bbox 84 2503 1642 2572; baseline -0.001 -13"><span class='ocrx_word' id='word_1_243' title='bbox 84 2515 192 2571; x_wconf 89' lang='lat' dir='ltr'>eius,</span> <span class='ocrx_word' id='word_1_244' title='bbox 224 2503 304 2572; x_wconf 49' lang='lat' dir='ltr'>‘qui</span> <span class='ocrx_word' id='word_1_245' title='bbox 340 2514 488 2572; x_wconf 86' lang='lat' dir='ltr'>predia</span> <span class='ocrx_word' id='word_1_246' title='bbox 516 2513 826 2557; x_wconf 88' lang='lat' dir='ltr'>Kaminatensis</span> <span class='ocrx_word' id='word_1_247' title='bbox 865 2513 1088 2558; x_wconf 87' lang='lat' dir='ltr'>aecclesiae</span> <span class='ocrx_word' id='word_1_248' title='bbox 1127 2515 1392 2570; x_wconf 86' lang='lat' dir='ltr'>invaserunt,</span> <span class='ocrx_word' id='word_1_249' title='bbox 1430 2514 1642 2558; x_wconf 89' lang='lat' dir='ltr'>iusticiam</span> 
     </span>
     <span class='ocr_line' id='line_1_32' title="bbox 83 2591 1640 2650; baseline -0.001 -14"><span class='ocrx_word' id='word_1_250' title='bbox 83 2593 222 2649; x_wconf 85' lang='lat' dir='ltr'>faciat,</span> <span class='ocrx_word' id='word_1_251' title='bbox 253 2592 314 2636; x_wconf 91' lang='lat' dir='ltr'>ita</span> <span class='ocrx_word' id='word_1_252' title='bbox 342 2595 404 2648; x_wconf 89' lang='lat' dir='ltr'>ut,</span> <span class='ocrx_word' id='word_1_253' title='bbox 435 2592 471 2635; x_wconf 89' lang='lat' dir='ltr'>si</span> <span class='ocrx_word' id='word_1_254' title='bbox 501 2591 612 2635; x_wconf 85' lang='lat' dir='ltr'>infra</span> <span class='ocrx_word' id='word_1_255' title='bbox 641 2591 817 2646; x_wconf 88' lang='lat' dir='ltr'>triginta</span> <span class='ocrx_word' id='word_1_256' title='bbox 846 2591 935 2635; x_wconf 89' lang='lat' dir='ltr'>dies</span> <span class='ocrx_word' id='word_1_257' title='bbox 964 2595 1062 2648; x_wconf 88' lang='lat' dir='ltr'>post</span> <span class='ocrx_word' id='word_1_258' title='bbox 1082 2596 1272 2650; x_wconf 86' lang='lat' dir='ltr'>acceptas</span> <span class='ocrx_word' id='word_1_259' title='bbox 1293 2591 1455 2635; x_wconf 90' lang='lat' dir='ltr'>litteras</span> <span class='ocrx_word' id='word_1_260' title='bbox 1475 2605 1640 2648; x_wconf 91' lang='lat' dir='ltr'>posses-</span> 
     </span>
     <span class='ocr_line' id='line_1_33' title="bbox 85 2667 1639 2724; baseline -0.001 -10"><span class='ocrx_word' id='word_1_261' title='bbox 85 2670 221 2714; x_wconf 89' lang='lat' dir='ltr'>siones</span> <span class='ocrx_word' id='word_1_262' title='bbox 266 2683 350 2713; x_wconf 92' lang='lat' dir='ltr'>non</span> <span class='ocrx_word' id='word_1_263' title='bbox 389 2669 625 2713; x_wconf 88' lang='lat' dir='ltr'>dimiserint</span> <span class='ocrx_word' id='word_1_264' title='bbox 663 2671 705 2712; x_wconf 91' lang='lat' dir='ltr'>et</span> <span class='ocrx_word' id='word_1_265' title='bbox 743 2667 883 2712; x_wconf 87' lang='lat' dir='ltr'>ablata</span> <span class='ocrx_word' id='word_1_266' title='bbox 916 2668 963 2712; x_wconf 88' lang='lat' dir='ltr'>in</span> <span class='ocrx_word' id='word_1_267' title='bbox 997 2669 1208 2724; x_wconf 89' lang='lat' dir='ltr'>integrum</span> <span class='ocrx_word' id='word_1_268' title='bbox 1245 2682 1329 2712; x_wconf 92' lang='lat' dir='ltr'>non</span> <span class='ocrx_word' id='word_1_269' title='bbox 1366 2668 1639 2724; x_wconf 88' lang='lat' dir='ltr'>restituerint,</span> 
     </span>
     <span class='ocr_line' id='line_1_34' title="bbox 85 2746 823 2792; baseline -0.004 0"><span class='ocrx_word' id='word_1_270' title='bbox 85 2747 502 2792; x_wconf 84' lang='lat' dir='ltr'>excommunicationi</span> <span class='ocrx_word' id='word_1_271' title='bbox 533 2761 602 2791; x_wconf 93' lang='lat' dir='ltr'>eos</span> <span class='ocrx_word' id='word_1_272' title='bbox 634 2746 823 2790; x_wconf 90' lang='lat' dir='ltr'>subiciat.</span> 
     </span>
    </p>
   </div>
   <div class='ocr_carea' id='block_1_6' title="bbox 85 2836 1639 3002">
    <p class='ocr_par' dir='ltr' id='par_1_6' title="bbox 85 2836 1639 3002">
     <span class='ocr_line' id='line_1_35' title="bbox 180 2836 409 2867; baseline 0 0"><span class='ocrx_word' id='word_1_273' title='bbox 180 2845 208 2867; x_wconf 68' lang='lat' dir='ltr'>a.</span> <span class='ocrx_word' id='word_1_274' title='bbox 236 2836 362 2867; x_wconf 65' lang='lat' dir='ltr'>habunti</span> <span class='ocrx_word' id='word_1_275' title='bbox 383 2849 409 2867; x_wconf 83' lang='lat' dir='ltr'>c.</span> 
     </span>
     <span class='ocr_line' id='line_1_36' title="bbox 180 2890 1639 2939; baseline 0 -9"><span class='ocrx_word' id='word_1_276' title='bbox 180 2894 214 2929; x_wconf 91' lang='lat'>1.</span> <span class='ocrx_word' id='word_1_277' title='bbox 242 2894 290 2930; x_wconf 90' lang='lat' dir='ltr'>.V.</span> <span class='ocrx_word' id='word_1_278' title='bbox 324 2903 382 2939; x_wconf 89' lang='lat' dir='ltr'>ep.</span> <span class='ocrx_word' id='word_1_279' title='bbox 404 2894 474 2930; x_wconf 86' lang='grc'>248</span> <span class='ocrx_word' id='word_1_280' title='bbox 506 2904 617 2939; x_wconf 86' lang='lat' dir='ltr'>supra</span> <span class='ocrx_word' id='word_1_281' title='bbox 644 2903 680 2938; x_wconf 90' lang='lat' dir='ltr'>p.</span> <span class='ocrx_word' id='word_1_282' title='bbox 704 2892 783 2928; x_wconf 89' lang='grc'><strong>371.</strong></span> <span class='ocrx_word' id='word_1_283' title='bbox 927 2892 962 2927; x_wconf 81' lang='lat'>2.</span> <span class='ocrx_word' id='word_1_284' title='bbox 994 2890 1050 2928; x_wconf 80' lang='lat' dir='ltr'>Of.</span> <span class='ocrx_word' id='word_1_285' title='bbox 1083 2902 1141 2937; x_wconf 84' lang='lat' dir='ltr'>ep.</span> <span class='ocrx_word' id='word_1_286' title='bbox 1165 2892 1235 2928; x_wconf 81' lang='lat'>252</span> <span class='ocrx_word' id='word_1_287' title='bbox 1266 2890 1362 2928; x_wconf 85' lang='lat' dir='ltr'>infra</span> <span class='ocrx_word' id='word_1_288' title='bbox 1390 2902 1425 2937; x_wconf 90' lang='lat' dir='ltr'>p.</span> <span class='ocrx_word' id='word_1_289' title='bbox 1452 2892 1535 2929; x_wconf 89' lang='grc'><strong>377.</strong></span> <span class='ocrx_word' id='word_1_290' title='bbox 1557 2893 1639 2930; x_wconf 88' lang='grc'><strong>378.</strong></span> 
     </span>
     <span class='ocr_line' id='line_1_37' title="bbox 85 2950 1508 3002; baseline 0.001 -13"><span class='ocrx_word' id='word_1_291' title='bbox 85 2953 121 2989; x_wconf 90' lang='grc'>3.</span> <span class='ocrx_word' id='word_1_292' title='bbox 145 2953 206 2990; x_wconf 87' lang='lat' dir='ltr'>Ps.</span> <span class='ocrx_word' id='word_1_293' title='bbox 224 2952 282 2998; x_wconf 81' lang='lat'>54,</span> <span class='ocrx_word' id='word_1_294' title='bbox 307 2953 327 2989; x_wconf 94' lang='grc'><strong>7</strong></span> <span class='ocrx_word' id='word_1_295' title='bbox 353 2956 391 2990; x_wconf 86' lang='lat' dir='ltr'>et</span> <span class='ocrx_word' id='word_1_296' title='bbox 413 2953 448 2990; x_wconf 89' lang='grc'>9.</span> <span class='ocrx_word' id='word_1_297' title='bbox 542 2953 579 2990; x_wconf 84' lang='grc'>4.</span> <span class='ocrx_word' id='word_1_298' title='bbox 603 2952 663 2989; x_wconf 85' lang='lat' dir='ltr'>die</span> <span class='ocrx_word' id='word_1_299' title='bbox 687 2951 734 2988; x_wconf 86' lang='lat'>20</span> <span class='ocrx_word' id='word_1_300' title='bbox 757 2951 848 2999; x_wconf 89' lang='lat' dir='ltr'>Apr.</span> <span class='ocrx_word' id='word_1_301' title='bbox 868 2951 970 2988; x_wconf 83' lang='lat'>1149.</span> <span class='ocrx_word' id='word_1_302' title='bbox 1004 2951 1049 2988; x_wconf 92' lang='lat' dir='ltr'>V.</span> <span class='ocrx_word' id='word_1_303' title='bbox 1067 2961 1125 2999; x_wconf 85' lang='lat' dir='ltr'>ep.</span> <span class='ocrx_word' id='word_1_304' title='bbox 1143 2950 1211 2990; x_wconf 88' lang='grc'>169</span> <span class='ocrx_word' id='word_1_305' title='bbox 1236 2961 1348 2998; x_wconf 79' lang='lat' dir='ltr'>supra</span> <span class='ocrx_word' id='word_1_306' title='bbox 1372 2962 1409 3002; x_wconf 84' lang='lat' dir='ltr'>p.</span> <span class='ocrx_word' id='word_1_307' title='bbox 1426 2951 1508 2991; x_wconf 83' lang='lat'><strong>289.</strong></span> 
     </span>
    </p>
   </div>
  </div>
 </body>
</html>
