1924 3288
518 216 718 247 wmALm
746 215 996 247 EPISTOLAE
1026 214 1097 246 154.
1120 214 1190 245 155.
1551 201 1638 246 259

65 313 139 356 tur
172 308 308 356 officio
347 313 420 354 tuo
457 324 724 368 nequaquam
763 311 954 368 expedit,
996 313 1044 354 ut
1082 323 1225 354 servos
1254 309 1337 354 Dei
1376 312 1418 353 et
1452 309 1499 353 in
1527 309 1637 353 bono
1669 311 1762 349 1149

65 388 282 446 proposito
317 388 595 446 perdurantes
634 392 781 433 contra
818 388 1032 433 iusticiam
1061 387 1213 432 debeas
1244 387 1489 443 molestare,
1531 387 1635 431 dile-

66 465 197 511 ctioni
223 469 323 511 tuae
352 467 616 523 mandamus,
649 467 845 524 quatinus
878 480 974 511 cum
997 466 1198 524 predictis
1218 466 1420 511 fratribus
1439 466 1504 510 ita
1524 478 1637 509 com-

65 557 215 601 ponas,
245 547 294 588 ut
322 558 407 589 non
436 545 631 601 habeant,
662 545 775 589 unde
805 545 919 603 apud
947 545 1090 590 sedem
1111 544 1386 602 apostolicam
1405 544 1516 589 iuste
1538 557 1636 588 con-

68 622 189 681 queri
217 622 399 668 valeant.

72 765 188 812 155.
219 767 431 812 wibaldus
453 766 774 820 stabulensibus,
806 783 849 809 se
882 768 932 810 de
962 774 1093 810 morte
1123 769 1386 826 quorundam
1415 767 1638 811 monacho-

216 861 310 889 rum
341 845 492 900 dolere,
523 845 673 887 scribit.
719 845 789 887 Ne
810 846 901 902 quis
923 861 1064 888 eorum
1079 848 1383 903 praestationes
1402 846 1642 889 monasterii

215 923 403 978 vindicet,
434 924 651 966 interdicit.
699 922 768 964 De
798 923 955 966 iniuria
987 925 1065 966 sibi
1094 924 1212 967 illata
1243 925 1371 968 addit.
1425 922 1498 978 (M.
1524 921 1640 976 136.)

186 1011 335 1056 Frater
356 1011 610 1067 W(ibaldus)
643 1011 725 1055 Dei
761 1012 900 1067 gratia
939 1012 985 1056 id
1025 1013 1137 1069 quod
1168 1016 1233 1057 est
1261 1013 1308 1056 in
1339 1013 1542 1057 aecclesia
1572 1025 1641 1056 ca·
1667 1020 1760 1057 1149

67 1089 224 1134 tholica
251 1090 467 1146 R(oberto)
498 1089 732 1134 venerabili
761 1090 918 1134 decano
951 1093 994 1134 et
1023 1091 1174 1134 ceteris
1204 1091 1251 1135 in
1275 1090 1442 1136 Christo
1476 1091 1641 1136 dilectis

68 1168 285 1224 fiatribuS‚
304 1168 566 1214 Stabulensis
582 1168 784 1213 ecclesiae
799 1167 912 1224 filiis,
934 1169 1272 1214 benedictionem
1293 1173 1336 1214 et
1354 1170 1489 1214 vitam
1508 1183 1643 1227 usque

69 1247 117 1291 111
145 1247 345 1291 seculum.

188 1324 422 1370 Luctuosas
451 1326 539 1369 iam
569 1326 595 1369 a
623 1325 748 1380 longo
779 1328 969 1383 tempore
999 1326 1164 1370 litteras
1197 1326 1221 1370 a
1251 1329 1393 1370 vestra
1423 1330 1546 1384 parte
1575 1339 1644 1370 ac-

71 1403 272 1461 cepimus,
308 1417 391 1448 non
423 1404 618 1461 equidem
647 1408 787 1449 vestro
817 1405 935 1460 vitio,
969 1405 1041 1461 qui
1072 1418 1239 1462 semper
1270 1407 1312 1448 et
1343 1408 1491 1463 optare
1521 1405 1643 1450 nobis

73 1484 115 1526 ct
144 1482 401 1526 annunciare
430 1496 637 1540 prospera
666 1484 943 1527 consuevistis
975 1486 1018 1527 et
1046 1496 1318 1540 quaecunque
1337 1483 1510 1527 fuerunt
1530 1497 1645 1527 acer-

72 1559 191 1604 biora
219 1574 352 1617 usque
382 1561 428 1604 in
458 1563 695 1605 extremum
724 1562 988 1606 necessitatis
1021 1561 1245 1605 articulum
1265 1561 1416 1618 celare,
1449 1564 1514 1605 set
1534 1562 1646 1618 quod

72 1651 222 1682 manus
252 1637 334 1682 Dei
371 1652 501 1696 supra
538 1640 843 1683 monasterium
881 1643 1075 1684 nostrum
1107 1643 1171 1683 est
1202 1643 1392 1695 extenta,
1434 1640 1644 1684 evocando

75 1716 129 1760 ad
159 1730 203 1760 se
234 1719 278 1760 et
307 1717 590 1761 subtrahendo
620 1718 741 1762 nobis
772 1719 925 1762 fratres
955 1721 1137 1774 nostros,
1169 1718 1294 1762 rebus
1324 1719 1470 1775 utique
1491 1719 1645 1763 divinis

74 1795 258 1838 maxime
289 1795 412 1839 utiles
444 1809 492 1839 ac
521 1797 792 1840 necessarios.
839 1796 927 1840 Nos
958 1796 1194 1852 tristamur,
1225 1797 1394 1853 fratres,
1427 1800 1552 1853 atque
1581 1796 1646 1840 lu-

75 1886 241 1928 gemus,
279 1872 374 1916 illos
412 1873 534 1917 nobis
575 1888 666 1918 esse
706 1874 944 1931 ademptos,
985 1875 1058 1930 qui
1097 1874 1275 1918 orabant
1308 1889 1386 1932 pro
1417 1875 1574 1932 populo
1605 1879 1647 1919 et

74 1964 153 2008 pro
184 1951 355 1995 civitate
385 1955 551 2006 nostra,
589 1952 743 1996 intenti
772 1952 929 2008 iugiter
959 1952 1083 1996 corde
1115 1956 1158 1996 et
1187 1966 1288 1996 voce
1321 1953 1375 1996 ad
1406 1953 1472 1996 sui
1503 1953 1646 1997 condi—

75 2029 180 2072 toris
212 2042 400 2072 amorem
423 2031 465 2072 et
483 2028 665 2086 laudem,
698 2034 905 2074 sectantes
926 2030 1143 2074 humiliter
1164 2044 1332 2074 omnem
1352 2031 1646 2088 obedientiam,

77 2107 298 2163 diligentes
344 2106 551 2151 veraciter
596 2110 786 2151 nostram
822 2122 1070 2165 personam3
1119 2112 1183 2152 set
1219 2108 1401 2152 laetatur
1438 2109 1485 2153 in
1521 2109 1648 2154 coelis

77 2185 269 2229 Christus
301 2198 397 2228 cum
429 2185 602 2241 angelis,
633 2186 766 2230 factos
799 2200 868 2230 eos
901 2201 992 2231 esse
1021 2186 1227 2244 exipsius
1248 2187 1409 2242 gratiae
1430 2187 1538 2231 dono
1559 2188 1648 2244 glo-

77 2263 214 2308 riosae
257 2264 441 2307 civitatis
482 2277 582 2307 suae
620 2264 866 2321 municipes.
922 2264 1103 2309 Domine
1143 2265 1257 2321 Iesu,
1303 2265 1474 2321 indulge
1511 2266 1646 2322 nobis,

79 2341 179 2398 quia
213 2341 428 2398 ploramus
468 2355 559 2396 eos,
599 2355 702 2398 quos
739 2345 799 2385 tu.
824 2343 999 2400 recipis3
1039 2357 1125 2387 non
1159 2343 1239 2387 tibi
1268 2343 1505 2388 invidemus
1537 2344 1649 2401 quod

79 2419 221 2475 habes,
258 2423 322 2463 set
352 2420 404 2463 de
435 2420 524 2463 acie
554 2423 700 2462 nostra
728 2420 981 2464 fortissimos
1012 2421 1236 2465 bellatores
1268 2422 1502 2466 subtractos
1534 2422 1648 2465 dole-

79 2511 195 2553 mus,
233 2496 332 2542 licet
369 2498 482 2555 apud
518 2502 560 2541 te
597 2498 684 2541 iam
720 2512 797 2541 nos
835 2498 1086 2543 familiarius
1119 2499 1338 2556 adiuvent,
1380 2500 1432 2543 de
1462 2513 1507 2543 se
1536 2513 1648 2543 nunc

81 2575 232 2631 securi,
264 2579 328 2619 set
358 2576 409 2619 de
438 2576 559 2620 nobis
592 2575 774 2619 solliciti.
821 2575 854 2619 F
856 2575 997 2620 levisti
1028 2580 1070 2620 et
1099 2580 1159 2634 tu,
1192 2577 1386 2634 Domine,
1414 2576 1646 2632 Lazarum3

82 2656 146 2697 set
190 2653 290 2710 quia
333 2653 525 2698 fortassis
571 2653 851 2697 resuscitabas
896 2654 1050 2698 iterum
1094 2655 1218 2699 huius
1265 2656 1378 2699 vitae
1422 2669 1648 2712 passurum

83 2744 298 2786 erumnas,
339 2731 412 2787 qui
441 2735 631 2775 mortuus
662 2732 800 2775 fuerat
831 2732 884 2775 ad
915 2733 1120 2789 quietem,
1156 2733 1399 2778 lacrimatus
1431 2747 1474 2777 es
1505 2737 1648 2778 tamen

83 2823 136 2853 ex
165 2809 348 2853 humano
380 2813 422 2854 et
453 2810 586 2853 amico
619 2809 771 2853 affectu
801 2823 1058 2867 quocunque.
1103 2811 1160 2854 Et
1189 2825 1266 2855 nos
1290 2811 1505 2855 fundimus
1524 2811 1654 2855 laci-i·-

82 2900 174 2930 mas
211 2901 296 2930 non
333 2887 639 2945 desperationis
677 2891 742 2931 set
780 2887 1037 2944 dilectionis,
1085 2903 1172 2932 non
1210 2890 1297 2933 odii
1335 2893 1400 2933 set
1437 2890 1654 2946 desiderii,

83 2978 169 3008 non
199 2965 299 3021 quia
329 2965 382 3009 ad
412 2969 455 3009 te
485 2966 757 3022 transierunt,
790 2969 854 3010 set
884 2966 983 3022 quia
1014 2967 1039 3010 a
1067 2967 1188 3011 nobis
1209 2971 1484 3011 recesserunt.
1568 2969 1654 3013 Vc·-

1292 3045 1364 3080 17*
