1924 3288
531 194 727 224 WIBALDI
757 193 1006 225 EPISTOLAE
1035 193 1104 224 362.
1129 193 1199 224 363.
1561 182 1646 225 491

86 289 187 333 tatis
217 292 416 347 precepta
444 288 735 346 principaliter
765 291 864 332 sunt
893 288 1078 345 inventa,
1110 288 1171 332 ita
1201 291 1244 333 et
1264 288 1316 333 ab
1335 288 1429 346 ipso
1450 288 1532 333 duo
1554 292 1653 333 sunt

86 366 236 424 quibus
274 366 343 411 hic
380 367 559 411 mundus
596 366 757 422 regitur
793 368 1042 423 constituta,
1083 367 1242 411 scilicet
1275 368 1500 411 auctoritas
1532 381 1652 411 sacra

86 443 328 503 pontificum
360 448 402 489 et
430 444 661 503 imperialis
691 447 902 502 potestas3
937 460 1043 502 quae
1075 446 1156 489 duo
1188 445 1225 489 si
1256 445 1310 489 ad
1337 446 1518 490 invicem
1546 446 1651 490 bene

86 524 340 568 conveniunt
370 527 412 568 et
441 524 507 567 sui
536 523 706 567 honoris
735 523 978 579 integritate
1010 524 1265 580 consistunt,
1307 524 1352 567 in
1383 527 1529 568 sancta
1559 537 1652 567 aec-

86 600 214 645 clesia
242 601 389 658 religio
421 615 568 646 secura
598 604 640 646 et
659 601 749 645 Deo
771 604 892 657 grata
913 605 1106 646 servatur
1127 605 1169 646 et
1189 606 1278 646 tam
1298 602 1441 658 vigore
1459 602 1652 646 iusticiae

86 693 213 737 quam
248 680 470 737 aequitatis
508 679 794 724 moderamine
829 680 1081 723 christianus
1110 680 1292 738 populus
1324 680 1548 724 salubriter
1578 693 1653 735 gu-

85 757 296 802 bernatur.
365 757 642 802 Universitati
677 759 820 815 itaque
857 762 1023 802 vestrae
1062 762 1223 802 certum
1261 772 1351 802 esse
1387 771 1653 815 nequaquam

86 836 358 893 ambigimus,
405 837 516 894 quod
560 837 809 880 karissimus
854 835 966 880 filius
1004 840 1147 880 noster
1187 836 1436 891 C(onradus)
1475 837 1652 880 illustris

86 914 370 959 Romanorum
406 929 481 959 rex
517 929 595 973 pro
627 916 692 959 sui
722 915 892 958 honoris
923 915 1228 972 complemento
1261 915 1314 959 ad
1342 915 1543 959 honorem
1573 914 1654 958 Dei

87 996 130 1037 et
159 993 358 1038 ecclesiae
389 994 608 1037 servitium
640 997 764 1050 atque
788 994 922 1037 tocius
943 994 1063 1049 regni
1083 994 1271 1049 vigorem
1293 997 1335 1037 et
1356 993 1654 1038 exaltationem

86 1071 165 1116 hoc
193 1074 384 1129 tempore
415 1071 469 1115 ad
498 1072 645 1115 urbem
675 1072 849 1127 regiam,
882 1075 1021 1116 vestro
1051 1072 1184 1115 fretus
1207 1072 1377 1127 auxilio⁷
1409 1084 1505 1115 cum
1526 1085 1653 1129 expe-

86 1150 245 1194 ditione
275 1149 416 1194 valida
445 1150 588 1194 venire
627 1149 831 1205 largiente
860 1150 1043 1193 Domino
1081 1150 1348 1207 disposuerit.
1412 1149 1519 1201 Quia
1554 1162 1653 1205 ergo

86 1228 141 1272 ad
170 1231 259 1272 tam
291 1228 467 1271 arduum
499 1242 602 1285 opus
634 1241 709 1284 per
741 1241 785 1271 se
814 1228 956 1285 ipsum
985 1242 1071 1271 non
1103 1227 1258 1272 sufficit
1288 1232 1330 1272 et
1355 1229 1552 1286 propriae
1574 1228 1653 1272 sibi

87 1306 199 1350 vires
229 1320 314 1350 non
346 1309 586 1363 suppetunt,
620 1309 805 1350 vestrum
837 1307 875 1350 ei
906 1307 1130 1350 servicium
1155 1310 1356 1363 tanquam
1377 1310 1517 1350 vestro
1537 1307 1655 1364 prin-

86 1385 171 1442 cipi
201 1384 387 1428 studiose
418 1384 576 1428 debetis
607 1398 684 1441 pro
705 1384 857 1428 vestris
877 1371 1037 1429 viribus
1068 1385 1321 1428 ministrare.
1369 1385 1549 1441 Ideoque
1579 1399 1656 1442 per

88 1462 318 1520 apostolica
347 1462 466 1506 vobis
506 1463 664 1520 scripta
701 1463 950 1506 mandamus
987 1477 1205 1507 monemus
1237 1467 1279 1507 et
1310 1463 1581 1507 exhortamur
1610 1464 1655 1507 in

85 1540 280 1597 Domino,
313 1541 509 1598 quatinus
542 1541 595 1584 ad
627 1541 844 1584 servitium
875 1542 997 1597 regni
1027 1545 1069 1585 et
1093 1542 1274 1599 predicti
1293 1540 1370 1585 filii
1389 1543 1525 1586 nostri
1543 1542 1656 1598 regis

85 1618 264 1663 viriliter
302 1619 577 1675 accingamini
616 1623 658 1663 et
689 1619 742 1663 ad
773 1619 1083 1676 expeditionem
1113 1621 1252 1678 ipsam
1283 1634 1375 1663 cum
1410 1634 1458 1664 eo
1489 1620 1551 1663 ita
1580 1634 1654 1663 vos

86 1697 342 1755 preparetis,
380 1700 429 1740 ut
460 1700 501 1741 et
530 1697 622 1754 ipse
652 1697 903 1754 dispositum
932 1698 1034 1754 iter,
1070 1702 1197 1755 prout
1225 1701 1391 1742 tantum
1420 1699 1655 1756 principem

88 1775 219 1831 decet,
251 1775 503 1833 potestative
533 1775 671 1819 facere
691 1775 831 1819 valeat
862 1779 904 1819 et
934 1776 999 1819 sui
1027 1776 1199 1820 honoris
1230 1776 1534 1834 plenitudinem
1560 1790 1656 1820 cum

88 1853 240 1910 gaudio
272 1856 314 1897 et
344 1852 622 1896 exultatione⁸
648 1853 871 1911 suscipere,
903 1857 1028 1911 atque
1048 1868 1124 1898 nos
1148 1854 1375 1898 adventum
1397 1855 1499 1910 eiuS‚
1532 1869 1656 1911 quem

89 1931 143 1976 ad
177 1934 423 1988 provectum
460 1930 685 1974 aecclesiae
716 1944 765 1975 ac
793 1931 937 1987 1·egni¹’
969 1935 1011 1976 et
1048 1932 1227 1977 salutem
1264 1933 1483 1977 christiani
1512 1932 1658 1990 populi

92 2013 377 2067 expectamus,
409 2022 503 2052 cum
535 2009 770 2053 desiderato
801 2010 953 2066 fructu,
984 2010 1203 2055 beatorum
1236 2011 1522 2069 apostolorum
1542 2010 1657 2054 Petri

91 2091 134 2132 et
152 2087 275 2131 Pauli
298 2087 622 2142 suffragantibus
645 2087 822 2144 meritis,
853 2089 1063 2145 possimus
1083 2089 1313 2147 percipere.
1355 2089 1468 2133 Data
1488 2089 1657 2145 Signiae

90 2167 117 2210 6
145 2165 237 2210 Kal.
260 2165 491 2210 Februarii.

95 2320 211 2368 363.
240 2323 451 2366 Arnoldus
475 2321 524 2365 ΙΙ
550 2322 880 2380 archiepiscopus
912 2323 1162 2367 coloniensis
1191 2323 1425 2367 Wibaldum
1456 2324 1655 2379 hortatur,

239 2418 291 2444 ne
319 2417 362 2444 se
394 2402 555 2443 deserat
583 2416 682 2443 neve
711 2408 940 2458 susceptam
970 2402 1212 2459 leyationem
1240 2402 1510 2462 inperfectam
1531 2404 1656 2446 relin-

240 2485 350 2537 quat.
391 2479 543 2536 Roqat,
575 2485 620 2520 ut
649 2494 691 2521 se
720 2486 928 2536 eoespectet.
971 2480 1103 2523 Addit
1122 2481 1172 2523 de
1193 2481 1444 2524 Luc-ensium
1455 2481 1655 2538 fallaciis.

1439 2557 1511 2611 (M.
1537 2557 1655 2611 325.)

210 2633 376 2677 Domno
412 2631 607 2677 Wibaldo
653 2631 734 2676 Dei
778 2633 915 2688 gratia
952 2634 1182 2678 venerabili
1228 2634 1471 2679 Corbeiensi
1516 2634 1657 2678 abbati

92 2711 353 2767 A(rnoldus)‚
385 2710 466 2755 Dei
496 2710 700 2767 patientia
731 2711 931 2767 quidquid
962 2716 1038 2768 est,
1071 2713 1250 2756 salutem
1281 2716 1323 2756 et
1353 2713 1609 2769 obsequium.

211 2789 306 2832 Non
341 2803 492 2846 parum
522 2802 598 2831 nos
630 2788 913 2846 conturbavit,
953 2791 1062 2847 quod
1094 2791 1154 2834 sic
1184 2791 1401 2848 inopinato
1432 2804 1508 2834 nos
1540 2790 1656 2834 dese-

94 2881 200 2923 rere,
233 2870 275 2911 et
303 2867 457 2911 infecto
489 2866 792 2924 quodammodo
822 2869 990 2924 negotio
1021 2869 1164 2913 domni
1184 2869 1308 2925 regis,
1340 2882 1418 2913 nec
1438 2868 1655 2913 nobiscum

189 2972 217 2994 a.
245 2961 385 2995 cnutone
408 2975 434 2993 c.
516 2963 546 2993 b.
568 2971 691 3001 regnum
713 2975 740 2994 c.

1690 292 1782 328 1152

1674 342 1736 373 Ian.
1749 343 1788 373 27

1718 2641 1811 2678 1152

1680 2690 1741 2720 Ian.
1754 2701 1798 2722 ex.
1815 2707 1848 2713 -

1696 2732 1782 2763 Febr.
1793 2733 1835 2764 in.
