1924 3288
171 284 264 321 1150

183 335 254 374 post

157 375 230 415 Apr.
242 376 282 406 20

176 2167 194 2203 1
201 2167 218 2202 1
223 2166 270 2202 5o

184 2225 224 2256 po

159 2258 230 2297 Apr.
243 2258 282 2288 20

305 175 392 219 376
749 186 947 217 wmALm
974 185 1222 218 nprs'ronu:
1249 185 1319 217 251.
1340 186 1411 217 252.

422 280 527 325 Item
565 282 693 338 petit,
738 283 787 323 ut
824 280 975 323 domno
1011 279 1259 336 H(artwico)
1295 280 1513 326 Bremensi
1547 282 1856 342 archum

304 359 525 414 scribatur,
557 358 751 414 quatinus
771 357 919 415 predia
937 357 1246 402 Kaminatensis
1267 358 1451 415 ecclesie,
1481 360 1627 416 quein
1646 363 1858 406 termo-a

305 439 422 491 sunt,
463 436 656 479 abbatem
693 435 875 479 retinere
913 435 1101 492 adiuvet,
1142 439 1184 480 et
1220 450 1290 480 eas
1326 437 1524 494 precipue
1558 437 1855 495 possession&

305 527 407 570 quas
434 513 599 556 Iuditha
629 513 840 557 abbatissa
869 516 965 570 post
995 513 1297 571 depositionem
1327 528 1446 558 suam
1475 514 1691 571 alienavit3
1704 517 1780 560 ὠ
1775 516 1856 561 ina

304 604 486 646 vasores,
516 591 600 634 nisi
629 590 741 634 infra
769 591 943 646 triginta
972 591 1062 634 dies
1085 594 1182 648 post
1201 595 1393 649 acceptas
1412 593 1575 637 litteras
1591 592 1855 693 resipiscant,

305 668 646 712 excommunicet.

420 745 526 789 Item
570 739 697 802 petit,
744 749 791 789 ut
834 746 880 789 in
917 729 1095 790 eundem
1131 746 1303 790 modum
1339 747 1547 792 scribatur
1581 746 1855 829 Hermanno)

303 822 504 866 Ferdensi
534 823 741 880 episcopo.

421 899 527 944 Item
546 900 666 957 petit,
695 903 744 943 ut
763 900 860 944 duci
880 898 1084 944 Saxonie¹
1104 901 1150 944 in
1170 901 1344 945 eandem
1364 902 1618 946 sentenciam
1637 870 1855 947 scribatur

422 977 527 1021 Item
562 977 689 1034 petit,
726 980 775 1021 ut
804 981 894 1022 tam
931 978 1169 1022 Coloniensi
1203 976 1536 1037 archiepiscopo'
1573 994 1700 1047 quam
1736 979 1856 1024 eolo-

303 1055 441 1099 niensi
470 1054 694 1099 aecclesiae
723 1055 913 1110 districte
953 1059 995 1100 et
1031 1056 1133 1099 dure
1163 1056 1368 1100 scribatur
1398 1057 1449 1100 de
1479 1057 1619 1102 Iudiht
1646 1057 1858 1102 abbatissa

304 1133 355 1176 de
376 1132 514 1176 Iesika
533 1156 588 1162 —
611 1147 691 1189 que
721 1133 896 1177 ecclesia
925 1136 990 1177 est
1018 1134 1063 1176 in
1091 1134 1220 1178 fimdo
1242 1138 1284 1178 et
1302 1134 1524 1191 parrochia
1541 1134 1778 1180 Coloniensi
1797 1148 1855 1174 κέ·

305 1224 410 1266 quae
441 1223 526 1254 non
556 1210 691 1254 solum
722 1210 864 1254 clausa
893 1214 936 1254 et
965 1214 1151 1255 correcta
1178 1225 1263 1255 non
1293 1215 1370 1268 est,
1401 1215 1466 1256 set
1485 1212 1611 1256 etiam
1629 1226 1705 1271 per
1723 1215 1856 1258 totam

303 1292 461 1332 terram
506 1301 602 1331 cum
639 1288 725 1332 suis
763 1289 1075 1346 corruptoribus
1112 1288 1279 1345 volitat,
1325 1293 1367 1333 et
1401 1290 1512 1334 bona
1546 1290 1858 1336 Kaminaterbis

305 1366 530 1410 aecclesiae
539 1373 566 1422 ³,
603 1379 628 1409 a
658 1380 740 1422 qua
768 1380 845 1423 per
861 1366 981 1409 ¹bone
1010 1367 1210 1410 memorie
1240 1367 1442 1411 Thomam
1471 1367 1741 1413 cardinalem·
1754 1381 1855 1427 apo-

305 1443 450 1487 stolice
488 1443 598 1487 sedis
635 1443 820 1499 legatum
858 1443 1048 1500 deposita
1076 1444 1177 1499 fuit,
1218 1448 1260 1488 et
1289 1445 1500 1488 sentencia
1529 1445 1800 1503 depositionis
1828 1460 1856 1492 a

305 1521 455 1564 domno
491 1534 604 1578 papa
631 1521 678 1564 in
708 1520 854 1564 sinodo
882 1519 1079 1564 Remensi
1109 1521 1364 1566 confirmata.
1411 1522 1538 1578 Quae,
1569 1523 1652 1566 nisi
1681 1527 1755 1568 aut
1780 1524 1854 1570 de—

303 1598 444 1655 posita
474 1601 546 1642 aut
576 1597 956 1643 excommunicata*
985 1598 1124 1655 fuerit,
1154 1599 1269 1643 nullo
1299 1600 1447 1644 modo⁶
1477 1603 1689 1645 cessatura
1717 1605 1798 1646 est.
1835 1625 1838 1637 =

307 1757 423 1804 252.
449 1759 658 1802 Wibaldus
690 1759 874 1803 Guidoni
904 1761 1009 1802 diac.
1032 1761 1143 1802 card.
1167 1759 1212 1803 S.
1234 1761 1400 1805 Mariae
1436 1763 1481 1805 in
1508 1764 1674 1820 porticu
1702 1755 1852 1819 sor-ibit,

450 1852 493 1879 se
525 1837 707 1879 Com-adi
742 1839 850 1894 reyis
891 1839 1073 1880 animum
1113 1854 1140 1880 a
1180 1838 1351 1882 Graecis
1387 1846 1623 1897 corruptam
1649 1841 1852 1898 placaue-

451 1914 582 1956 Addit
611 1914 661 1956 de
691 1914 832 1956 litteris
854 1914 1092 1958 Bernhardi
1113 1916 1271 1959 abbatis
1293 1916 1640 1972 claraevallemis,
1673 1917 1856 1980 ssoede-

452 1992 554 2034 wini
574 1991 620 2035 S.
640 1992 823 2052 Rufinae
844 1993 1035 2049 episcopi,
1067 2000 1300 2036 senator-mn
1317 1994 1601 2037 Romanorum
1605 2011 1623 2050 ,-
1653 1995 1706 2038 de
1723 1993 1853 2039 Hein-
1870 1985 1875 1989 ”

450 2070 536 2111 rico
567 2069 728 2111 notario
760 2069 818 2110 ad
842 2084 1001 2126 papam
1029 2071 1162 2112 misso.
1639 2069 1711 2124 (Μ.
1733 2055 1853 2127 225.)

421 2156 662 2200 Reverendo
693 2156 804 2213 patri
841 2170 916 2199 suo
957 2160 999 2201 et
1029 2157 1197 2201 domino
1228 2157 1441 2213 G(uidoni)
1471 2162 1614 2203 sancte
1640 2158 1854 2211 Romanae

306 2234 529 2280 aecclesiae
549 2233 721 2277 diacono
742 2231 966 2278 cardinali³
986 2235 1116 2278 frater
1130 2234 1380 2291 Wfibaldus)
1401 2235 1482 2280 Dei
1501 2236 1638 2292 gratia
1654 2235 1714 2292 id,
1742 2236 1854 2293 quod

306 2316 370 2357 est
388 2313 433 2356 in
454 2310 653 2355 aecclesia
666 2311 870 2355 catholica
877 2312 906 2367 ⁶,
929 2312 1102 2368 exiguas
1119 2313 1326 2356 orationes
1343 2316 1386 2358 et
1401 2313 1596 2358 devotum
1615 2313 1851 2359 servicium.

424 2388 470 2433 Si
501 2388 724 2432 assiduitas
753 2389 1102 2445 familiaritatem,
1140 2390 1178 2434 si
1213 2390 1476 2435 familiaritas
1505 2390 1573 2435 vel
1608 2391 1851 2448 obsequium

305 2467 425 2511 nobis
456 2465 567 2523 apud
596 2469 778 2510 vestram
809 2466 1097 2510 excellentiam
1127 2467 1360 2512 dilectionis
1396 2468 1577 2524 gratiam
1604 2468 1850 2526 peperisset,

306 2544 553 2588 auderemus
573 2543 808 2599 celsitudini
828 2547 990 2587 vestrae
1012 2545 1215 2601 quaedam
1242 2546 1373 2589 tutius
1396 2545 1595 2600 scribere3
1627 2548 1670 2590 et
1688 2559 1714 2589 a
1731 2545 1851 2595 vobis

305 2622 482 2666 fortasse
511 2621 689 2678 quedam
718 2621 1010 2678 reciperemus,
1047 2636 1153 2678 quae
1182 2635 1267 2666 non
1297 2626 1435 2667 essent
1467 2608 1513 2666 in
1543 2622 1621 2666 hoc
1649 2623 1851 2680 temporis

306 2702 418 2742 statu
438 2698 616 2742 inutilia.
648 2697 779 2750 Quam
798 2697 993 2742 fiduciam
1013 2699 1124 2756 apud
1144 2699 1289 2744 beatae
1303 2698 1601 2743 recordationis
1617 2698 1851 2745 Guidonem

402 2814 428 2835 ι
460 2805 590 2845 dissipat
615 2804 762 2835 actam·
790 2804 922 2841 offam„-
951 2807 992 2842 cf.
1020 2817 1064 2844 φ.
1088 2806 1148 2836 247
1176 2817 1268 2843 ..φη
1292 2787 1324 2845 ᾗ.
1346 2805 1416 2836 3⁷0.
1510 2800 1541 2836 b.
1574 2806 1794 2837 „eommunia
1820 2817 1848 2837 c.

307 2867 333 2890 c.
359 2858 449 2889 modo
470 2870 524 2888 om.
542 2869 568 2888 c.
650 2857 680 2888 d.
707 2856 855 2888 catholica
874 2868 930 2887 om.
948 2858 1016 2888 cod.

400 2922 433 2957 1.
465 2921 636 2958 Heinrico
658 2919 785 2957 Leoni.
878 2921 912 2956 2.
938 2920 1103 2958 Arnoldo
1126 2921 1156 2958 1.
1250 2922 1284 2958 3.
1310 2919 1348 2958 S.
1363 2920 1499 2957 Mariae
1521 2921 1559 2957 in
1582 2921 1738 2967 porticu.
