1924 3288
468 633 471 636 ⁴
542 668 741 724 INITIA
773 666 1246 724 EPISTOLARUM

90 1029 159 1068 Ab
184 1030 285 1066 exitu
308 1033 513 1066 nostroa.
566 1058 573 1065 .
626 1057 633 1065 .
685 1057 692 1065 .

90 1089 312 1136 Accepimus
337 1090 521 1135 querelam
567 1117 574 1124 .
625 1117 633 1126 .
684 1117 691 1124 .
743 1117 750 1124 .

89 1148 275 1196 Acceptis,
301 1149 575 1185 amantissime.
626 1176 634 1184 .
686 1177 692 1184 .
744 1176 751 1183 .

684 1235 692 1244 .
745 1235 752 1244 .
802 1208 872 1244 104

90 1209 264 1255 Acceptis
288 1212 326 1245 et
348 1209 517 1255 perlectis
568 1236 574 1244 .

91 1268 265 1315 Acceptis
288 1268 417 1305 litteris
441 1268 653 1305 eruditionis
686 1296 693 1303 .
744 1295 752 1303 .

91 1328 297 1375 Acephalas
319 1329 458 1364 litteras
509 1356 515 1363 .
568 1355 575 1363 .
626 1355 634 1363 .
685 1355 693 1363 .

91 1388 152 1424 Ad
176 1399 300 1424 eorum
325 1388 543 1425 subventum
569 1416 575 1423 .
627 1415 635 1423 .
685 1415 693 1422 .
744 1415 751 1422 .

90 1447 152 1484 Ad
175 1449 396 1494 imperialem
421 1447 702 1484 munificentiam
746 1475 752 1482 .

90 1507 152 1544 Ad
175 1518 253 1554 vos,
280 1518 302 1544 ο
327 1508 499 1544 abbatum
570 1536 576 1542 .
629 1537 634 1542 .
687 1535 693 1543 .
745 1535 751 1542 .

91 1566 455 1604 Aecclesiasticorum
481 1568 657 1605 bonorum
686 1595 692 1602 .
745 1594 751 1601 .

91 1626 261 1673 Aequum
287 1631 344 1663 est
368 1631 406 1663 et
428 1628 535 1664 valde
569 1655 575 1662 .
628 1655 635 1662 .
686 1655 692 1662 .

91 1686 276 1723 Affectum
302 1687 516 1734 dilectionis,
541 1697 647 1733 quem
687 1715 692 1721 .

91 1745 190 1783 Ante
215 1747 336 1783 omnia
358 1746 464 1783 vobis
510 1774 516 1780 .
568 1773 575 1780 .
628 1774 634 1780 .
686 1774 693 1780 .

92 1805 190 1842 Ante
214 1816 351 1852 paucos
376 1806 454 1842 dies

93 1865 327 1912 Apostolicae
352 1866 430 1902 sedi
455 1876 598 1902 omnem
630 1894 636 1900 .
688 1894 694 1900 .
746 1892 753 1900 .

92 1924 302 1973 Apostolice
327 1925 551 1971 sapientibus
571 1953 577 1960 .
629 1952 636 1960 .
688 1953 695 1960 .

92 1984 292 2032 Apostolus
316 1985 496 2021 Iohannes
571 2012 577 2019 .
629 2012 637 2021 .
688 2012 695 2020 .
748 2012 754 2020 .

93 2044 259 2090 Arguitis
283 2048 454 2091 nostram,
480 2049 522 2081 ut
571 2071 578 2080 .
630 2072 637 2079 .
689 2071 696 2080 .
747 2071 754 2079 .

95 2103 228 2150 Arguit
251 2114 309 2140 me
333 2104 526 2150 prudentia
572 2131 579 2138 .
631 2131 638 2139 .
689 2131 697 2139 .
747 2131 755 2138 .

93 2163 338 2200 Attendentes
363 2174 417 2210 ea,
443 2174 537 2210 quae
572 2191 579 2199 .
630 2191 637 2198 .
689 2190 695 2197 .
748 2190 754 2197 .

94 2221 300 2259 Audierunt
323 2224 426 2259 multi
450 2234 519 2259 ex.
572 2250 579 2258 .
631 2249 638 2258 .
689 2249 696 2257 .

95 2281 255 2318 Audisse
280 2282 459 2318 credimus
484 2282 754 2318 excellentiam.

95 2341 234 2377 Audita
258 2342 490 2387 oppressione
514 2345 638 2378 vestra
685 2369 692 2376 .

95 2400 233 2437 Audito
259 2401 418 2437 adventu
441 2404 564 2437 vestro
630 2428 637 2435 .

95 2460 232 2496 Audito
255 2470 321 2506 per
344 2459 479 2496 famam
512 2487 520 2495 .
572 2487 579 2495 .
631 2487 638 2494 .
690 2487 696 2495 .

95 2519 233 2556 Audito
257 2530 322 2567 per
345 2518 479 2555 famam
513 2546 521 2554 .
572 2546 579 2554 .
631 2546 637 2554 .
690 2547 697 2555 .

95 2579 313 2616 Audivimus
338 2578 589 2616 conturbatam
631 2605 639 2614 .
690 2606 696 2613 .

97 2640 366 2676 Benedicimus
390 2639 510 2674 Deum
536 2638 627 2675 coeli
689 2664 696 2672 .
748 2664 755 2672 .

97 2699 316 2735 Benedictus
341 2699 452 2744 Deus,
478 2698 540 2744 qui
573 2725 580 2732 .
631 2724 638 2732 .
690 2724 698 2732 .
748 2723 755 2731 .

97 2759 225 2794 Brevis
249 2769 344 2794 nunc
369 2758 415 2794 ad
440 2768 507 2794 vos
573 2784 579 2791 .
631 2783 638 2791 .
690 2783 697 2791 .
748 2784 755 2791 .

99 2817 313 2864 Carissime,
339 2817 514 2864 scripsisti
539 2816 626 2852 mihi
691 2842 698 2851 .
749 2842 757 2850 .

99 2876 314 2913 Carissimus
338 2880 442 2923 pater
466 2879 588 2912 noster
633 2903 639 2910 .
692 2903 698 2910 .
749 2902 757 2911 .

99 2934 265 2982 Causam,
291 2946 399 2982 quam
425 2936 472 2972 ad
495 2946 562 2972 nos
631 2962 638 2970 .
690 2962 697 2970 .

743 773 889 811 HUIUS
914 773 1043 810 TOMI.

801 987 870 1016 1³⁸8·

801 1027 871 1066 180

800 1090 870 1126 593

801 1269 871 1304 590

800 1388 871 1424 484

800 1448 870 1484 457

826 1509 871 1544 76

803 1568 870 1603 151

745 1654 752 1662 .
802 1628 871 1663 599

745 1714 752 1722 .
802 1688 872 1723 262

802 1747 872 1783 296

804 1807 872 1842 189

804 1867 873 1902 583

747 1953 752 1959 .
804 1926 873 1962 589

804 1986 872 2021 351

804 2045 873 2081 263

803 2104 873 2140 403

806 2164 874 2199 196

805 2223 874 2258 132

803 2282 874 2318 494

747 2368 754 2376 .
803 2342 874 2377 408

747 2427 755 2435 .
805 2401 873 2436 139

803 2460 874 2496 494

803 2520 874 2555 495

748 2606 756 2613 .
804 2580 872 2615 227

806 2638 873 2673 131

807 2698 875 2732 120

806 2757 875 2792 314

806 2817 874 2852 339

807 2877 876 2911 190

749 2962 756 2970 .
807 2935 875 2971 182

919 1028 1017 1065 Certi
1042 1039 1178 1075 sumus,
1205 1028 1303 1075 quod
1327 1029 1373 1065 de
1395 1056 1402 1064 .
1454 1057 1461 1065 .

919 1088 1016 1125 Certi
1040 1099 1176 1134 sumus,
1203 1088 1300 1134 quod
1324 1092 1400 1124 tam
1454 1117 1460 1124 .
1512 1117 1520 1125 .

919 1147 1066 1185 Certum
1091 1159 1134 1184 ac
1158 1147 1301 1184 firmum
1327 1149 1400 1184 sit.
1453 1177 1459 1183 .
1512 1177 1518 1183 .

918 1208 1066 1244 Certum
1091 1211 1148 1244 est
1171 1211 1209 1243 et
1232 1208 1351 1243 nullus
1396 1235 1403 1243 .
1454 1235 1462 1243 .

918 1267 1065 1304 Certum
1091 1270 1158 1314 est,
1183 1267 1269 1313 quia

918 1327 1078 1363 Clericus
1103 1330 1227 1363 noster
1250 1327 1462 1364 Heinricus.
1513 1356 1520 1364 .

919 1386 1175 1433 Cognovimus,
1200 1387 1407 1423 venerande
1453 1415 1460 1423 .
1513 1416 1519 1423 .

919 1446 1143 1483 Coloniensis
1169 1447 1346 1483 aecclesia
1395 1474 1402 1482 .
1454 1475 1461 1482 .

919 1506 1223 1543 Commendamus
1246 1507 1454 1552 paternitati
1513 1535 1519 1542 .

919 1566 1223 1602 Commendamus
1247 1567 1456 1612 paternitati
1514 1594 1522 1602 .

919 1625 1223 1662 Commendamus
1248 1626 1434 1662 serenitati
1455 1653 1462 1661 .
1513 1654 1520 1662 .

919 1684 1234 1731 Commendamus,
1259 1686 1466 1722 venerande
1514 1714 1520 1721 .

919 1743 1137 1790 Comparata
1160 1745 1264 1781 nobis
1288 1749 1432 1782 vestrae
1456 1774 1462 1781 .
1514 1774 1520 1781 .
1573 1775 1580 1782 .

922 1803 1146 1840 Confidimus
1171 1805 1217 1841 de
1240 1805 1486 1842 misericordia
1515 1834 1522 1842 .

922 1862 1145 1899 Confidimus
1171 1864 1216 1900 de
1240 1868 1384 1901 vestrae
1455 1893 1462 1900 .
1514 1893 1520 1900 .

922 1922 1224 1968 Congratulamur
1248 1925 1459 1969 paternitati
1515 1952 1522 1960 .

922 1981 1118 2018 Cuiusdam
1144 1983 1317 2029 sapientis
1341 1984 1454 2020 verba
1515 2012 1522 2019 .

922 2041 1013 2078 Cum
1038 2042 1083 2077 de
1108 2043 1235 2079 salutis
1259 2047 1402 2080 vestrae
1457 2071 1463 2079 .
1516 2071 1523 2079 .

922 2101 1014 2138 Cum
1039 2112 1202 2138 essemus
1230 2103 1267 2138 in
1292 2103 1399 2139 domo
1457 2130 1464 2138 .
1515 2131 1523 2139 .

922 2160 1013 2196 Cum
1039 2171 1202 2197 essemus
1226 2162 1263 2197 in
1288 2163 1429 2209 synodo
1456 2190 1463 2197 .
1515 2190 1522 2198 .

922 2220 1013 2256 Cum
1038 2221 1075 2256 in
1099 2221 1168 2257 hoc
1193 2222 1327 2257 mundo
1396 2225 1411 2257 5
1456 2250 1463 2257 .
1511 2226 1521 2258 ‘.

922 2280 1014 2316 Cum
1039 2281 1075 2316 in
1099 2283 1164 2316 tua
1187 2281 1415 2317 venissemus
1457 2309 1463 2316 .
1515 2310 1522 2317 .

923 2339 1013 2376 Cum
1038 2340 1143 2376 nobis
1169 2340 1217 2375 sit
1239 2341 1422 2376 insolitum
1456 2369 1462 2376 .

923 2398 1014 2435 Cum
1039 2399 1183 2445 quidem
1209 2400 1309 2436 Deus
1333 2411 1406 2436 non
1456 2429 1463 2436 .
1515 2429 1522 2436 .

923 2458 1014 2494 Cum
1039 2462 1139 2494 tuam
1164 2469 1237 2495 non
1260 2460 1462 2505 possimus.
1514 2488 1521 2495 .

923 2518 1014 2555 Cum
1037 2522 1131 2565 tuas,
1157 2519 1388 2556 dilectissime
1455 2547 1463 2554 .
1513 2547 1521 2555 .
1573 2547 1580 2555 .

1514 2607 1522 2615 .
1572 2606 1581 2617 .
1629 2582 1699 2617 312

1571 2667 1578 2674 .
1628 2641 1698 2676 526

1572 2726 1579 2734 .
1628 2700 1698 2735 518

923 2577 1013 2614 Cum
1038 2579 1264 2614 venissemus
1287 2579 1324 2614 in
1397 2606 1404 2613 .
1456 2606 1462 2613 .

923 2639 990 2674 Be
1015 2639 1271 2684 controversia,
1296 2649 1389 2684 quae
1414 2643 1470 2675 est
1512 2666 1519 2674 .

922 2697 979 2732 De
1004 2698 1259 2744 controversia,
1285 2708 1378 2744 quae
1402 2699 1519 2735 inter.

923 2757 1176 2803 Decrevemm,
1201 2761 1304 2803 pater
1338 2785 1344 2792 .
1397 2785 1403 2792 .
1454 2785 1461 2792 .
1513 2785 1520 2792 .

923 2816 992 2851 Dei
1016 2817 1273 2863 omnipotentis
1297 2817 1414 2863 gratia
1454 2843 1462 2852 .
1512 2844 1519 2851 .

923 2876 992 2911 Dei
1017 2876 1203 2922 sapientia,
1229 2886 1299 2922 que
1338 2903 1344 2910 .
1396 2903 1403 2910 .
1454 2903 1461 2911 .
1512 2902 1520 2911 .

923 2935 1133 2971 Delectatus
1158 2946 1249 2982 sum,
1274 2935 1384 2972 frater
1453 2962 1460 2970 .
1512 2962 1519 2970 .

1626 988 1696 1017 pag.

1513 1057 1521 1065 .
1571 1057 1579 1066 .
1628 1032 1697 1067 301

1571 1117 1579 1125 .
1629 1091 1699 1127 120

1571 1177 1578 1184 .
1629 1151 1698 1187 335

1572 1236 1579 1244 .
1629 1211 1697 1247 367

1630 1271 1699 1306 125

1571 1355 1579 1365 .
1629 1331 1699 1366 270

1571 1416 1578 1424 .
1629 1390 1698 1426 148

1572 1476 1578 1483 .
1628 1450 1698 1486 469

1572 1536 1578 1543 .
1629 1510 1698 1545 146

1571 1594 1580 1603 .
1629 1569 1699 1605 150

1573 1655 1580 1662 .
1630 1629 1699 1665 145

1572 1715 1579 1722 .
1631 1689 1698 1724 147

1572 1834 1580 1842 .
1630 1808 1700 1843 544

1573 1893 1580 1901 .
1629 1867 1700 1903 530

1573 1953 1581 1960 .
1631 1927 1700 1963 173

1574 2012 1581 2020 .
1631 1986 1700 2023 258

1574 2071 1582 2079 .
1630 2046 1700 2082 338

1574 2131 1581 2139 .
1630 2106 1701 2141 360

1573 2191 1581 2199 .
1630 2166 1700 2201 595

1573 2250 1581 2259 .
1629 2225 1700 2260 304

1573 2310 1580 2318 .
1629 2284 1697 2320 551

1514 2369 1521 2376 .
1573 2369 1580 2377 .
1630 2344 1698 2379 207

1572 2428 1580 2437 .
1631 2403 1700 2438 104

1573 2488 1580 2496 .
1630 2463 1699 2498 195

1653 2522 1698 2558 77

1627 2758 1696 2794 447

1570 2843 1579 2852 .
1627 2818 1697 2853 492

1627 2877 1696 2913 347

1571 2962 1579 2970 .
1627 2937 1696 2973 276
