1924 3288
541 194 741 226 wmALm
769 194 1019 227 nmswonffl
1049 193 1098 226 73.
1121 194 1171 226 74.
1559 184 1642 228 149

69 288 251 337 baiensis
292 289 488 334 abbatem
526 289 765 334 venientem
804 289 858 333 ad
895 290 1197 347 paternitatem
1234 292 1419 334 vestram
1458 290 1640 347 benigne

68 367 213 413 soletis
250 369 438 426 recipere
468 372 512 412 et
539 368 585 412 in
615 368 895 426 peticionibus
927 369 1014 412 suis
1045 368 1272 413 clementer
1302 369 1524 425 exaudire,
1566 370 1639 413 ad-

66 446 239 491 modum
276 446 534 501 exultamus3
573 450 616 491 et
649 450 697 490 ut
727 446 924 504 deinceps
954 447 999 490 id
1029 446 1170 504 ipsum
1193 446 1388 503 faciatis,
1429 447 1637 492 excellen-

65 524 171 569 tiam
207 527 395 569 vestram
432 524 656 581 diligenter
693 538 904 580 rogamus.
959 523 1178 581 Siquidem
1216 525 1283 570 vir
1320 526 1402 569 iste
1437 525 1483 569 in
1521 529 1637 570 terra

64 605 212 648 nostra
245 605 449 660 tanquam
484 603 607 647 iubar
644 602 837 647 caelestis
878 602 1041 660 syderis
1081 602 1255 658 effulsit3
1297 604 1365 647 cui
1403 607 1446 648 01
1475 604 1635 660 gratias

64 694 144 739 pro
173 680 367 737 vigilanti
397 680 551 736 studio,
590 694 671 737 quo
702 680 747 723 in
779 680 981 724 aecclesia
1009 680 1091 724 Dei
1121 681 1300 738 laborat,
1334 683 1467 737 agetis
1501 685 1556 738 et,
1587 686 1636 727 ut

63 759 110 804 in
139 759 288 804 eodem
316 758 665 803 laboreviriliter
696 762 738 802 et
766 757 947 802 fideliter
977 763 1233 816 perseveret,
1265 759 1463 804 fiduciam
1492 764 1635 805 vestra

65 837 364 882 ammonitione
399 836 657 895 prestabitis.
704 835 814 880 Nam
849 840 1075 894 postquam
1105 838 1157 881 de
1187 851 1317 881 manu
1348 839 1491 882 domni
1521 839 1634 895 regis

64 915 148 960 duo
166 915 424 960 monasteria
442 915 696 959 feminarum
717 915 891 972 accepit,
923 914 1161 959 Kaminada
1181 916 1342 960 scilicet
1363 921 1405 961 et
1420 917 1633 974 Visbicke,

63 993 232 1038 divinae
261 993 476 1049 religionis
508 993 767 1049 servitutem,
802 1007 910 1050 quae
939 1007 1114 1051 prorsus
1144 994 1250 1038 inibi
1282 995 1535 1052 deperierat,
1567 1009 1634 1040 re-

62 1085 213 1130 parare
250 1074 294 1116 et
326 1072 555 1116 reformare
586 1075 788 1129 tanquam
817 1071 953 1116 fidelis
985 1080 1131 1116 servus
1164 1076 1206 1116 et
1235 1073 1421 1130 prudens
1452 1074 1634 1118 multum

63 1150 236 1206 studuit,
269 1153 311 1194 et
339 1151 385 1194 in
414 1150 706 1206 recolligendis
737 1150 1087 1207 possessionibus,
1120 1164 1223 1207 quas
1254 1151 1469 1195 abbatissa
1488 1151 1633 1196 Kami-

61 1229 271 1285 natensis,
315 1228 475 1272 femina
505 1242 818 1286 ‚usquequaque
858 1228 1223 1286 reprehensibilis,
1272 1229 1384 1273 inter
1423 1233 1632 1275 amatores

62 1321 160 1351 suos
190 1306 462 1365 disperserat,
492 1306 723 1364 plurimum
750 1307 830 1351 hoc
857 1321 967 1351 anno
980 1304 991 1324 ¹
1009 1306 1220 1351 laboravit
1250 1311 1292 1351 et
1321 1307 1530 1352 adiutorio
1552 1309 1633 1353 Dei

61 1385 116 1430 ad
159 1385 371 1441 integrum
406 1385 494 1429 fere
534 1385 696 1442 omnia,
745 1399 853 1442 quae
889 1385 966 1428 illa
1004 1385 1281 1442 distraxerat,
1327 1387 1551 1443 requisivit
1591 1391 1633 1431 et

59 1463 206 1509 usibus
244 1463 519 1508 servientium
548 1463 639 1508 Deo
675 1463 875 1508 restituit.
922 1463 1059 1507 Huius
1089 1464 1222 1520 igitur
1250 1465 1434 1508 hominis
1465 1465 1630 1509 labores

61 1544 105 1588 et
133 1542 287 1598 studia,
318 1541 469 1599 quibus
501 1541 705 1586 aecclesia
723 1542 770 1585 in
789 1542 945 1586 nostris
966 1542 1160 1599 partibus
1180 1542 1413 1600 plurimum
1432 1543 1630 1600 indiguit,

59 1623 227 1666 vestrae
257 1620 472 1664 sanctitati
501 1634 579 1664 nos
611 1620 721 1664 sicut
751 1624 794 1665 et
823 1621 953 1664 ceteri
983 1621 1216 1665 confratres
1246 1622 1382 1665 nostri
1413 1625 1455 1665 et
1486 1636 1630 1666 omnes

59 1701 198 1744 terrae
233 1700 403 1742 nostrae
439 1698 627 1754 religiosi
657 1699 999 1743 commendamus
1033 1684 1107 1755 et,
1134 1702 1183 1742 ut
1213 1713 1283 1743 eos
1314 1703 1456 1744 vestra
1487 1702 1630 1744 aucto-

58 1777 186 1822 ritate
216 1777 271 1820 ad
298 1778 547 1834 provectum
577 1777 776 1821 ecclesiae
806 1777 887 1821 Dei
918 1776 1166 1821 confirmare
1188 1778 1434 1835 dignemini,
1467 1778 1629 1836 suppli-

59 1856 165 1902 citer
194 1855 474 1899 obsecramus.

65 1998 144 2047 74.
179 2001 221 2044 G.
245 2001 374 2044 abbas
399 1999 767 2044 Grevenlcerlcensis
785 1999 978 2058 Euyem‘o
998 2000 1073 2045 III
1085 2016 1231 2059 papae
1256 2000 1490 2045 Wibaldum
1520 2017 1629 2045 com-

177 2079 356 2122 mendat.
1216 2089 1222 2092 “
1440 2078 1514 2133 (Μ.
1538 2079 1627 2134 62.)

115 2153 128 2158 ’
177 2166 439 2212 Universalis
477 2166 677 2210 ecclesiae
714 2180 878 2211 summo
916 2167 1108 2225 pontifici
1144 2167 1336 2223 Eugenio
1376 2168 1422 2212 C.
1455 2169 1628 2213 humilis

58 2247 251 2292 minister
282 2245 480 2290 ecclesiae
511 2247 681 2301 sanctae
700 2244 860 2289 Mariae
889 2245 935 2289 in
956 2244 1283 2290 Grevenkerken
1310 2247 1495 2291 debitam
1515 2247 1629 2304 patri

59 2324 352 2370 obedientiam.

177 2402 428 2447 Exultamus
465 2402 511 2446 in
541 2400 744 2455 Domino,
783 2401 894 2457 quod
925 2400 1245 2446 dilectissimum
1276 2406 1441 2459 patrem
1473 2415 1523 2445 ac
1553 2402 1625 2445 do-

58 2481 220 2525 minum
263 2483 454 2524 nostrum
491 2478 752 2534 Wibaldum,
798 2479 1082 2523 venerabilem
1119 2479 1384 2524 Corbeiensis
1426 2479 1626 2523 ecclesiae

59 2559 274 2614 abbatem,
319 2559 366 2602 in
411 2560 637 2616 conspectu
681 2560 820 2600 vestro
867 2557 1049 2613 gratiam
1091 2558 1304 2602 invenisse
1341 2557 1624 2613 cognovimus,

58 2637 197 2681 virum
236 2636 400 2693 utique,
439 2636 492 2680 de
521 2636 639 2680 cuius
673 2635 855 2679 adventu
884 2634 1065 2679 multum
1094 2638 1210 2680 terra
1239 2639 1385 2679 nostra
1413 2635 1626 2679 illustrata

60 2717 126 2760 est
155 2718 198 2759 et
228 2715 281 2758 de
311 2715 429 2758 cuius
459 2714 669 2759 industria
699 2713 918 2757 ecclesiam
938 2712 1019 2756 Dei
1048 2713 1094 2756 in
1123 2714 1315 2770 partibus
1344 2713 1499 2757 nostris
1521 2714 1623 2757 satis

57 2792 144 2837 iam
181 2792 410 2850 profecisse
445 2796 487 2836 et
517 2792 765 2850 ampliorem
797 2790 994 2847 deinceps
1024 2791 1260 2848 profectum
1290 2791 1531 2835 habituram
1560 2791 1622 2835 vi-

58 2870 217 2915 demus.
275 2870 356 2914 Est
400 2870 554 2914 etenim
600 2871 665 2914 vir
710 2873 798 2914 tam
842 2869 887 2913 in
933 2882 1010 2913 sua
1045 2869 1361 2916 conversatione
1398 2869 1620 2926 religiosus

155 2958 188 2996 1.
214 2958 237 2997 i.
255 2968 288 2995 0.
312 2968 408 2997 anno
434 2958 538 2997 1147.

1678 294 1771 331 1147

1665 353 1690 376 c.
1709 344 1784 375 Dec.

1666 2172 1757 2208 1147

1652 2232 1668 2253 0
1697 2222 1770 2253 Dec.
