1924 3288
521 197 721 229 wmALm
749 196 999 228 nmsronffl
1029 195 1069 226 so
1081 210 1114 216 -
1125 195 1175 226 82.
1550 181 1634 226 155

69 304 151 350 qne
172 295 280 337 tuae
309 293 478 349 amitae,
508 307 586 351 pro
619 306 702 351 qua
721 293 894 349 rogasti,
926 294 1124 336 consueta
1144 290 1398 348 apostolicae
1419 288 1530 333 sedis
1552 288 1634 333 cle-

68 370 228 416 mentia
262 385 340 429 per
377 371 579 415 nuncium
617 374 831 427 nostrum,
872 384 996 428 quem
1037 370 1091 414 ad
1126 372 1269 428 partes
1307 367 1403 412 illas
1438 368 1635 411 duximus

69 449 389 506 destinandum,
430 452 598 494 auctore
627 449 830 505 Domino,
870 451 1074 506 quantum
1111 461 1206 492 cum
1242 447 1462 492 honestate
1490 448 1637 490 nostra

67 527 314 585 poterimuS,
344 528 568 586 providere
597 527 849 571 curabimus.
896 526 1105 582 Ceterum,
1136 527 1182 570 in
1206 525 1360 584 puerili
1381 527 1517 570 aetate
1537 537 1635 568 con-

68 605 262 662 stitutus,
294 606 356 650 ita
385 606 512 651 bonis
538 609 581 650 et
609 605 796 649 honestis
828 604 989 649 actibus
1020 605 1262 649 incumbere
1291 604 1474 660 studeas,
1505 606 1554 647 ut
1583 602 1636 646 de

67 683 152 727 tuis
189 684 450 728 successibus
487 687 624 728 mater
653 687 728 728 tua
758 686 904 727 sancta
932 682 1123 727 Romana
1155 683 1357 728 aecclesia
1384 681 1630 739 gratuletur.

67 761 182 806 Data
208 761 352 807 Remis
381 762 582 806 Kalendis
612 761 787 820 Aprilis.

69 903 152 952 81.
185 906 402 964 Euqenius
421 905 496 950 HI
508 921 632 964 papa
661 906 873 963 episcopos
905 911 943 947 et
972 906 1137 948 abbates
1170 906 1410 948 Teutonicos
1439 904 1636 948 Heinrico

95 1024 100 1026 ,
184 984 474 1028 Romanorum
504 985 594 1041 reyi
625 984 766 1026 adesse
796 983 917 1026 iubet.
1450 981 1522 1036 (M.
1547 981 1636 1036 65.)

184 1072 400 1129 Eugenius
421 1073 644 1130 episcopus
665 1086 810 1116 servus
832 1085 1050 1116 servorum
1065 1071 1146 1116 Dei
1165 1072 1474 1116 venerabilibus
1494 1072 1638 1116 fratri-

69 1150 147 1195 bus
178 1151 505 1209 archiepiscopis
525 1151 733 1209 episcopis
755 1153 797 1194 et
817 1149 980 1194 dilectis
1001 1149 1100 1194 filiis
1122 1150 1356 1207 abbatibus,
1386 1164 1464 1208 per
1485 1151 1637 1194 Teuto-

66 1228 209 1273 nicum
237 1242 415 1285 regnum
445 1229 697 1285 constitutis,
730 1228 909 1272 salutem
933 1231 975 1272 et
995 1228 1269 1286 apostolicam
1290 1227 1634 1273 benedictionem.

188 1306 307 1352 Sicut
349 1308 571 1352 manifeste
609 1309 752 1351 vestra
795 1306 1020 1364 prudentia
1055 1308 1340 1363 recognoscit,
1386 1306 1636 1350 karissimus

67 1383 179 1430 filius
208 1388 354 1430 noster
376 1385 595 1430 Cunradus
616 1385 900 1429 Romanorum
929 1398 1019 1441 rex,
1051 1385 1186 1429 divini
1217 1385 1373 1429 amoris
1402 1385 1637 1429 fervoribus

70 1463 291 1520 excitatus,
322 1462 513 1508 vivificae
544 1465 678 1508 crucis
710 1465 829 1520 signo
861 1466 1069 1521 suscepto,
1102 1464 1156 1507 ad
1186 1463 1479 1508 debellandam
1504 1463 1637 1508 idolae

67 1545 232 1586 trarum
267 1542 478 1586 insaniam
509 1545 552 1586 et
582 1543 636 1586 ad
665 1542 826 1586 cultum
856 1542 1075 1586 christiani
1103 1542 1287 1586 nominis
1317 1542 1637 1600 propagandum

69 1633 162 1665 sese
181 1620 360 1664 viriliter
388 1633 436 1664 ac
455 1623 650 1678 potenter
671 1621 866 1664 accinxit.
914 1619 1021 1664 Cum
1040 1620 1183 1677 itaque
1205 1620 1398 1665 omnibus
1420 1635 1473 1665 ex
1492 1624 1637 1664 nostro

69 1698 201 1742 simus
233 1697 369 1742 officio
401 1698 632 1755 debitores,
663 1712 742 1756 pro
772 1699 865 1756 ipso
896 1701 1040 1743 tamen
1069 1699 1205 1754 magis
1237 1699 1436 1743 debemus
1468 1703 1510 1743 et
1537 1713 1637 1757 pro-

68 1776 242 1835 pensius
271 1776 464 1820 volumus
496 1790 587 1820 esse
618 1776 798 1825 solliciti.
844 1776 965 1821 Unde
995 1777 1304 1821 fraternitatem
1329 1780 1515 1822 vestram
1540 1792 1636 1836 pre-

70 1854 258 1899 sentibus
289 1854 561 1898 exhortamur
590 1854 780 1911 epistolis
802 1858 845 1898 et
865 1855 1123 1899 exhortando
1143 1856 1407 1912 mandamus,
1440 1856 1637 1913 quatinus

70 1932 294 1977 karissimo
331 1931 419 1975 filio
458 1935 603 1975 nostro
634 1931 836 1988 HenricO,
874 1933 1031 1976 iuniori
1059 1934 1151 1989 regi
1179 1933 1486 1990 Romanorum,
1523 1935 1635 1990 regis

69 2010 247 2055 illustris
267 2010 480 2054 Cuonradi
501 2008 603 2065 filio,
636 2010 858 2066 diligenter
889 2014 931 2054 et
959 2010 1139 2055 fideliter
1169 2012 1377 2056 assistatis
1408 2015 1451 2056 et
1479 2012 1524 2056 in
1554 2013 1634 2069 his,

71 2103 178 2147 quae
209 2089 263 2132 ad
291 2088 427 2146 patris
458 2088 525 2131 sui
554 2088 755 2132 honorem
781 2091 823 2132 et
841 2090 962 2144 regni
982 2092 1140 2133 statum
1159 2090 1371 2147 pertinere
1391 2094 1634 2148 noscuntur,

70 2170 119 2211 ut
154 2180 242 2224 pax
277 2180 355 2224 per
394 2166 693 2223 omnipotentis
723 2166 805 2211 Dei
840 2167 1022 2222 gratiam
1050 2167 1096 2211 in
1125 2168 1293 2225 populis
1324 2169 1406 2212 sibi
1436 2169 1635 2213 subiectis

70 2246 237 2301 integra
265 2247 547 2300 conservetur,
580 2257 704 2301 opem
735 2245 774 2288 ei
795 2247 838 2288 et
857 2245 1091 2301 consilium,
1124 2247 1289 2302 quando
1309 2251 1496 2291 vestrum
1517 2248 1636 2291 auxi-

71 2323 177 2367 lium
205 2322 503 2380 postulaverit,
535 2322 789 2379 inpendatis.
850 2322 1055 2367 Nolumus
1087 2324 1315 2380 siquidem,
1352 2328 1401 2368 ut
1430 2325 1507 2369 sub
1537 2339 1635 2383 pro-

72 2401 254 2445 tectione
282 2401 396 2445 beati
415 2400 532 2444 Petri
560 2400 605 2443 in
634 2400 769 2457 patris
797 2400 864 2444 sui
883 2401 1075 2445 absentia
1095 2402 1358 2459 aliquatenus
1378 2403 1548 2447 honoris
1570 2404 1636 2447 sui

73 2479 370 2523 detrimentum
389 2478 458 2522 vel
477 2479 686 2523 defectum
706 2478 906 2522 incurrat.
945 2479 1058 2523 Data
1076 2479 1219 2524 Remis
1239 2480 1440 2524 Kalendis
1460 2481 1633 2538 Aprilis.

76 2620 158 2668 82.
195 2622 313 2676 Quae
334 2623 519 2680 praedia
549 2622 865 2666 Kaminatensia
894 2623 1073 2677 Iuditha,
1107 2624 1313 2667 abbatissa
1344 2626 1520 2680 deiecta,
1551 2626 1635 2668 dis-

192 2701 411 2743 tribuerit'.

1667 290 1759 327 1148

1658 341 1730 381 Apr.
1749 341 1766 372 1

1669 1074 1762 1110 1148

1659 1124 1732 1164 Apr.
1750 1125 1767 1154 1

191 2788 359 2832 Domna
377 2788 533 2832 Iuthita
563 2788 774 2833 abbatissa
804 2788 908 2832 haec
937 2788 1054 2832 dedit
1073 2789 1124 2833 de
1144 2789 1302 2846 prediis
1322 2790 1635 2836 Kaminatensis
1651 2798 1861 2835 1146-1148

76 2865 313 2922 aecclesiae,
343 2870 567 2924 postquam
597 2866 789 2924 deposita
818 2866 909 2910 fuit.
957 2866 1022 2911 De
1042 2867 1159 2911 curia
1176 2867 1259 2911 An.
1281 2882 1475 2913 mansum
1503 2883 1634 2914 unum

172 2970 199 2992 a.
226 2963 349 3003 Lagitur
370 2973 421 3002 ap.
441 2965 578 2993 Marum
601 2963 680 2995 coll.
696 2964 738 2995 11.
757 2973 790 3002 p.
804 2963 866 2994 234
886 2975 914 2993 n.
932 2974 961 2994 a.
