1924 3288
530 177 729 208 wmALm
757 176 1007 210 EPISTOLAE
1035 175 1105 208 ass,
1129 176 1200 207 88⁷.
1558 167 1647 211 519

84 269 338 317 sententiam
374 274 559 316 vestram
596 285 693 316 cum
730 272 923 317 omnibus
963 271 1237 328 suffraganeis
1274 271 1431 317 nostris
1444 269 1468 329 ¹,
1504 276 1647 331 preter
1672 278 1766 316 1152

84 346 430 406 Tmiectensem²‚
471 350 542 407 qui
579 353 679 395 tunc
707 350 816 395 forte
848 350 1001 406 abfuit,
1039 351 1102 396 ita
1131 350 1511 409 promulgavimus,
1545 365 1646 408 quas
1690 327 1745 359 1u1.

82 429 206 472 tenus
235 428 395 472 catenis
424 428 581 473 nostris
618 427 795 473 firmiter
826 432 1069 486 teneantur,
1109 429 1380 487 quoadusque
1408 430 1646 488 presentiae

82 507 248 551 vestrae
278 519 324 550 se
354 506 579 551 exhibeant
609 509 652 550 et
681 506 911 551 secundum
940 507 1186 552 mandatum
1208 511 1396 553 vestrum
1415 508 1646 564 condignae

81 583 360 629 satisfactioni
396 598 441 629 se
477 588 729 642 supponant.
776 584 953 629 Vestrae
988 586 1120 641 igitur
1158 587 1426 644 paternitatis
1455 587 1646 644 interest,

79 664 129 706 ut
157 662 235 706 sub
267 661 344 706 tali
374 663 614 707 testimonio
646 662 852 706 dictorum
892 666 1017 720 atque
1055 664 1263 709 factorum
1302 665 1347 709 in
1383 665 1646 723 beneplacito

79 739 343 785 discretionis
372 744 537 786 vestrae
567 744 610 786 et
637 741 886 799 prudentiae
917 756 1045 800 super
1074 742 1153 787 hoc
1182 743 1350 799 negotio
1378 744 1599 789 iudicetur.

81 910 198 961 387.
228 913 323 958 Otto
345 916 558 974 episeopus
577 914 854 974 Frisinyensis
882 916 1071 961 Wibaldo
1103 918 1154 961 de
1169 918 1325 975 psalmi
1349 934 1469 962 versu
1494 919 1644 963 scribit.

226 993 409 1036 Iniurias
449 994 488 1037 ei
527 1009 554 1036 a
594 993 850 1049 Saxonihus,
898 996 1078 1054 antiquis
1113 997 1233 1053 requi
1268 995 1467 1051 hostibus,
1509 997 1646 1041 illatas

226 1071 346 1114 dolet.
1429 1072 1501 1128 (M.
1526 1075 1645 1129 354.)

195 1159 438 1204 Venerabili
467 1159 513 1204 in
543 1159 711 1205 Christo
740 1160 865 1206 fratri
901 1164 944 1207 et
974 1161 1108 1206 amico
1139 1162 1392 1220 precordiali
1421 1162 1643 1220 W(ibaldo)
1671 1174 1764 1212 1152

77 1237 321 1284 Gorbeiensi
351 1238 494 1282 abbati
517 1237 650 1294 O(tto)
671 1231 977 1297 Frisingensis⁸
1009 1239 1235 1285 aecclesiae
1264 1240 1309 1285 id
1343 1242 1454 1299 quod
1484 1245 1548 1288 est
1578 1257 1645 1287 sa-

76 1315 209 1362 lutem
238 1330 334 1361 cum
364 1316 514 1361 devoto
546 1317 756 1374 obsequio.

195 1394 315 1448 Quod
343 1395 577 1452 negocium,
608 1409 686 1453 pro
709 1410 790 1453 quo
815 1396 868 1441 ad
889 1396 1050 1441 curiam
1070 1396 1296 1455 miseratis,
1328 1397 1516 1444 debitum
1546 1413 1645 1458 pro-

75 1487 240 1519 cessum
269 1487 355 1518 non
383 1473 543 1530 habuit,
574 1474 621 1518 in
650 1474 771 1519 nobis
801 1489 888 1519 non
917 1475 1134 1519 remansit.

194 1551 260 1597 De
289 1554 428 1596 cetero
449 1565 576 1610 super
597 1553 828 1610 questione,
860 1567 986 1610 quam
1006 1554 1128 1598 nobis
1147 1553 1282 1611 Aquis
1303 1555 1510 1612 movistis,
1543 1570 1644 1613 quo-

75 1630 199 1675 modo
228 1630 424 1675 videlicet
454 1631 508 1675 ad
538 1625 826 1675 ascensionem
854 1631 1029 1675 Domini
1066 1632 1215 1677 referri
1249 1632 1410 1689 valeat,
1451 1634 1562 1690 quod
1598 1636 1644 1679 in

74 1707 238 1767 psalmo
268 1707 442 1764 legitur:
488 1709 640 1753 Tollite
662 1719 814 1768 portas
824 1743 838 1765 ,
873 1712 1111 1769 principes,
1145 1720 1323 1766 vestras,
1358 1721 1396 1756 et
1425 1713 1646 1758 elevamini

72 1796 222 1846 portae
241 1783 484 1839 eternale3³3
515 1790 576 1831 et:
612 1787 717 1842 Quis
739 1797 798 1832 est
815 1790 892 1832 iste
911 1804 986 1832 reat
1003 1785 1230 1846 yloriae?⁴,
1262 1789 1448 1834 breviter
1466 1805 1641 1848 respon-

75 1865 241 1909 demus:
272 1864 485 1923 triplicem
515 1865 560 1909 in
591 1865 738 1910 eadem
770 1866 1019 1910 auctoritate
1049 1880 1220 1911 sensum
1249 1868 1470 1925 repperiri.
1532 1869 1641 1921 Quo-

3 1954 5 1957 ‘
73 1957 170 1988 rum
198 1943 279 1988 iste
308 1957 419 1987 unus
441 1945 524 1987 est:
558 1943 610 1987 de
641 1944 895 1989 ascensione.
942 1943 1089 2000 Legite
1110 1944 1248 2000 glosas
1268 1945 1474 2003 psalterii,
1506 1949 1548 1991 et
1576 1947 1641 1991 in—

73 2019 274 2066 venietis⁵
306 2035 434 2079 super
463 2021 711 2066 Attollite
738 2017 946 2081 portas:
987 2019 1190 2067 Virtute⁸⁸
1210 2025 1426 2067 ministrae
1454 2027 1512 2069 ad
1532 2026 1641 2070 alias

74 2101 261 2145 coelestes
293 2101 500 2153 clamant,
532 2109 580 2144 ut
607 2103 721 2144 viam
751 2104 969 2159 aperiant,-
1009 2116 1129 2159 quae,
1162 2116 1269 2144 novo
1300 2104 1484 2147 misterio
1516 2119 1642 2149 carne

74 2180 215 2223 induti
242 2179 518 2237 stupefactae,
555 2188 754 2236 querunt.-
790 2178 895 2234 Qui
901 2195 920 2222 8
953 2180 1054 2223 est?
1175 2178 1248 2223 Set
1279 2182 1321 2224 et
1349 2180 1483 2237 illum,
1516 2195 1639 2238 quem

74 2257 242 2301 dixistis
274 2256 325 2300 de
355 2255 618 2314 principibus
650 2257 921 2301 tenebrarum
942 2260 984 2301 et
1001 2257 1137 2315 portis
1157 2257 1320 2314 mortis,
1350 2259 1462 2303 unde
1492 2263 1639 2305 cantus

73 2335 166 2380 ille:
214 2335 316 2379 Cwm.
352 2350 427 2379 rea:
463 2336 628 2393 qloriae
642 2332 656 2354 ⁷
692 2335 828 2379 factus
868 2338 953 2391 est,
1000 2335 1061 2379 ibi
1096 2335 1287 2379 invenire
1324 2337 1538 2394 poteritis,
1577 2339 1638 2383 ita

72 2417 233 2470 tamen,
273 2417 321 2458 ut
354 2416 502 2471 portae
533 2412 765 2458 aeternales
796 2427 883 2458 non
913 2413 999 2457 sint
1026 2413 1273 2470 infernales,
1313 2417 1378 2458 set
1411 2415 1515 2460 item
1546 2430 1637 2461 coe-

168 2530 195 2552 α.
223 2521 325 2560 Frigis·
345 2533 371 2552 ο.

125 2567 128 2571 ’
168 2580 202 2616 1.
226 2579 249 2616 i.
269 2590 300 2616 e.
326 2578 500 2616 Heinrico
525 2577 699 2624 episcopo
717 2578 925 2624 Leodiensi‚
948 2577 1136 2615 Friderico
1160 2588 1218 2624 ep.
1236 2579 1526 2627 Monasteriensi,
1552 2582 1634 2618 Phi-

73 2640 175 2686 lippo
200 2649 256 2685 ep.
274 2638 558 2685 Osnabrugensi.
648 2639 682 2674 2.
707 2638 968 2675 Hermannum.
1056 2638 1091 2675 3.
1115 2638 1176 2675 Ps.
1193 2639 1249 2684 23,
1268 2639 1302 2675 7.
1387 2640 1423 2676 4.
1448 2641 1509 2677 Ps.
1526 2641 1582 2687 23,
1600 2642 1634 2679 8.

73 2700 108 2738 5.
139 2700 178 2736 in
201 2698 397 2736 Walafridi
428 2697 619 2735 Strabonis
652 2698 776 2744 glossa
807 2697 1002 2735 ordinaria.
1039 2697 1085 2735 V.
1108 2697 1231 2735 Biblia
1261 2708 1366 2735 sacra
1396 2710 1481 2736 cum
1511 2701 1635 2747 glossa

73 2758 258 2796 ordinaria
280 2758 517 2804 Antwerpiae
542 2757 647 2794 1634.
673 2757 797 2794 T.111.
822 2757 1021 2794 615-61‘1.
1114 2758 1148 2794 6.
1173 2757 1359 2804 „Virtutes
1376 2780 1419 2785 —
1438 2759 1528 2803 Quis
1552 2761 1634 2797 est“

74 2830 120 2856 ex
150 2818 352 2865 Augustini
382 2817 673 2855 enarrationibus
702 2817 740 2853 in
764 2817 943 2854 Psalmos.
1038 2818 1071 2853 7.
1104 2817 1296 2854 Canticum
1324 2819 1563 2866 triumphale,
1589 2831 1634 2857 ex

73 2878 275 2925 Augustini
298 2889 465 2916 sermone
490 2878 558 2915 137
585 2880 782 2923 sumptum,
806 2877 905 2923 apud
923 2877 1055 2914 Daniel
1079 2877 1256 2915 Thesaur.
1278 2878 1561 2927 hymnologicus
1586 2880 1631 2919 II.

73 2939 162 2976 315:
186 2938 303 2987 „Cum
328 2949 393 2977 rex
416 2938 555 2985 gloriae
579 2937 747 2976 Christus
771 2936 953 2976 infernum
977 2937 1227 2979 debellaturus
1250 2938 1426 2978 intraret“
1451 2942 1522 2978 cet.
