1924 3288
286 169 374 213 342
786 181 986 212 wmALm
1017 180 1237 213 ams‘rom
1267 182 1338 213 223.

287 291 406 340 223.
434 294 644 337 Arnoldus
660 294 923 351 praepositus
944 293 1205 351 coloniensis,
1240 294 1422 339 Com-adi
1437 296 1547 353 req&
1565 295 1845 352 menariae,

431 371 619 414 Wibaldo
660 371 819 424 scribit,
857 386 900 413 se
938 371 996 414 ad
1025 374 1185 416 curiam
1213 379 1401 416 vocatwm
1431 387 1525 416 eece.
1586 371 1844 431 Sta-spicam,

431 449 673 505 leqationem
709 448 788 491 sibi
815 449 1048 506 impositum
1079 451 1156 506 iri,-
1195 465 1320 509 quam
1350 465 1480 508 quare
1508 457 1735 505 aversetur,
1772 463 1845 494 w-

423 526 557 583 pom't.
620 525 852 568 Amoldum
890 525 1244 586 archiepiscopwn
1274 542 1420 586 papae
1456 528 1735 572 commendavi
1761 534 1846 572 ’ποθι

431 602 526 645 vult.

166 707 258 743 1150
401 690 609 735 Dominus
639 704 758 735 meus
771 687 782 708 ¹
813 690 867 734 ad
896 691 1057 736 curiam
1088 706 1209 737 suam
1238 707 1307 738 me
1325 692 1505 749 vocavit,
1536 693 1657 750 quasi
1680 689 1846 738 mecum

181 756 242 787 ¹⁸¹¹·
283 771 335 814 de
371 769 556 825 negociis
593 768 679 812 suis
711 768 999 824 ordinaturus3
1040 773 1105 814 set
1134 784 1210 826 ego
1239 771 1375 827 magis
1406 771 1576 827 estimo,
1614 770 1727 828 quod
1753 764 1846 829 ipse

283 861 358 892 vos
389 851 432 891 et
459 860 528 891 me
557 846 734 890 Romam
763 846 932 890 mittere
962 847 1164 892 intendat.
1227 848 1347 901 Quod
1375 849 1413 892 si
1442 848 1506 892 ita
1533 851 1618 904 est,
1653 847 1740 893 scio
1768 854 1845 906 vos

281 937 548 982 nequaquam
580 923 724 968 latere.
786 923 921 968 Multa
949 938 1048 969 vero
1078 928 1196 982 sunt,
1237 939 1345 983 quae
1375 939 1402 970 a
1429 925 1638 981 legatione
1665 926 1750 970 ista
1775 918 1846 980 1116

283 1005 504 1057 excusant;
543 1001 743 1059 precipue
785 1001 969 1046 defectus
1006 1002 1207 1059 fratrum,
1245 1003 1396 1060 quibus
1426 1003 1670 1061 dispensare
1697 1002 1845 1048 habeo.

281 1082 372 1137 Ego
405 1080 518 1124 enim
547 1078 829 1123 Hierosolima
857 1079 1039 1136 rediens,
1071 1083 1208 1125 curtes
1239 1094 1381 1125 omnes
1411 1094 1564 1125 vacuas
1595 1084 1638 1126 61
1666 1083 1846 1138 quatuor

282 1158 476 1203 meliores
521 1157 749 1212 grandine⁶
786 1170 959 1214 prorsus
997 1170 1218 1214 percussas
1255 1158 1411 1202 inveni.
1481 1158 1679 1216 Oportuit
1715 1158 1844 1204 etiam

281 1251 349 1281 me
378 1249 464 1280 non
494 1234 631 1279 solum
661 1234 803 1278 debita
833 1236 891 1278 60
910 1248 1147 1279 marcarum
1166 1236 1336 1280 vicariis
1364 1236 1470 1280 meis
1495 1236 1668 1293 solvere,
1697 1249 1844 1282 verum

281 1315 410 1358 etiam
441 1327 467 1357 a
495 1313 636 1370 prima
665 1312 734 1356 die
762 1312 922 1356 reditus
952 1314 1038 1357 mei
1067 1327 1199 1370 usque
1230 1314 1284 1358 ad
1313 1327 1444 1358 novas
1469 1313 1611 1370 fruges
1631 1314 1774 1359 omnia
1791 1314 1844 1361 de

280 1406 373 1436 meo
403 1389 606 1434 fratribus
636 1390 875 1434 necessaria
902 1390 1136 1447 providere.
1191 1390 1303 1435 Hinc
1333 1394 1409 1448 est,
1441 1391 1553 1448 quod
1580 1405 1666 1436 una
1693 1392 1761 1436 die
1789 1387 1844 1437 ab

281 1469 341 1513 eis
373 1469 518 1513 abesse
547 1480 721 1523 nequeo.
779 1467 909 1511 Aliud
939 1481 1043 1524 eque
1072 1481 1274 1523 magnum
1302 1468 1371 1512 vel
1399 1469 1549 1524 maius,
1580 1469 1692 1526 quod
1720 1483 1747 1513 a
1773 1470 1845 1514 via

280 1547 364 1590 ista
398 1559 467 1589 me
506 1545 708 1600 deterret,
749 1544 860 1601 quod
889 1544 1083 1588 dominus
1112 1559 1231 1590 meus
1263 1559 1325 1602 ea,
1358 1559 1438 1602 que
1466 1559 1544 1604 per
1571 1545 1716 1591 fideles
1746 1559 1843 1591 suos

280 1624 458 1667 Romam
486 1621 680 1677 mandat,
719 1634 804 1664 non
834 1621 940 1666 bene
971 1625 1131 1677 servat3
1164 1626 1206 1667 et
1234 1636 1311 1680 per
1340 1624 1523 1668 minores
1553 1637 1755 1682 personas
1777 1623 1843 1669 ’16-
1895 1611 1898 1614 ’

281 1701 415 1757 gatio,
453 1698 603 1744 effectu
631 1699 699 1743 vel
727 1699 906 1743 veritate
943 1713 1110 1756 carens,
1148 1701 1460 1745 convenientius
1492 1702 1561 1757 agi
1587 1701 1734 1759 possit.
1794 1700 1843 1747 Si

283 1782 422 1823 autem
451 1777 571 1822 labor
599 1777 680 1821 iste
709 1791 786 1820 nos
809 1780 944 1833 vocat,
976 1780 1019 1821 et
1038 1781 1202 1822 vestrae
1233 1778 1495 1823 discretionis
1525 1778 1743 1836 diligentia
1768 1788 1842 1824 110³

282 1855 522 1901 cessitatem
552 1857 595 1898 et
622 1854 807 1899 fructum
835 1868 920 1898 non
949 1855 1118 1899 inanem
1147 1856 1432 1913 prospexerit,
1464 1855 1586 1913 quale
1615 1854 1682 1901 vel
1711 1869 1842 1914 quan-

283 1938 374 1978 tum
411 1932 532 1977 nobis
549 1931 764 1976 'viaticum
799 1932 1075 1989 asscribatur,
1113 1933 1222 1977 sicut
1251 1933 1442 1991 expedit,
1482 1933 1656 1990 exigite3
1694 1935 1737 1979 et
1765 1942 1842 1991 ego

284 2025 360 2069 pro
398 2009 571 2055 consilio
601 2012 763 2065 vestro,
802 2010 870 2053 cui
907 2009 1145 2067 specialiter
1175 2010 1392 2055 devinctus
1422 2024 1536 2068 sum,
1575 2024 1704 2069 supra
1731 2011 1842 2057 vires

284 2102 399 2134 meas
419 2087 625 2132 voluntati
645 2087 805 2131 domini
824 2088 909 2131 mei
928 2101 997 2132 me
1017 2101 1236 2145 exponam.
1277 2087 1348 2132 Ad
1366 2088 1483 2145 haec,
1513 2102 1640 2146 quam
1657 2088 1843 2147 primum

285 2166 402 2211 vobis
440 2164 618 2209 facultas
647 2164 795 2220 fuerit,
832 2165 1062 2209 rescribite.
1181 2165 1295 2210 Inter
1323 2165 1426 2211 haec
1455 2170 1615 2223 autem,
1654 2179 1708 2212 116
1738 2179 1842 2224 quas

285 2244 437 2288 domno
475 2238 737 2287 Coloniensi'
781 2242 944 2287 litteras
987 2243 1301 2287 intercessorias
1344 2243 1398 2287 ad
1443 2243 1643 2288 domnum
1685 2256 1841 2303 papam

285 2321 457 2376 tribuat,
488 2322 646 2375 cavete,
676 2333 730 2363 ne
760 2319 883 2363 homo
913 2333 1085 2378 prorsus
1115 2319 1276 2365 inutilis
1307 2323 1350 2365 61
1378 2321 1631 2378 pernitiosus
1650 2334 1727 2380 per
1741 2334 1841 2378 ‘eum

287 2402 370 2443 stet
398 2397 466 2443 vel
495 2397 630 2441 cadat.
692 2396 900 2453 Plurima,
932 2411 1026 2441 cum
1055 2411 1222 2454 venero,
1253 2397 1466 2443 dilectioni
1494 2402 1658 2444 vestrae
1685 2399 1841 2444 referre

288 2476 440 2532 habeo,
479 2488 559 2532 que
593 2475 746 2519 litteris
776 2475 1058 2519 commendari
1086 2475 1323 2520 nullatenus
1351 2478 1489 2519 tutum
1517 2476 1632 2521 duxi.
1692 2476 1841 2522 Valeat

289 2555 334 2598 in
362 2556 612 2612 perpetuum
641 2556 804 2597 vestrae
834 2552 1067 2597 dilectionis
1097 2553 1282 2598 dulcedo.

385 2670 412 2692 a.
438 2660 583 2699 grandine
602 2659 742 2690 meliores
763 2670 789 2690 c.

385 2725 417 2760 l.
443 2722 631 2761 conradus
654 2732 729 2759 rex.
825 2722 861 2758 2.
885 2720 1050 2759 Arnoldo
1073 2722 1092 2758 Ι
1114 2721 1401 2768 archiepiscopo.
