1924 3288
578 186 778 218 WIBALm
806 184 1028 217 nmsroLA
1061 183 1131 214 146.
1555 169 1640 213 227

77 281 192 331 146.
222 281 482 329 corbeienses
505 283 813 327 stabulensibus
842 283 1090 342 siqnifi'cant,
1124 280 1226 339 quid
1243 280 1440 337 mayistro
1465 277 1641 337 Graeco,

218 361 327 405 sedis
357 361 607 419 apostolicae
637 362 785 419 leqato,
819 361 869 404 de
891 360 1100 418 dissipatis
1121 359 1313 402 ecclesiae
1333 357 1535 401 thesauris
1563 357 1642 398 sci-

219 440 382 490 scitanti
411 440 710 497 responderint.
1456 432 1528 488 (M.
1552 433 1642 488 46.)

188 528 555 574 Reverentissimis
587 532 712 585 atque
744 528 1027 572 dilectissimis
1058 528 1104 571 in
1126 526 1293 571 Christo
1316 524 1518 569 fratribus
1540 523 1641 579 suis,

69 607 251 653 Roberto
281 606 513 651 venerabili
544 607 701 650 decano
733 610 776 650 et
807 607 957 650 ceteris
989 601 1159 650 sanctae
1191 603 1453 649 Stabulensis
1486 601 1643 646 aeccle-

71 687 159 731 siae
187 685 390 730 fratribus
421 685 553 729 frater
578 684 824 739 W(alterus)
855 684 974 742 prior
1005 684 1204 728 ecclesiae
1235 681 1501 726 Corbeiensis
1533 683 1643 725 cete-

70 766 191 823 rique
211 764 399 809 eiusdem
418 763 665 807 monasterii
686 763 853 819 fratres,
885 763 1041 818 iugiter
1071 775 1221 806 vacare
1254 765 1296 805 et
1326 760 1483 816 videre,
1517 772 1644 816 quam

71 843 213 888 suavis
244 845 308 887 est
336 842 556 886 Dominus.

189 921 457 976 AudivimuS,
479 919 773 964 conturbatam
794 933 885 963 esse
904 919 1229 962 unanimitatem
1250 920 1435 962 vestram
1451 916 1501 960 de
1517 915 1644 960 verbo

73 1000 273 1058 quodam,
311 998 423 1056 quod
453 998 655 1054 magister
685 997 843 1042 Grecus
874 1011 952 1055 pro
984 997 1160 1042 sublatis
1191 997 1238 1040 in
1270 995 1472 1040 aecclesia
1500 997 1648 1038 nostra

72 1078 280 1123 thesauris
309 1077 530 1121 nobiscum
560 1090 669 1120 anno
700 1076 904 1134 preterito
937 1075 1128 1120 contulit.
1176 1074 1296 1127 Quod
1322 1074 1421 1132 quia
1441 1087 1527 1116 non
1546 1086 1648 1117 vera

72 1157 276 1202 relatione
307 1156 362 1200 ad
390 1169 464 1199 vos
494 1155 739 1212 pervenisse
761 1155 1052 1199 existimamus
1073 1156 1381 1211 proptereaque
1403 1151 1649 1196 scandalum

75 1235 188 1294 apud
223 1249 297 1280 vos
337 1234 552 1290 genuisse,
592 1234 784 1277 ordinem
819 1233 882 1277 rei
913 1247 966 1277 ex
995 1233 1160 1288 integro
1191 1232 1310 1276 vobis
1341 1231 1553 1288 pandere¹¹
1585 1229 1648 1272 di-

74 1328 203 1370 gnum
226 1313 435 1369 duximus.
477 1311 603 1356 Venit
622 1312 753 1367 igitur
774 1312 829 1356 ad
850 1326 926 1355 nos
947 1311 1062 1355 idem
1080 1311 1284 1366 magister
1306 1309 1516 1365 G(recus),
1548 1311 1650 1351 tunc

75 1392 328 1450 apostolicae
373 1391 484 1434 sedis
532 1390 718 1446 legatus,
767 1404 876 1434 anno
923 1390 1126 1448 preterito
1167 1389 1279 1433 circa
1317 1389 1474 1432 festum
1513 1386 1649 1430 sancti

75 1470 275 1527 Thomae,
306 1483 402 1513 cum
430 1469 476 1512 in
507 1469 659 1513 vestris
689 1469 883 1526 partibus
915 1469 1092 1512 domnus
1126 1467 1255 1512 abbas
1286 1469 1544 1520 moraretur3
1585 1468 1649 1508 at-

76 1562 156 1606 que
185 1548 374 1605 hospicio
405 1550 600 1605 receptus
632 1550 696 1591 est
717 1548 831 1605 apud
851 1561 942 1604 nos,
973 1547 1157 1590 humane
1178 1549 1383 1590 tractatus
1406 1548 1470 1589 est
1492 1547 1534 1587 et
1554 1557 1650 1587 cum

76 1627 191 1670 omni
235 1626 454 1682 diligentia
500 1639 548 1670 ac
594 1626 835 1682 devotione,
885 1625 1240 1683 quemadmodum
1284 1625 1424 1668 decuit
1463 1623 1650 1678 legatum

76 1704 219 1748 domni
256 1718 412 1762 papae,
458 1704 483 1748 a
519 1704 640 1748 nobis
681 1704 927 1748 observatus
967 1707 1031 1748 est
1069 1706 1110 1748 et
1148 1703 1199 1747 de
1237 1703 1363 1747 rebus
1403 1700 1651 1745 monasterii

75 1782 211 1826 nostri
248 1781 474 1826 honorifice
511 1786 775 1840 procuratus.
822 1782 929 1826 Erat
966 1785 1067 1826 tunc
1098 1782 1213 1825 domi
1243 1781 1484 1839 prepositus
1515 1779 1651 1822 maior

77 1860 303 1904 aecclesiae
332 1864 502 1904 nostrae
515 1858 537 1903 ¹.
585 1860 666 1912 Qui
704 1874 800 1904 cum
828 1864 1037 1916 satageret
1068 1860 1287 1904 sollicitius
1319 1859 1431 1902 circa
1460 1858 1651 1901 ministe-

75 1939 189 1982 rium
218 1938 352 1996 ipsius
385 1941 427 1981 et
458 1938 682 1995 aliquando
715 1952 811 1982 cum
834 1939 927 1996 ipso
950 1938 1213 1995 colloquendi
1233 1938 1371 1993 gratia
1391 1936 1649 1991 consederet,

76 2017 187 2061 inter
219 2016 303 2060 alia
333 2030 439 2073 quae
471 2017 719 2060 dicebantur
750 2017 878 2061 etiam
910 2017 961 2061 ab
994 2031 1041 2061 eo
1073 2017 1310 2060 sciscitatus
1340 2018 1416 2071 est,
1450 2028 1577 2071 quam
1598 2014 1650 2057 ob

77 2110 167 2139 rem
208 2095 496 2139 sanctuarium
530 2098 722 2138 nostrum
771 2095 999 2153 spoliatum
1038 2098 1149 2139 esset
1185 2094 1393 2138 thesauris
1434 2090 1546 2136 suis2
1583 2091 1652 2135 vel

79 2174 180 2231 quid
216 2173 413 2217 utilitatis
451 2176 713 2216 contractum
742 2174 871 2217 fuerit
902 2188 954 2217 ex
985 2174 1044 2217 eis
1077 2173 1276 2217 ecclesiae
1306 2171 1503 2215 nostrae?
1549 2171 1651 2214 Nou

80 2261 139 2296 est
167 2252 304 2308 inquit
334 2252 574 2309 prepositus
606 2253 832 2309 spoliatum
855 2254 1143 2295 sanctuarium
1163 2260 1352 2294 nostrum
1360 2267 1374 2301 ,·
1407 2252 1510 2307 quia
1532 2251 1649 2306 quie-

81 2332 185 2388 quid
221 2332 320 2374 inde
357 2339 569 2388 sumptum
600 2339 678 2383 est,
719 2332 765 2372 in
795 2331 1046 2373 utilitatibus
1078 2331 1270 2372 ecclesiae
1300 2337 1467 2371 nostrae
1498 2343 1649 2384 expeu-

79 2424 172 2452 sum
203 2418 272 2462 est,
313 2411 469 2467 quippe
501 2424 608 2466 quae
637 2411 684 2451 in
708 2409 1043 2465 possessionibus
1075 2410 1161 2451 suis
1186 2423 1269 2465 per
1298 2407 1486 2464 siuyulos
1519 2420 1651 2448 annos

79 2502 165 2530 non
196 2488 254 2530 ad
283 2489 421 2530 ‘minus
453 2502 581 2544 quam
612 2488 670 2529 ad
700 2495 860 2529 centum
889 2502 1056 2529 mansos
1081 2486 1287 2543 amipliata
1308 2494 1377 2528 est.
1426 2483 1531 2527 Cum
1551 2495 1651 2526 vero

80 2565 125 2608 in
157 2553 386 2608 crastinum
417 2565 600 2608 diluculo
632 2564 896 2622 profecturus
931 2567 1041 2607 esset
1069 2563 1183 2607 idem
1212 2563 1377 2618 legatus
1409 2561 1550 2604 domni
1575 2573 1652 2617 pa-

81 2656 173 2700 pae,
210 2642 334 2686 iussit
363 2643 593 2700 preposito,
626 2646 674 2685 ut
705 2642 851 2686 eodem
882 2655 1055 2699 vespere
1087 2655 1253 2684 omnem
1286 2638 1653 2695 congregationem

81 2721 127 2763 in
156 2735 287 2764 unum
317 2724 604 2777 congregaret,
639 2721 836 2778 quatinus
868 2720 922 2763 ad
951 2733 1028 2762 nos
1058 2733 1110 2762 ex
1130 2718 1328 2762 mandato
1351 2717 1494 2761 domni
1515 2730 1652 2774 papae

83 2811 318 2842 sermonem
348 2798 534 2843 haberet.
582 2799 669 2843 Iam
703 2798 807 2842 hora
838 2797 923 2841 diei
952 2797 1113 2841 tardior
1143 2799 1420 2854 processerat,
1451 2809 1530 2840 nec
1554 2808 1651 2839 con-

179 2885 205 2907 a.
233 2876 366 2916 paudere
390 2889 415 2907 c.

179 2935 212 2970 1.
238 2934 475 2971 Adelbertus.
547 2936 580 2970 2.
607 2934 801 2971 Wibaldus
827 2933 924 2969 enim
949 2933 1022 2979 „de
1053 2936 1132 2970 toto
1164 2933 1336 2970 thesauro
1370 2931 1548 2969 ecclesiae
1573 2931 1652 2978 regi

84 2992 198 3031 dato“
221 2997 417 3031 accusatus
440 2996 530 3031 erat.
569 2994 614 3032 V.
640 3004 697 3040 ep.
715 2993 762 3029 46
788 3003 898 3038 supra
921 3003 958 3039 p.
977 2992 1059 3029 124.

1290 3058 1368 3096 15³⁶

1669 530 1763 566 1148

1711 1391 1803 1427 1147

1675 1450 1701 1472 c.
1714 1441 1787 1471 Dec.
1800 1442 1838 1471 21
