1924 3288
121 277 214 315 1149

103 327 180 366 Aug.
193 328 232 359 15

256 168 344 212 312
761 176 961 209 wmALm
988 174 1209 207 nns'ronx
1239 174 1311 207 192.

374 272 482 318 Cum
509 272 769 317 venissemus
799 270 846 315 in
875 270 1079 329 oppidum
1107 269 1142 314 F
1143 269 1427 315 rankenvorth
1454 271 1501 315 in
1530 269 1816 329 assumptione

254 352 402 396 beatae
430 350 590 396 Mariae
629 350 682 393 ad
720 349 880 393 curiam
914 348 1051 393 incliti
1078 348 1397 406 triumphatoris
1425 346 1504 392 filii
1530 348 1662 393 vestri
1690 347 1817 403 0(οῃ-

253 429 362 484 radi)
401 427 658 473 serenissimi
686 426 971 471 Romanorum
1007 426 1140 482 regis,
1175 425 1418 481 Z(eizolfus)
1451 426 1690 485 prepositus
1721 425 1817 484 Spi-

254 507 390 552 rensis
419 505 530 550 filius
553 507 694 549 vester
724 503 938 561 querelam
969 518 1090 548 suam
1119 504 1328 561 exposuit,
1358 506 1553 561 presente
1570 502 1819 560 Moguntina

255 588 298 629 et
326 583 623 629 Wormatiensi
660 582 883 639 aecclesia,
922 582 1043 626 nobis
1081 595 1244 639 quoque
1275 581 1561 638 audientibus,
1599 585 1644 627 et
1670 581 1825 628 habuit

253 661 541 706 testimonium
572 660 624 704 ab
655 660 869 704 omnibus:
910 660 1042 717 quod,
1082 666 1198 703 cum·
1230 673 1256 703 a
1285 662 1427 703 vestra
1455 659 1679 704 sanctitate
1708 662 1820 705 esset

253 752 446 784 reversus
478 763 534 769 —
565 739 814 796 priusquam
849 738 1044 782 sudorem
1072 738 1167 782 viae
1197 737 1452 794 detergeret,
1488 737 1736 795 priusquam
1764 737 1820 782 ad

254 818 498 876 episcopum
527 813 904 861 Wormatiensem¹
942 819 984 860 et
1022 815 1078 859 ad
1114 815 1308 859 abbatem
1336 812 1666 860 Eberacensem²
1699 828 1820 860 man-

254 896 354 939 data
382 898 525 939 vestra
553 894 780 952 perferret,
817 893 967 951 quibus
997 893 1338 949 controversiam,
1370 907 1477 950 quae
1504 893 1551 937 in
1581 907 1678 938 eum
1704 895 1822 938 mota

255 976 359 1029 erat,
391 972 644 1016 audiendam
675 971 1118 1028 determinandamque
1148 970 1451 1015 commiseratis
1472 995 1527 1002 —
1550 971 1603 1015 ab
1623 971 1818 1030 episcopo

255 1046 467 1109 Spirensi³
500 1053 543 1094 et
573 1050 784 1094 canonicis
815 1050 904 1094 eius
934 1050 980 1093 in
1000 1049 1203 1093 iudicium
1224 1052 1341 1093 actus
1373 1051 1450 1105 est,
1483 1052 1525 1093 et
1544 1063 1622 1107 per
1644 1049 1821 1094 verbum

255 1132 426 1173 sanctae
456 1128 718 1172 obedientiae
747 1128 886 1171 iussus
918 1130 982 1171 est
1009 1126 1211 1171 fratribus
1239 1126 1415 1171 reddere
1444 1126 1557 1171 infra
1582 1126 1822 1184 quindecim

255 1207 419 1251 dierum
449 1206 652 1264 spacium,
685 1205 884 1263 quicquid
913 1205 965 1250 de
993 1204 1208 1263 prebenda
1235 1205 1425 1262 ipsorum
1454 1204 1515 1249 eis
1545 1204 1735 1249 defuerat
1754 1204 1821 1249 in-

255 1285 401 1341 terim,
441 1284 542 1328 dum
570 1298 717 1328 versus
748 1283 926 1328 Romam
961 1282 1312 1341 peregrinaretur.
1373 1282 1422 1326 In
1450 1282 1711 1340 perferendis
1739 1283 1821 1327 ita-

257 1376 336 1420 que
370 1362 582 1406 mandatis
612 1362 764 1406 vestris
795 1374 891 1405 cum
919 1361 1158 1418 predictum
1186 1363 1352 1418 tempus
1383 1359 1636 1418 effluxisset,
1674 1361 1820 1419 quinto

256 1440 418 1485 decimo
455 1440 628 1484 tandem
663 1440 731 1484 die
762 1440 874 1496 cepit
905 1439 1125 1496 episcopus
1155 1438 1392 1496 predictum
1420 1439 1682 1496 prepositum
1710 1438 1822 1494 Ζ(οἰ-

258 1517 430 1573 zolfum)
462 1518 514 1562 de
543 1517 828 1561 inobedientia
861 1517 1074 1572 incusare,
1105 1518 1149 1560 et
1179 1529 1305 1573 super
1333 1515 1413 1560 hoc
1442 1516 1686 1561 canonicam
1713 1530 1822 1575 pene

259 1596 511 1640 sententiam
547 1609 574 1639 a
611 1595 774 1639 clericis
810 1594 1037 1652 postulare.
1099 1593 1205 1638 Cum
1234 1607 1334 1638 vero
1363 1594 1552 1651 prefatus
1581 1595 1821 1652 prepositus

259 1674 473 1730 sensisset,
505 1687 550 1717 se
581 1686 607 1716 a
636 1672 847 1716 canonicis
877 1672 1020 1729 iniquo
1053 1671 1147 1715 odio
1175 1673 1422 1729 pregravari
1445 1675 1488 1716 et
1506 1673 1648 1717 omnia
1665 1672 1822 1718 aeccle-

259 1753 430 1797 siastica
458 1749 660 1796 beneficia
689 1749 771 1794 sibi
800 1752 942 1806 preter
971 1763 1133 1793 morem
1163 1752 1206 1793 et
1235 1750 1426 1794 ordinem
1456 1750 1700 1807 abiudicari,
1733 1764 1822 1796 1110-

258 1830 582 1888 tropolitanum,
618 1827 912 1884 Moguntinum
941 1827 1137 1871 videlicet
1166 1824 1562 1885 archiepiscopum⁴,
1601 1827 1822 1886 apellavit3

260 1911 304 1953 et
334 1909 395 1952 sic
425 1910 523 1952 ante
553 1907 696 1950 datam
717 1906 979 1962 sententiam,
1012 1919 1139 1962 quam
1159 1905 1423 1950 adversarius
1443 1906 1533 1950 eius
1554 1904 1823 1950 Gevehardus

260 1986 400 2044 prima
418 1998 521 2029 voce
539 1984 792 2042 proferebat,
814 1997 858 2028 se
880 1997 1037 2041 suaque
1056 1983 1102 2026 in
1117 1986 1302 2027 vestram
1321 1983 1497 2027 tutelam
1512 1983 1823 2041 commendans,

263 2064 315 2108 ab
347 2063 407 2107 eis
439 2062 582 2107 exivit.
623 2060 806 2105 Vocatus
835 2060 1046 2118 Spirensis
1077 2061 1297 2118 episcopus
1328 2075 1355 2105 a
1382 2061 1715 2119 metropolitano
1733 2072 1824 2118 suo,

262 2155 359 2186 cum
398 2139 560 2185 clericis
598 2139 685 2183 suis
715 2138 977 2195 Moguntiam
1011 2139 1147 2194 venit3
1185 2138 1259 2182 ubi
1297 2152 1393 2183 cum
1427 2139 1514 2183 iam
1551 2152 1650 2197 sepe
1687 2138 1824 2184 dictus

262 2218 506 2274 Z(eizolfus)
544 2217 782 2274 prepositus
818 2230 954 2273 neque
989 2216 1323 2260 misericordiam
1358 2230 1493 2274 neque
1528 2217 1730 2261 iudicium
1758 2217 1825 2261 in-

264 2297 408 2342 venire
438 2294 667 2354 potuisset,
707 2297 892 2339 vestram
921 2295 1178 2352 presentiam
1209 2293 1449 2352 appellavit.
1569 2293 1684 2339 Haec
1712 2297 1824 2351 sunt,

263 2378 386 2434 pater
414 2373 651 2429 karissime,
688 2386 767 2430 que
797 2373 1003 2416 veraciter
1033 2373 1268 2416 audivimus
1277 2369 1305 2428 ⁵,
1337 2374 1379 2416 et
1409 2385 1514 2428 quae
1543 2385 1621 2429 pro
1651 2385 1824 2431 oppres-

265 2454 384 2498 sione
415 2451 560 2496 fratris
589 2450 724 2495 nostri
752 2450 901 2508 pietati
931 2453 1095 2495 vestrae
1123 2451 1320 2494 intimare
1350 2449 1607 2506 curavimuS,
1647 2450 1825 2495 scientes

265 2530 413 2590 procul
442 2529 583 2586 dubio,
615 2528 726 2586 quod
754 2528 800 2572 in
830 2531 1055 2585 conspectu
1074 2531 1214 2572 vestro
1236 2526 1523 2572 misericordia
1542 2527 1827 2585 superexaltat

266 2609 488 2664 iudicium,
527 2610 570 2652 et
599 2605 711 2664 quod
745 2605 791 2649 in
827 2605 942 2650 nullo
981 2606 1131 2651 violari
1167 2619 1381 2651 sacrorum
1417 2617 1622 2649 canonum
1659 2605 1827 2658 decreta

266 2685 499 2745 patiamini.

363 2772 391 2794 ⁸.
417 2771 486 2794 cm
507 2774 566 2794 om.
581 2773 608 2793 σο

364 2822 398 2857 1.
430 2820 654 2857 Β11000110111.
770 2817 806 2854 2.
836 2816 1033 2854 Adamum.
1144 2819 1179 2855 3.
1210 2816 1413 2856 Gunthero.
1529 2816 1564 2852 4.
1597 2815 1822 2853 Heinrieum.

268 2881 304 2917 5.
328 2878 561 2917 Franoofarti
585 2888 711 2916 mense
733 2876 917 2924 Augusto.
