1924 3288
309 214 396 259 260
738 221 745 229 ·'
820 225 1017 256 wmALm
1045 224 1264 257 nmeronn
1294 224 1363 255 155.

193 324 284 360 1149
308 335 403 365 rum
441 321 550 365 sicut
580 323 758 376 quatuor
786 319 850 363 illi
879 320 1030 363 fratres
1062 318 1111 363 G.
1143 318 1185 364 S.
1214 320 1267 363 A.
1294 319 1382 375 W.,
1415 322 1559 363 sancto
1589 317 1866 363 eteatholieu

307 398 390 443 fine
428 398 696 452 decedentes,
736 397 827 454 spei
865 400 908 441 et
943 396 1120 441 fiduciae
1159 397 1304 455 plenos
1344 397 1395 440 ad
1428 396 1690 452 sequendum⁴
1705 405 1864 440 8οᾱ111118

308 478 652 533 provocaverunt,
683 475 744 517 ita
773 474 841 517 hic
872 478 1083 518 extremus
1107 475 1238 519 frater
1257 475 1323 530 E.‚
1352 475 1419 518 vir
1449 474 1617 530 quidem
1637 471 1864 530 castigatae

307 554 419 597 vitae
460 557 502 597 et
536 556 648 596 totus
685 553 732 595 in
768 551 860 606 lege
890 551 970 595 Dei
1001 553 1066 596 sui
1097 553 1164 596 die
1195 566 1245 596 ac
1274 556 1416 607 nocte,
1458 552 1503 594 in
1533 552 1725 608 quadam·
1742 554 1864 609 parte

308 631 445 674 minus
477 633 637 685 cautus,
670 643 744 673 suo
774 630 1001 687 improviso
1032 631 1214 673 transitu
1243 644 1319 673 nos
1350 643 1435 672 non
1466 628 1621 685 absque
1640 628 1865 697 gravis'oq·

306 707 506 751 fendiculi
535 706 729 764 scrupulo
760 707 1036 751 conturbavit.
1099 707 1335 764 Siquidem,
1366 710 1414 749 ut
1443 706 1598 762 nostis,
1629 706 1863 764 portionem

307 785 516 841 quandam
548 785 936 828 amministrationis
968 785 1007 829 ei
1036 785 1392 838 commiseramUS,
1429 783 1480 827 de
1511 797 1593 839 qua
1620 769 1865 828 monasterii

305 863 632 920 prestationibus
664 863 821 906 servire
851 862 1033 919 deberet,
1064 863 1110 906 in
1140 876 1222 919 qua
1250 861 1488 905 tenacitatis
1519 860 1643 918 culpa
1669 860 1862 905 seductus
1903 908 1914 918 ,

306 943 382 996 est,
413 945 461 984 ut
490 940 613 998 plura
641 940 908 996 relinqueret,
941 954 1065 997 quam
1096 940 1185 984 eius
1215 939 1341 983 saluti
1361 938 1590 995 expediret.
1628 927 1694 982 De
1708 938 1862 995 ‘quibus

305 1019 498 1062 omnibus
527 1018 646 1062 vobis
681 1018 727 1061 in
757 1031 975 1062 commune
1005 1017 1240 1061 mandando
1271 1016 1548 1074 precipimus,
1585 1029 1640 1060 ne
1668 1015 1762 1073 quis
1791 1029 1862 1059 ve-

305 1099 439 1140 strum
475 1110 545 1140 eas
575 1099 776 1151 tanquam
806 1096 998 1153 proprias
1029 1109 1103 1139 seu
1133 1108 1374 1138 communes
1404 1094 1472 1138 vel
1502 1093 1622 1150 quasi
1651 1106 1704 1137 ex
1731 1094 1862 1137 108111-

305 1177 445 1217 mento
477 1173 686 1228 delegatas
707 1173 928 1217 vendicare
947 1176 1184 1230 presumat3
1217 1175 1282 1216 set
1311 1171 1428 1215 salva
1458 1174 1501 1215 et
1528 1171 1695 1226 integra.
1721 1171 1864 1214 omnm

305 1251 358 1295 ad
388 1254 537 1295 nutum
568 1251 714 1295 decani
744 1254 974 1307 serventur,
1007 1251 1150 1306 donec,
1171 1250 1289 1294 vobis
1310 1250 1453 1293 divina
1475 1248 1863 1306 opitulante-grossu

303 1328 613 1386 presentialiter
642 1328 810 1384 redditi,
842 1329 942 1385 quid
973 1329 1024 1372 de
1053 1328 1119 1371 his
1152 1327 1359 1382 agendum
1389 1327 1457 1382 sit,
1489 1326 1666 1370 sollicite
1685 1338 1772 1370 una
1788 1339 1862 1369 vo-

303 1406 465 1450 biscum
494 1406 767 1463 inquiramus.
809 1406 1065 1449 Recordetur
1091 1405 1270 1449 eruditio
1291 1408 1432 1448 vestra
1452 1404 1503 1447 de
1522 1403 1655 1461 preda
1673 1402 1862 1449 Ihm-idm

304 1484 559 1527 anathemati
590 1487 632 1527 et
659 1484 826 1539 ignibus
858 1484 1008 1527 devota
1028 1486 1070 1526 et
1089 1483 1140 1526 de
1160 1482 1346 1539 periculo
1366 1481 1520 1537 Achar,
1553 1481 1624 1538 qui
1643 1481 1697 1525 de
1713 1480 1861 1525 eodem

304 1561 568 1605 anathemate
603 1561 750 1605 furtim
787 1561 986 1605 subduxit
998 1558 1020 1616 ¹,
1060 1574 1145 1603 non
1181 1573 1262 1616 quo
1301 1562 1492 1603 creatura
1522 1558 1603 1602 Dei
1630 1559 1863 1603 inanimata

304 1642 346 1683 et
380 1633 638 1683 insensibilis
675 1642 717 1682 et
747 1639 800 1682 ad
828 1653 951 1683 usum
981 1638 1162 1682 hominis
1192 1637 1386 1680 instituta
1414 1637 1624 1693 premium
1651 1639 1862 1680 meream

304 1716 370 1760 vel
405 1731 606 1774 poenam,
645 1720 709 1760 set
747 1730 826 1772 quo
865 1729 1010 1760 earum
1050 1715 1212 1759 excidio
1250 1714 1466 1757 hominum
1496 1714 1552 1757 sit
1579 1714 1863 1765 inobedientia

303 1795 554 1838 vindicanda
582 1798 624 1838 et
655 1794 838 1838 avaricia
867 1793 1108 1837 cohibenda.

421 1872 578 1916 Rumor
615 1872 666 1916 de
695 1872 815 1915 nobis
846 1885 981 1928 nuper
1011 1873 1226 1927 acceptus,
1265 1869 1337 1926 qui
1366 1882 1440 1912 vos
1472 1869 1524 1913 de
1554 1868 1688 1912 salute
1717 1871 1862 1913 nostra

304 1950 503 1994 sollicitos
549 1950 832 2005 conturbavit,
879 1963 932 1992 ex
969 1952 1090 2006 parte
1126 1961 1250 1991 verus
1288 1950 1352 1990 est
1390 1950 1434 1990 01
1470 1960 1521 1990 ex
1559 1949 1680 2004 parte
1714 1945 1858 1990 falsus.

303 2028 468 2072 Damno
500 2028 612 2072 enim
642 2027 854 2083 aliquanto
887 2030 928 2070 et
953 2026 1115 2081 ingenti
1133 2025 1290 2068 iniuria
1309 2023 1447 2067 affecti
1466 2037 1622 2079 sumus,
1653 2023 1743 2067 Deo
1760 2035 1860 2081 pro-

302 2106 413 2162 picio
436 2119 577 2150 rerum
597 2105 875 2148 humanarum
894 2105 1029 2147 vicem
1049 2103 1318 2160 dispensante
1339 2106 1380 2146 et
1398 2106 1605 2145 tumorem
1626 2101 1859 2158 superbiae,

303 2183 375 2240 qui
405 2184 457 2227 de
486 2197 708 2226 munerum
739 2196 909 2226 suorum
938 2180 1123 2224 mirabili
1152 2180 1373 2224 collatione
1402 2180 1518 2223 nasci
1547 2182 1727 2236 poterat,
1756 2190 1859 2235 qua-³

303 2261 400 2304 dam
420 2261 662 2305 interiectae
683 2260 974 2304 amaritudinis
994 2258 1273 2316 temperantia
1291 2257 1558 2314 reprimente,
1589 2259 1637 2300 ut
1655 2255 1860 2300 veraciter

302 2338 407 2382 iUud
437 2339 588 2382 cantici
618 2338 897 2382 canticorum·
928 2337 1066 2381 dicere
1088 2336 1320 2393 possimus:
1352 2335 1597 2378 Fasciculus
1616 2336 1772 2377 mim-ae
1790 2335 1857 2377 di-

303 2417 426 2460 lectus
462 2432 575 2460 meus
609 2417 716 2459 mihi
722 2413 749 2458 ².
810 2415 967 2459 Verum
999 2414 1109 2470 quod
1139 2414 1165 2457 a
1192 2412 1337 2470 paucis
1366 2411 1597 2455 latronibus
1627 2410 1858 2468 desperatis

302 2493 570 2538 commissum
600 2489 699 2549 est⁸,
729 2496 845 2536 tanto
876 2491 1105 2535 ulciscendi
1134 2491 1272 2535 studio
1303 2490 1328 2533 a
1357 2489 1505 2533 ceteris
1535 2489 1748 2544 omnibus,
1780 2488 1859 2545 qui

301 2570 426 2615 fidem
456 2585 577 2615 suam
607 2574 651 2615 et
679 2570 943 2614 devotionem
963 2583 1130 2614 servare
1151 2567 1401 2621 desiderant,
1433 2566 1640 2623 expiatur,
1670 2568 1720 2610 ut
1737 2564 1859 2610 valdo

302 2649 487 2693 divinam
508 2648 708 2692 offensam
728 2647 1059 2702 reformidemus,
1090 2646 1251 2689 nullum
1277 2643 1445 2688 interim
1469 2643 1638 2687 honoris
1660 2642 1729 2687 vel
1747 2642 1858 2687 salu-

302 2727 357 2770 tis
378 2726 611 2784 periculum
635 2726 900 2770 sustinentes.
932 2724 1086 2768 Potens
1109 2727 1248 2767 autem
1272 2725 1336 2766 est
1355 2721 1483 2776 Deus,
1508 2722 1559 2765 de
1580 2722 1645 2765 his
1665 2720 1857 2765 omnibus

302 2818 377 2849 nos
408 2804 635 2849 clementer
665 2803 825 2860 eripere
857 2805 899 2846 et
928 2802 981 2845 ad
1012 2815 1085 2845 vos
1120 2805 1309 2858 tempore
1338 2803 1507 2856 accepto
1537 2799 1747 2843 reducere.

398 2903 424 2924 a.
455 2894 638 2924 canticorum
659 2893 844 2923 canticorum
866 2904 891 2921 c.

396 2952 429 2987 1.
455 2951 510 2989 Of.
528 2951 634 2988 Iosue
652 2951 683 2995 7,
703 2952 733 2987 1.
799 2951 832 2986 2.
860 2950 964 2986 Cant.
986 2950 1014 2991 1,
1034 2949 1091 2984 12.
1156 2948 1190 2983 3.
1221 2947 1308 2983 1148
1326 2946 1413 2982 Dec.
1427 2946 1485 2982 29.
1504 2946 1549 2983 V.
1563 2956 1621 2991 ep.
1639 2945 1707 2990 149
1722 2955 1759 2991 p.
1773 2945 1854 2986 230.
