1924 3288
147 292 236 329 1157

102 343 177 381 Aug.
192 342 275 382 sept.

297 183 385 226 602
743 195 942 226 wmALDI
970 195 1218 228 nmsromn
1245 195 1317 227 470.
1341 195 1413 227 471.

295 286 408 334 Dux'
433 290 575 347 itaque
611 290 809 334 Poloniae
822 287 832 307 ¹
869 303 965 334 cum
1004 293 1137 335 totam
1174 295 1331 335 terram
1371 294 1413 335 et
1450 291 1651 350 populum
1687 292 1714 336 ά
1740 283 1856 348 faeie

295 382 446 412 manus
475 372 645 412 nostrae
672 368 904 425 periclitari
923 369 1097 425 videret,
1126 369 1339 427 principes
1358 373 1524 413 nostros
1545 372 1636 415 tum
1655 360 1857 428 perimit·-

297 446 383 490 cios
423 460 520 490 suos
557 449 649 489 tum
685 446 731 489 in
760 460 941 504 persona
970 447 1142 505 propria
1172 447 1437 503 aggrediens,
1474 447 1619 492 multis
1647 447 1856 505 precibus,
1884 479 1885 482 =

296 524 441 568 multis
471 524 657 567 lacrimis
677 524 750 567 vix
780 525 951 568 tandem
981 525 1237 582 impetravit,
1268 528 1316 567 ut
1346 525 1422 569 sub
1442 525 1542 581 iuga
1561 519 1856 570 dominationis

295 605 439 645 nostre
470 602 607 645 redire
640 605 681 645 et
711 602 890 657 gratiam
919 606 1104 646 nostram
1137 615 1385 659 recuperare
1408 607 1652 647 mereretur.
1682 603 1742 663 ‚In
1761 617 1857 668 pre-

297 679 407 723 dicto
430 680 571 735 itaque
593 680 837 737 episcopatu
855 678 1040 736 Poznan,
1071 681 1116 724 in
1136 681 1370 724 territorio·
1392 670 1639 736 Grisgowe¹,
1670 665 1856 738 prefatus

296 757 382 800 dux
410 756 622 801 Bolizlaus
630 757 660 813 ⁶,
692 758 868 815 pedibus
898 758 1129 802 maiestatis
1159 762 1301 802 nostre
1330 758 1589 815 provolutus,
1618 758 1858 803 interventu

295 835 535 892 principum
568 835 648 879 hoc
677 828 822 879 ordine
852 836 897 879 in
927 836 1106 891 gratiam
1135 840 1324 880 nostram
1355 838 1420 880 est
1447 839 1652 894 receptus.
1713 828 1856 881 Primo

294 913 452 957 iuravit
489 926 567 970 pro
599 927 644 957 se
675 916 718 957 et
745 927 824 970 pro
855 913 1046 958 omnibus
1075 913 1267 970 Polonis‚
1307 914 1419 971 quod
1447 914 1579 958 frater
1607 911 1732 958 suus⁸
1759 914 1858 959 'exul

297 991 351 1034 ad
394 991 669 1046 ignominiam
706 990 884 1035 Romani
928 991 1097 1048 imperii
1131 1005 1216 1035 non
1253 992 1381 1035 fuerit
1418 992 1630 1049 expulsus.
1694 991 1858 1037 Deinde

295 1069 509 1127 pollicitus
549 1072 612 1113 est
649 1068 751 1113 dare
789 1069 871 1112 duo
907 1069 1027 1113 milia
1061 1082 1299 1113 marcarum
1335 1070 1476 1126 nobis,
1518 1073 1560 1114 et
1597 1069 1858 1128 prinpribus

294 1146 434 1203 mille,
473 1150 516 1191 et
552 1147 674 1190 uxori
710 1150 880 1190 nostrae
909 1147 1061 1203 viginti
1097 1161 1261 1191 marcas
1293 1148 1408 1204 auri,
1449 1151 1491 1192 et
1520 1148 1660 1192 curiae
1688 1142 1858 1192 nestrae

297 1225 496 1270 ducentas
525 1237 690 1269 marcas
720 1225 897 1281 argenti,
927 1238 1005 1282 pro
1030 1237 1080 1269 ea
1099 1225 1365 1281 negligentia,
1398 1226 1509 1282 quod
1529 1226 1584 1269 ad
1602 1226 1763 1270 curiam
1780 1236 1857 1270 no-

292 1305 428 1347 stram
458 1315 544 1346 non
562 1305 737 1347 venerat
763 1315 842 1347 nec
872 1302 924 1346 de
943 1306 1058 1346 terra
1077 1303 1263 1347 debitam
1282 1303 1403 1347 nobis
1423 1303 1580 1347 fecerat
1597 1301 1854 1348 fidelitatem.

295 1380 456 1425 Iuravit
485 1394 648 1437 quoque
674 1380 985 1438 expeditionem
1004 1380 1223 1424 Ytalicam.
1272 1381 1434 1425 Deinde
1463 1381 1632 1437 iuravit,
1663 1376 1775 1439 quod
1803 1375 1858 1426 ad

295 1459 456 1502 curiam
484 1461 674 1502 nostram
704 1457 991 1514 Magdeburgh
1020 1460 1066 1502 in
1095 1458 1228 1503 natali
1247 1456 1441 1502 Domini‘
1469 1459 1762 1504 celebrandam
1785 1473 1857 1504 ve-

293 1537 388 1580 nire
419 1535 582 1592 debeat,
614 1549 740 1593 super
761 1536 1022 1592 querimonia
1040 1537 1184 1580 fratris
1206 1537 1271 1580 sui
1290 1537 1455 1594 expulsi
1475 1537 1663 1594 plenarie
1680 1535 1856 1594 respon-

297 1627 432 1658 surus.
483 1613 648 1671 Sicque,
678 1614 819 1657 iurata
837 1614 958 1657 nobis
981 1613 1196 1670 fidelitate,
1229 1618 1270 1658 et
1299 1614 1352 1658 de
1382 1615 1632 1672 supradictis
1664 1614 1856 1659 omnibus

295 1691 475 1736 fideliter
512 1691 729 1749 explendis
768 1692 950 1749 acceptis
990 1692 1202 1736 obsidibus
1240 1691 1458 1736 Cazimero
1492 1693 1622 1737 fratre
1659 1692 1775 1736 ducis
1808 1695 1858 1736 et

297 1769 391 1814 aliis
421 1770 644 1826 nobilibus,
675 1770 853 1826 gloriose
884 1770 973 1814 Deo
1005 1770 1108 1814 duce
1137 1770 1400 1814 revertimur.

415 1847 658 1904 Caeterum,
705 1848 804 1904 quia
841 1849 888 1891 in
926 1847 1135 1904 legatione
1172 1847 1400 1892 Grecorum
1435 1848 1702 1905 prudentiam
1738 1850 1857 1892 tuam

295 1925 417 1970 nobis
448 1925 594 1970 adesse
625 1926 923 1982 desideramus,
954 1925 1192 1969 mandando
1220 1939 1418 1981 rogamus
1442 1925 1706 1970 dilectionem
1723 1928 1855 1981 tuam,

296 2004 493 2061 quatinus
530 2004 576 2047 in
605 2004 752 2060 vigilia
783 2003 917 2048 sancti
947 2001 1186 2048 Michaelis⁸
1216 2002 1460 2048 Wirzeburc
1489 2003 1610 2048 nobis
1639 2014 1856 2048 occurrere

294 2082 480 2126 festines.

298 2224 418 2271 471.
444 2226 584 2268 Notae
613 2224 987 2268 Halberstadmes.
1642 2190 1715 2278 (lli.
1735 2223 1854 2279 419.)

417 2309 672 2370 Imperator⁶
693 2312 871 2356 Karolus
890 2313 1157 2370 parrochiam
1177 2313 1571 2358 Halberstadensem
1589 2313 1716 2357 certis
1731 2313 1856 2357 undi-

299 2406 380 2450 que
417 2390 746 2447 circumscripsit
781 2391 973 2434 terminis
1011 2404 1169 2447 suoque
1199 2390 1407 2447 augustali
1436 2390 1613 2448 imperio
1643 2394 1687 2434 et
1714 2391 1855 2449 inpre-

294 2469 539 2515 varicabili·
568 2468 789 2526 privilegio
819 2467 1004 2512 firmavit
1035 2469 1133 2513 804.
1163 2468 1260 2512 Idus
1290 2468 1401 2526 May,
1433 2468 1659 2512 indictione
1692 2470 1760 2524 10,
1790 2468 1855 2513 sui

298 2551 439 2592 autem
468 2546 588 2602 regni
608 2547 679 2602 34,
710 2546 877 2603 imperii
897 2560 995 2590 vero
1025 2547 1170 2602 tercio,
1202 2547 1476 2590 ordinationis
1496 2545 1744 2601 Hildegrimi
1767 2546 1854 2603 epi·-

393 2658 420 2679 a.
447 2647 659 2679 territoritorio
681 2659 707 2677 c.
789 2646 819 2676 b.
841 2646 980 2678 Bolizaus
1002 2659 1027 2678 c.
1111 2657 1136 2678 c.
1156 2647 1396 2687 inprevalicabili
1417 2659 1442 2678 c.

394 2708 426 2743 1.
452 2706 640 2742 Boleslaus
663 2705 726 2742 1v.
811 2706 845 2740 2.
871 2705 1131 2752 Krzyszkowo,
1157 2715 1180 2741 a
1198 2705 1380 2741 Posnania
1402 2705 1496 2750 inter
1518 2704 1793 2750 septemtriones
1816 2707 1855 2740 et

298 2765 535 2803 occidentem.
629 2765 663 2801 3.
690 2763 909 2802 wladislaus
932 2765 967 2800 Π
991 2765 1077 2800 dux.
1171 2764 1206 2800 4.
1232 2765 1278 2800 25
1300 2764 1391 2800 Dec.
1417 2764 1520 2801 1157.
1615 2763 1649 2799 5.
1682 2763 1728 2800 28
1752 2762 1852 2810 Sept.

298 2827 332 2862 6.
366 2826 618 2872 Imperator
643 2845 687 2850 —
712 2824 954 2860 nominato.
992 2824 1130 2860 Eadem
1163 2822 1239 2860 fere
1269 2824 1439 2869 leguntur
1462 2834 1519 2868 ap.
1536 2820 1764 2858 Annalistam
1789 2820 1853 2858 Sa-

297 2894 441 2931 xonem,
459 2884 529 2921 803
547 2884 586 2920 in
601 2884 697 2921 Mon.
714 2882 835 2920 Germ.
855 2882 995 2920 SS.V1.
1013 2884 1083 2919 565
1099 2883 1188 2919 etin
1205 2882 1336 2920 Chron.
1353 2881 1638 2918 Halberstatensi
1650 2881 1707 2918 ed.
1721 2879 1853 2918 Schatz

297 2945 469 2991 p.2—-3.
