1924 3288
302 201 388 247 292
805 215 1001 247 wmALm
1029 214 1248 248 EmsroLA
1278 216 1348 247 172.

184 315 277 351 1149
302 313 344 353 01
373 323 418 353 80
446 309 586 367 ipsum
617 309 836 366 dilanians,
868 310 1004 354 dicere
1026 311 1194 369 incepit.
1242 312 1376 356 Huius
1398 312 1527 368 igitur
1546 311 1758 371 desperati
1774 311 1849 358 ho—

300 387 440 443 minis,
472 391 514 431 et
544 391 639 431 ante
671 387 802 432 altare
822 388 935 432 beati
954 388 1139 434 Remacli
1157 394 1331 447 propter
1351 389 1594 434 aecclesiam
1612 390 1851 435 violandam

300 478 345 508 se
376 465 560 509 occidere
583 466 873 523 attemptantis
892 466 1211 524 incendiumque
1231 468 1484 511 monasterio
1507 467 1756 524 minitantis,
1785 467 1850 512 in-

300 543 460 586 saniam
490 556 576 586 non
603 543 798 599 ferentes,
833 544 984 588 fratres
1014 546 1149 589 nostri
1177 559 1267 601 nos,
1300 546 1372 602 qui
1401 545 1501 589 data
1528 545 1735 589 sententia
1753 558 1853 590 con·-

299 623 470 664 ventum
501 621 746 676 exieramus,
783 621 988 677 adierunt,
1019 626 1208 666 nostrum
1239 637 1365 680 super
1394 626 1482 666 tam
1512 622 1748 667 detestabili
1776 623 1852 667 hm-

298 698 411 741 mine
441 698 660 742 consilium
689 712 774 742 non
804 699 893 743 sine
915 699 1055 744 dolore
1086 704 1129 744 et
1147 701 1333 744 lacrimis
1355 699 1604 756 flagitantes.
1649 701 1751 757 Nos,
1781 714 1850 745 ca-

297 778 415 832 ptato
445 789 541 819 cum
563 776 773 834 prioribus
795 777 950 820 nostris
974 777 1161 833 consilio,
1191 778 1301 821 facto
1324 777 1491 822 tabulae
1515 775 1678 822 80111111ι
1696 778 1851 836 quippe

296 853 383 896 iam
419 854 549 898 missa
584 854 719 897 maior
753 857 921 898 cantata
950 858 1058 910 erat,
1098 855 1326 912 capitulum
1355 856 1617 900 intravimus.
1663 855 1851 908 Quesiviu

296 944 389 974 mus
421 931 473 975 ab
504 945 566 987 eo,
597 935 738 975 utrum
767 935 864 989 post
892 932 1130 976 rebellionis
1161 933 1250 976 eius
1282 936 1496 990 acceptam
1525 934 1724 978 iniuriam
1753 933 1850 978 obe-

297 1007 414 1052 diens
451 1008 572 1053 nobis
603 1012 644 1053 et
673 1012 840 1053 sanctae
869 1009 1037 1065 regulae
1068 1010 1194 1054 vellet
1223 1024 1326 1054 esse.
1380 1010 1485 1054 Cum
1514 1011 1766 1068 persisteret
1779 1011 1850 1055 di-

295 1086 439 1142 cend0,
471 1100 516 1130 se
544 1100 767 1144 personam
797 1101 917 1130 suam
947 1087 1053 1131 velle
1083 1088 1218 1131 modis
1249 1088 1439 1132 omnibus
1464 1089 1490 1132 a
1510 1089 1630 1132 nobis
1651 1088 1849 1145 alienare,

295 1177 371 1206 nos
402 1164 442 1207 ei
471 1165 683 1222 optionem
706 1165 1013 1222 proposuimuS,
1043 1169 1092 1209 ut
1112 1170 1184 1210 aut
1203 1166 1322 1209 iuxta
1340 1165 1637 1210 monachorum
1655 1167 1850 1211 instituta

294 1241 414 1285 nobis
445 1241 632 1286 obediret
661 1246 747 1298 aut,
778 1243 966 1300 deposito
997 1242 1211 1299 religionis
1242 1244 1401 1300 habitu,
1434 1244 1459 1287 a
1482 1244 1603 1288 nobis
1624 1247 1667 1288 et
1686 1258 1712 1288 a
1729 1256 1849 1288 mon-

295 1319 448 1363 asterio
479 1333 568 1376 suo,
598 1334 813 1377 nunquam
842 1334 1099 1377 reversuruS,
1130 1322 1353 1366 recederet.
1399 1321 1458 1365 Et
1485 1322 1564 1366 hoc
1594 1322 1762 1379 quidem
1787 1321 1851 1366 fea

293 1396 426 1440 cimus
464 1397 692 1441 secundum
729 1398 928 1442 duritiam
966 1399 1102 1442 cordis
1141 1399 1251 1455 eius,
1288 1403 1542 1455 metuentes,
1579 1413 1634 1444 ne
1665 1400 1774 1444 forte
1792 1399 1849 1444 111

293 1474 546 1531 profundum
577 1476 879 1533 desperationis
911 1479 953 1520 et
981 1476 1027 1519 in
1057 1490 1157 1520 suae
1186 1477 1300 1521 necis
1324 1478 1559 1535 appetitum
1577 1481 1847 1534 mergeretur,

293 1552 516 1609 malentes,
554 1567 649 1597 eum
685 1557 894 1610 utcunque
923 1554 1063 1598 vivere
1101 1568 1225 1611 quam
1255 1555 1387 1598 vitam
1422 1556 1674 1613 inpenitenti
1708 1556 1848 1600 animo

291 1628 425 1674 finire.
487 1631 581 1688 Ipse
610 1645 731 1687 vero,
770 1631 900 1675 nichil
937 1635 1152 1676 cunctatus
1192 1635 1256 1676 set
1293 1633 1413 1689 quasi
1450 1634 1655 1690 gaudens,
1693 1634 1847 1691 quippe

293 1720 417 1763 quem
453 1722 633 1765 nequam
671 1709 844 1766 spiritus
881 1709 967 1752 iam
996 1713 1135 1754 mente
1164 1711 1395 1767 invaserat,
1435 1711 1594 1755 abiecto
1623 1709 1848 1755 monachili

292 1784 451 1842 habitu,
481 1786 639 1843 hylaris
671 1790 713 1830 et
741 1787 883 1830 ridens
915 1787 1058 1843 exivit,
1089 1801 1184 1831 cum
1213 1802 1290 1832 nos
1319 1788 1364 1832 in
1386 1789 1569 1832 maximo
1589 1801 1751 1833 merore
1769 1801 1846 1846 pro

292 1863 425 1920 ipsius
462 1864 626 1908 animae
662 1865 836 1909 interitu
874 1865 1116 1909 dimitteret.
1177 1866 1235 1910 Et
1269 1880 1346 1910 nos
1385 1867 1573 1923 quidem,
1611 1867 1664 1911 de
1691 1866 1847 1910 nostris

292 1942 474 1998 peccatis
511 1943 620 1985 iram
649 1942 731 1986 Dei
759 1943 989 2000 plurimum
1018 1947 1251 1988 metuentes
1282 1948 1325 1988 et
1353 1944 1482 1988 nichil
1510 1945 1555 1988 in
1584 1944 1663 1988 hoc
1691 1943 1847 1988 mundo

292 2022 449 2063 temere
483 2020 737 2077 iudicantes,
774 2022 845 2078 pio
880 2024 1022 2065 tamen
1053 2024 1094 2065 et
1124 2021 1326 2066 catholico
1357 2035 1482 2066 sensu
1510 2035 1587 2066 nos
1616 2021 1847 2078 intelligere

292 2097 513 2153 credimus,
546 2098 656 2155 quod
686 2098 738 2143 ob
768 2098 1085 2156 blasphemiam,
1117 2112 1243 2156 quam
1272 2100 1316 2142 in
1346 2099 1483 2143 Deum
1503 2113 1668 2158 semper
1686 2099 1845 2155 habuit,

293 2181 335 2219 et
364 2175 416 2219 ob
446 2175 670 2219 invidiam¹¹
691 2179 734 2220 et
752 2175 1000 2220 maledictab
1023 2180 1147 2234 atque
1168 2176 1334 2234 probra,
1367 2176 1516 2233 quibus
1537 2177 1846 2222 sanctissimum

291 2253 571 2297 confessorem
601 2253 758 2297 Christi
799 2256 924 2310 atque
962 2253 1200 2312 pontificem
1229 2253 1470 2298 Remaclum
1506 2255 1734 2300 insectatus
1767 2258 1844 2311 est,

292 2333 334 2374 et
363 2334 536 2388 propter
564 2331 798 2376 fraternum
829 2333 971 2377 odium
1001 2336 1044 2377 et
1073 2332 1235 2376 semina
1256 2333 1454 2389 scandali,
1486 2346 1592 2390 quae
1611 2333 1742 2377 inter·
1763 2332 1845 2376 duo

290 2408 401 2464 loca,
444 2408 667 2453 Stabulaus
697 2410 892 2454 videlicet
931 2414 972 2455 et
1009 2410 1381 2466 Malmundarium,
1422 2410 1624 2466 singulari
1659 2410 1845 2455 caritatis

291 2486 450 2542 glutino
482 2488 717 2543 coniuncta,
748 2502 945 2545 spargere
974 2502 1058 2532 non
1089 2488 1279 2544 cessavit,
1309 2488 1354 2532 in
1384 2488 1492 2532 hanc
1521 2489 1672 2533 mentis
1694 2489 1845 2533 cecita-

290 2567 376 2608 tem
407 2567 450 2608 et
469 2565 726 2622 pertinaciae
752 2565 947 2622 laqueum
968 2566 1188 2623 prolapsus
1210 2569 1291 2620 est3
1322 2565 1431 2610 810111
1451 2567 1502 2610 de
1523 2566 1625 2610 Iuda
1642 2566 1845 2610 traditore

290 2641 482 2698 legimus,
500 2643 585 2699 qui,
604 2646 702 2700 post
720 2644 937 2688 venditum
951 2643 1180 2688 Dominum
1201 2643 1357 2699 abiens,
1377 2642 1526 2700 laqueo
1547 2658 1592 2688 80
1612 2643 1841 2702 suspendit.

290 2719 354 2764 De
371 2717 452 2776 q'uo
472 2721 737 2765 universitati
756 2724 920 2766 vestrae
940 2722 1188 2766 mandamus
1208 2721 1313 2766 etin
1333 2721 1487 2765 virtute
1508 2722 1642 2766 sancti
1662 2721 1843 2779 Spiritus

387 2854 414 2875 a.
435 2845 579 2876 invidiam
600 2848 630 2876 in
651 2846 744 2877 litum
765 2857 871 2878 manus
890 2848 1038 2886 posterior
1059 2848 1188 2887 scrifm‘e.
1270 2845 1300 2877 b.
1322 2845 1463 2877 maledita
1485 2847 1552 2878 cod.
1635 2855 1661 2877 c.
1683 2846 1762 2877 inter
1782 2845 1843 2876 duo

291 2895 358 2928 loca
378 2899 406 2928 ίιι
429 2899 520 2929 litura
542 2910 632 2929 manu
653 2901 729 2930 alia.

389 2963 420 2996 1.
446 2962 468 2997 i.
486 2973 518 2998 e.
544 2961 670 2999 tabula
694 2962 824 3000 malleo
848 2963 1004 3008 pulsata.
