1924 3288
585 186 784 219 wmALm
813 186 1033 220 nP1s'r0LA
1063 186 1135 219 406.
1559 176 1647 221 545

82 280 217 325 nostri
245 279 279 324 F
282 280 499 338 olcquinus
530 286 572 326 et
591 281 871 345 Widekindus-
896 296 972 327 nos
1005 287 1047 327 et
1078 282 1323 327 aecclesiam
1353 281 1648 328 Corbeiensem

81 357 313 403 invaserint
351 363 394 403 et
429 364 586 416 quanta
621 361 883 418 turpitudine
913 361 1116 418 oppidum
1147 363 1190 404 et
1219 360 1451 418 oppidanos
1481 365 1647 405 nostros

83 435 299 481 affecerint
343 442 581 494 quantaque
626 439 864 483 temeritate
909 438 1154 483 aecclesiam
1199 442 1241 483 et
1276 438 1368 482 loca
1405 443 1648 483 consecrata

81 513 351 571 violaverint,
390 515 491 559 dum
527 515 716 560 homines
754 520 942 572 nostros,
982 517 1036 560 ad
1072 516 1317 561 aecclesiam
1347 520 1563 574 tamquam
1595 517 1648 560 ad

81 592 294 648 singulare
323 593 533 649 refugium
562 594 862 650 confugientes,
894 595 940 638 in
970 608 1099 638 manu
1120 598 1282 638 armata
1303 609 1329 639 a
1349 595 1479 639 sacris
1502 595 1647 649 edibus

82 670 379 726 abstraxerint,
411 675 453 715 et
484 675 625 727 preter
655 685 919 716 communem
949 673 1125 730 predam
1156 674 1298 716 variae
1329 672 1646 730 suppellectilis,

81 762 189 805 quae
207 748 377 793 difficile
406 749 629 806 supputari
648 753 801 807 potest,
834 751 887 794 ad
908 750 1182 794 exsolvendas
1207 765 1285 808 pro
1307 751 1442 795 salute
1462 765 1539 794 sua
1559 752 1646 794 253

79 833 267 870 marcas⁶
296 827 472 871 miseros
504 827 581 871 sub
611 828 797 885 periculo
828 829 1086 886 captivitatis
1108 833 1150 873 et
1169 829 1318 872 mortis
1340 828 1645 886 compulerunt.

81 903 189 956 Quia
211 918 310 949 vero
340 905 416 949 has
447 905 700 962 multiplices
731 907 906 951 iniurias
938 910 981 951 et
1010 921 1159 963 graves
1192 907 1349 951 diutius
1382 906 1649 950 dissimulare

81 995 167 1026 non
194 996 437 1040 possumus,
474 984 768 1040 conquerimur
796 985 915 1029 vobis
945 986 1057 1029 inter
1088 985 1171 1029 alia
1200 986 1258 1041 id,
1290 985 1401 1041 quod
1432 985 1650 1041 episcopa-

19 1076 22 1077 ’
81 1059 165 1104 10111
182 1061 356 1118 respicit
375 1061 714 1117 vindicationem,
736 1076 880 1107 sacrae
901 1063 1094 1107 videlicet
1114 1063 1340 1107 aecclesiae
1364 1062 1647 1106 violationem.

80 1138 139 1183 Et
166 1142 216 1182 ut
244 1139 365 1183 nobis
385 1143 474 1182 tam
494 1140 545 1183 de
568 1140 780 1195 cognatisb
813 1154 939 1197 quam
969 1141 1021 1185 de
1053 1141 1146 1185 aliis
1176 1140 1467 1198 parrochianis
1497 1141 1649 1184 vestris

82 1216 307 1261 aecclesiae
327 1217 612 1274 violatoribus,
644 1232 823 1275 quorum
852 1219 1025 1262 nomina
1053 1219 1173 1263 vobis
1203 1219 1516 1262 transmisimus
1525 1226 1553 1274 ⁰,
1584 1219 1649 1262 iu-

81 1295 241 1339 stitiam
269 1298 486 1352 tamquam
524 1296 576 1340 de
611 1296 801 1340 notorio‘¹
831 1297 1007 1341 crimine
1036 1297 1202 1340 faciatis
1237 1300 1327 1340 tum
1357 1310 1434 1353 pro
1466 1296 1650 1339 karitate

80 1372 162 1417 Dei
195 1376 286 1417 tum
315 1387 392 1431 pro
415 1374 652 1418 reverentia
672 1374 815 1418 domni
844 1388 994 1432 papae,
1025 1389 1100 1419 vos
1132 1375 1284 1419 obnixe
1315 1374 1646 1431 interpellamus.

81 1450 209 1495 Cuius
240 1451 364 1495 etiam
397 1452 584 1507 geminas
616 1452 813 1509 epistolas
844 1467 922 1510 pro
954 1453 1101 1496 eadem
1131 1466 1270 1509 causa,
1303 1467 1406 1509 quas
1439 1452 1553 1509 apud
1572 1466 1648 1495 nos

80 1528 295 1585 habemus,
327 1533 532 1586 oportuno
562 1533 752 1587 tempore
781 1531 901 1574 vobis
934 1530 1167 1575 offeremus,
1288 1530 1362 1574 Set
1392 1533 1435 1574 et
1463 1530 1543 1574 hoc
1572 1544 1649 1573 nos

81 1606 273 1651 volumus
303 1607 597 1652 discretionem
617 1612 804 1652 vestram
834 1608 941 1652 scire
949 1615 976 1664 ⁰,
1010 1609 1121 1666 quod
1151 1608 1202 1653 de
1233 1609 1480 1666 reparandis
1511 1609 1649 1651 muni-

81 1685 265 1729 tionibus
297 1685 442 1742 oppidi
472 1686 606 1729 nostri
641 1686 686 1729 in
716 1687 913 1743 proxima
942 1687 1072 1742 curia,
1106 1701 1212 1744 quae
1243 1687 1355 1744 apud
1382 1685 1651 1742 Wirzeburg‘

83 1762 293 1807 celebrata
332 1767 395 1807 est
407 1760 430 1819 ¹,
470 1764 673 1807 iudicium
710 1764 832 1819 regni
870 1777 1012 1808 coram
1048 1764 1200 1808 domno
1238 1778 1336 1820 rege
1368 1767 1410 1808 et
1440 1764 1649 1808 universis

82 1841 342 1898 principibus
375 1842 623 1899 accepimus.
672 1842 741 1884 Ad
773 1842 884 1898 quod
913 1855 1018 1899 opus
1049 1855 1145 1886 cum
1174 1842 1483 1886 mareskalcum
1506 1842 1650 1885 (10111111

82 1919 194 1975 regis
233 1922 473 1976 presentem
508 1919 755 1975 habeamus,
794 1923 842 1963 ut
871 1924 1033 1964 vestros
1064 1920 1361 1964 ministeriales
1393 1920 1445 1963 ab
1475 1920 1648 1963 infesta-

82 1996 196 2041 tione
225 2000 370 2040 nostra
399 1997 669 2054 prohibeatis,
701 1998 738 2040 si
767 1997 876 2040 forte
906 1997 1065 2040 domini
1092 1997 1157 2041 illi
1176 1998 1331 2042 iterum
1351 2011 1427 2041 nos
1448 1997 1648 2041 infestare

83 2074 304 2130 voluerint,
336 2074 602 2118 dilectionem
621 2079 806 2118 vestram
834 2078 992 2118 attente
1018 2075 1226 2119 monendo
1247 2089 1457 2131 rogamus.
1540 2075 1648 2127 Quid

82 2152 225 2209 itaque
263 2153 314 2196 de
352 2155 498 2195 nostra
535 2153 737 2209 petitione
773 2153 874 2196 estis
905 2153 1112 2207 facturuS,
1150 2156 1199 2196 ut
1227 2153 1348 2197 nobis
1378 2167 1455 2210 per
1484 2153 1647 2197 litteras

83 2234 246 2274 vestras
278 2233 320 2274 et
339 2244 416 2287 per
436 2234 670 2286 presentem
694 2230 887 2273 nuntium
909 2229 1145 2285 significare
1165 2231 1333 2285 curetis,
1366 2231 1645 2275 obsecramus.

84 2307 181 2352 Ideo
212 2311 353 2351 autem
390 2308 567 2351 celerem
602 2308 832 2351 vindictam
873 2308 924 2351 de
962 2308 1137 2352 crimine
1175 2307 1365 2351 notorio*¹
1397 2309 1647 2365 expetimus,

85 2385 185 2442 quia
214 2386 406 2430 omnibus
436 2386 703 2429 manifestum
737 2389 800 2429 est
831 2389 873 2429 et
901 2386 1048 2441 negari
1077 2399 1161 2428 non
1191 2389 1344 2442 potest,
1377 2387 1488 2442 quod
1519 2386 1648 2430 00010-

85 2463 192 2507 siam
223 2467 265 2507 et
295 2477 459 2507 sacrum
490 2464 755 2520 cymiterium
775 2463 1046 2506 violaverint⁸
1077 2467 1118 2507 et
1147 2464 1244 2507 inde
1274 2464 1465 2507 homines
1498 2464 1549 2507 ad
1576 2478 1648 2508 ex-

84 2542 359 2598 torquendam
390 2555 519 2598 supra
547 2545 735 2584 taxatam
767 2541 989 2597 pecuniam
1013 2555 1089 2598 per
1109 2541 1352 2585 violentiam
1374 2542 1645 2586 extraxerint.

181 2658 209 2679 a.
237 2658 353 2679 marcas
376 2649 559 2679 addiderunt
582 2650 717 2678 Mar-tene
738 2655 765 2677 el
786 2648 926 2678 Durand.
1017 2647 1045 2677 b.
1074 2649 1190 2678 conatis
1212 2661 1237 2679 c.
1332 2658 1358 2679 c.
1386 2649 1591 2679 tranmisimus
1621 2661 1647 2679 c.

86 2701 116 2733 d.
137 2703 254 2733 notario
276 2715 301 2733 c.
367 2712 393 2732 e.
415 2703 492 2732 seire
515 2702 700 2732 addiderunt
713 2705 851 2732 Mar-tene
872 2708 899 2731 et
913 2702 1052 2732 Durand.
1118 2702 1138 2731 f.
1161 2693 1273 2732 wizeb‘
1282 2714 1306 2732 c.
1369 2712 1397 2740 g.
1417 2702 1607 2733 violaverinit
1622 2714 1647 2733 c.

181 2767 214 2802 1.
249 2766 358 2803 Curia
381 2765 472 2802 haec
498 2765 637 2801 indicta
660 2769 739 2801 erat
768 2765 806 2800 in
834 2765 931 2801 diem
964 2765 1008 2800 13
1032 2764 1112 2801 Oct.
1138 2767 1188 2808 (v.
1205 2776 1263 2810 ep.
1280 2766 1350 2801 388
1375 2776 1486 2811 supra
1509 2777 1544 2811 p.
1563 2767 1647 2811 521)

86 2835 240 2871 eamque
264 2825 454 2862 minimum
478 2825 599 2871 spatio
622 2824 765 2861 dierum
791 2824 931 2861 16—24
954 2824 1123 2861 Octobris
1147 2825 1367 2861 celebratam
1392 2835 1474 2862 0000
1497 2826 1648 2862 scimus.

147 3002 250 3036 ὖΔιτεέ,
275 3005 463 3034 Bibliotheca
486 3005 507 3034 1.
1317 3005 1362 3041 35

1709 287 1800 323 1152

1671 337 1735 368 Oct.
1748 347 1793 366 ex.
1810 352 1843 357 -—

1691 379 1767 409 Nov.
1782 379 1823 408 in.
