1924 3288
168 254 260 292 1150

141 1504 235 1540 1150

103 1563 130 1585 c.
144 1554 229 1594 Sept.
244 1555 263 1585 8

284 144 387 189 4247
731 156 930 187 wmALm
957 155 1206 187 EPISTOLAE
1233 154 1304 187 295.
1327 155 1399 187 296.

403 250 581 296 Mittetis
611 250 732 295 nobis
760 264 837 308 per
855 253 1096 308 presentem
1115 264 1294 309 puerum
1313 254 1506 296 nostrum
1524 250 1729 298 cindalia*
1747 265 1846 299 om-

285 329 397 386 dida,
426 332 476 373 ut
503 330 673 374 mittere
704 328 991 386 disposuistis3
1025 343 1132 387 quae
1161 342 1258 373 cum
1286 342 1530 385 rogaremus
1550 343 1637 375 non
1656 327 1846 389 dedistis,

286 421 380 451 cum
409 421 495 451 non
525 410 762 464 peteremus
783 406 1006 451 obtulistis.
1052 405 1371 452 Liberalitatem
1390 410 1575 452 vestram
1595 411 1638 452 et
1659 408 1847 453 studium

286 486 418 530 sensit
448 488 582 529 status
615 484 874 529 Stabulensis
907 484 1128 542 ecclesiae,
1168 485 1300 529 sensit
1328 499 1442 543 penu
1470 489 1684 542 nostrum,
1714 486 1848 531 sensit

285 577 432 607 mensa
461 566 619 620 nostra,
652 563 784 607 sensit
812 563 1104 621 marsuppium
1133 566 1339 619 nostrum,
1370 564 1502 607 sensit
1531 563 1744 608 stabulum
1769 577 1848 609 no-

286 645 433 685 strum.
482 640 556 684 Set
591 643 641 684 ut
678 640 841 698 capella
878 643 1024 685 nostra
1052 655 1214 699 pauper
1252 644 1295 684 et
1323 641 1489 684 modica
1517 641 1692 686 sentiret
1720 640 1848 698 largi-

286 722 419 763 tatem
440 717 772 763 munificentiam
797 722 839 763 et
857 718 1154 763 liberalitatem
1173 722 1371 775 vestram,
1401 732 1536 775 neque
1558 710 1696 764 Gallia
1713 732 1850 777 neque

287 796 515 841 Germania
549 811 685 854 neque
723 800 814 840 tota
844 796 994 841 Grecia
1022 811 1158 853 neque
1198 797 1347 841 Oriens
1379 796 1578 841 adiuvare
1606 800 1847 855 potuerunt.

285 875 372 919 Nos
402 878 545 919 tamen
574 875 685 931 grati
723 878 765 919 et
799 889 1007 919 memores
1045 889 1188 919 sumus
1220 878 1282 931 et,
1321 875 1372 918 ab
1404 874 1519 918 omni
1547 874 1850 931 ingratitudine

285 953 410 997 rebus
443 956 485 997 et
515 953 654 996 animo
687 953 835 1009 alieni,
865 953 1051 1011 plurima
1079 967 1156 997 nos
1188 953 1421 1010 accepisse,
1461 955 1505 997 et
1533 955 1607 997 aut
1635 952 1754 998 nulla
1779 953 1849 998 vel

286 1044 422 1089 pauca
439 1031 685 1075 retribuisse
704 1031 1007 1087 cognoscimus.
1121 1031 1165 1075 Si
1189 1031 1330 1088 aliqua
1348 1031 1549 1075 innovata
1568 1034 1668 1074 sunt
1684 1031 1731 1074 in
1749 1043 1849 1075 eon-

287 1110 381 1154 silio
412 1110 572 1154 domini
600 1106 759 1154 nostri²
778 1112 876 1167 post
893 1122 1106 1154 recessum
1133 1112 1338 1166 nostrum,
1368 1108 1490 1153 nobis
1510 1107 1745 1165 significare
1762 1122 1850 1155 non

285 1202 532 1245 gravemmi.

289 1329 406 1376 296.
438 1332 652 1375 conradus
672 1330 746 1375 Ill
766 1347 842 1374 rex
861 1330 1104 1374 Heinriowm
1135 1331 1370 1388 episcopum
1391 1331 1650 1374 Mndemmn
1676 1332 1728 1376 de
1741 1347 1852 1390 pace

435 1425 527 1453 own
556 1409 744 1453 Wibaldo
765 1410 870 1452 inita
890 1409 1037 1451 laudat
1066 1415 1106 1450 et
1134 1424 1160 1450 a
1185 1410 1396 1452 vocatione
1426 1404 1608 1452 liberat⁸.
1640 1407 1713 1463 (M.
1731 1409 1851 1474 267.)

406 1498 657 1553 C(onradus)
689 1498 770 1542 Dei
807 1498 944 1554 gratia
971 1497 1256 1541 Romanorum
1293 1511 1371 1541 rex
1406 1496 1640 1553 H(eim·ico)
1677 1508 1852 1544 venera-

286 1577 362 1622 bili
392 1577 603 1621 Mindensi
634 1577 831 1634 episcopo
863 1576 1043 1631 gratiam
1074 1589 1194 1619 suam
1225 1578 1267 1619 et
1297 1589 1420 1620 omne
1450 1575 1620 1620 bonum.

406 1654 573 1698 Gratias
602 1657 772 1698 nostrae
802 1653 1116 1698 mansuetudini
1146 1653 1231 1709 egit
1260 1651 1396 1697 fidelis
1423 1655 1567 1697 noster
1587 1652 1851 1700 Gorbeiensis

288 1734 416 1778 abbas
446 1736 536 1776 tam
565 1746 642 1790 per
671 1732 836 1777 litteras
869 1746 995 1789 quam
1023 1745 1101 1789 per
1127 1731 1302 1775 nuncios
1332 1744 1443 1787 suos,
1475 1731 1588 1788 quod
1607 1731 1661 1776 ob
1681 1728 1852 1791 nostrae

286 1811 523 1856 dilectionis
555 1814 598 1855 et
626 1810 817 1854 mandati
846 1809 1126 1854 reverentiam
1156 1822 1323 1853 omnem
1353 1806 1694 1866 commotionem,
1725 1823 1852 1867 quam

288 1890 490 1934 adversus
521 1902 617 1933 eum
647 1891 690 1932 et
721 1888 966 1932 aecclesiam
989 1888 1123 1945 ipsius
1153 1887 1373 1943 habueras,
1404 1887 1619 1944 remisisti,
1641 1890 1684 1932 et
1703 1900 1852 1933 mona·-

288 1968 387 2012 chos
417 1967 574 2025 ipsius,
607 1963 710 2023 quos
740 1966 786 2010 in
816 1965 1108 2010 Kaminatensi
1139 1965 1341 2009 aecclesia
1370 1965 1650 2022 ordinaverat,
1679 1965 1738 2010 in-
1755 1975 1852 2022 gra-

288 2046 392 2090 tiam
433 2048 475 2089 et
510 2058 659 2103 pacem
697 2047 898 2101 tanquam
935 2044 1031 2101 pius
1069 2046 1191 2101 pater
1228 2046 1270 2087 et
1304 2043 1438 2087 bonus
1476 2046 1623 2101 pastor
1655 2043 1853 2102 recepisti

290 2127 344 2179 et,
375 2123 428 2167 de
459 2126 598 2166 cetero
627 2125 671 2166 te
700 2123 815 2179 ipsos
845 2120 954 2165 velle
984 2121 1204 2165 confovere
1236 2124 1279 2164 et
1303 2120 1506 2165 canonica
1523 2121 1691 2165 iusticia
1709 2121 1852 2166 defen-

291 2214 397 2256 sare,
427 2199 606 2244 firmiter
635 2200 880 2257 promisisti.
928 2199 1047 2251 Quod
1074 2198 1175 2242 licet
1203 2199 1409 2243 morosius
1435 2202 1478 2243 et
1497 2198 1631 2243 serius
1651 2198 1853 2256 effeceris,

291 2292 417 2335 quam
447 2281 545 2321 tuae
576 2278 808 2322 industriae
838 2277 1073 2321 iniunctum
1101 2277 1248 2333 fuerit,
1280 2280 1422 2320 tamen
1450 2280 1695 2334 pergratum
1724 2277 1852 2322 habe-

290 2370 397 2400 mus.
444 2355 502 2399 Et
532 2355 816 2412 experientiae
848 2358 945 2399 tuae
976 2368 1240 2412 summopere
1269 2354 1548 2411 iniungimus,
1588 2358 1637 2399 ut
1673 2355 1852 2400 eundem

292 2434 486 2478 abbatem
514 2433 693 2477 honores
726 2436 768 2476 et
798 2432 962 2489 diligas,
995 2436 1037 2477 et
1066 2434 1111 2476 in
1133 2432 1247 2476 omni
1271 2432 1555 2490 oportunitate
1586 2445 1663 2476 sua
1690 2435 1781 2476 tam
1800 2426 1852 2478 de

291 2511 584 2556 Kaminatensi
614 2510 814 2555 aecclesia
845 2525 970 2567 quam
1002 2511 1052 2554 de
1075 2510 1168 2554 aliis
1191 2510 1315 2555 rebus
1336 2509 1556 2554 consilium
1587 2510 1627 2554 ei
1657 2512 1700 2554 et
1728 2524 1852 2568 opem

291 2590 424 2645 feras,
464 2592 507 2633 et
535 2589 734 2647 precipue
764 2591 911 2632 contra
941 2588 1209 2633 Thidericum
1247 2588 1299 2631 de
1329 2587 1571 2643 Rikelinga,
1611 2587 1704 2644 qui,
1733 2590 1852 2645 post-

291 2668 429 2725 posito
460 2666 541 2711 Dei
570 2666 722 2710 timore
753 2669 795 2710 et
822 2669 969 2709 nostra
1000 2679 1048 2710 ac
1076 2667 1197 2722 regni
1226 2664 1482 2720 reverentia,
1512 2665 1749 2722 predictum
1778 2665 1852 2710 ab·

293 2745 433 2789 batem
464 2748 507 2789 et
535 2743 780 2789 aecclesiam
810 2756 929 2787 suam
960 2744 1205 2800 perturbare
1236 2746 1279 2788 et
1304 2743 1503 2787 infestare
1523 2742 1740 2799 presumit.
1786 2742 1852 2787 Ob

388 2850 421 2886 1.
438 2860 579 2895 pannos
592 2849 741 2886 sericos.
812 2849 847 2885 2.
865 2848 1022 2885 Conradi
1034 2849 1144 2895 regis.
1216 2849 1249 2885 3.
1268 2848 1372 2885 Hanc
1384 2846 1576 2894 epistolam
1589 2847 1850 2894 Nurenbergae

293 2909 380 2945 circ.
401 2909 461 2946 die
485 2909 508 2946 8
534 2909 634 2955 Sept.
660 2908 832 2955 scriptam
856 2917 949 2954 esse,
975 2918 1020 2944 ex
1046 2918 1103 2954 ep.
1121 2908 1191 2945 278
1214 2918 1325 2954 supra
1348 2918 1384 2954 p.
1401 2906 1473 2944 405
1495 2907 1575 2944 veri
1598 2905 1718 2945 simile
1740 2908 1810 2944 est.
