<?xml version="1.0" encoding="UTF-8"?>
<!DOCTYPE html PUBLIC "-//W3C//DTD XHTML 1.0 Transitional//EN"
    "http://www.w3.org/TR/xhtml1/DTD/xhtml1-transitional.dtd">
<html xmlns="http://www.w3.org/1999/xhtml" xml:lang="en" lang="en">
 <head>
  <title>
</title>
<meta http-equiv="Content-Type" content="text/html;charset=utf-8" />
  <meta name='ocr-system' content='tesseract 3.04.00' />
  <meta name='ocr-capabilities' content='ocr_page ocr_carea ocr_par ocr_line ocrx_word'/>
</head>
<body>
  <div class='ocr_page' id='page_1' title='image "bibliothecarerum01wattuoft_0637.png"; bbox 0 0 1924 3288; ppageno 0'>
   <div class='ocr_carea' id='block_1_1' title="bbox 615 167 1110 199">
    <p class='ocr_par' dir='ltr' id='par_1_1' title="bbox 615 167 1110 199">
     <span class='ocr_line' id='line_1_1' title="bbox 615 167 1110 199; baseline 0 -1"><span class='ocrx_word' id='word_1_1' title='bbox 615 168 759 198; x_wconf 81' lang='lat' dir='ltr'>INITIA</span> <span class='ocrx_word' id='word_1_2' title='bbox 789 167 1110 199; x_wconf 77' lang='lat' dir='ltr'><strong>EPISTOLARUM</strong></span> 
     </span>
    </p>
   </div>
   <div class='ocr_carea' id='block_1_2' title="bbox 10 271 846 2981">
    <p class='ocr_par' dir='ltr' id='par_1_2' title="bbox 10 271 846 2981">
     <span class='ocr_line' id='line_1_2' title="bbox 766 271 837 299; baseline 0 -9"><span class='ocrx_word' id='word_1_3' title='bbox 766 271 837 299; x_wconf 77' lang='lat' dir='ltr'><strong>pag.</strong></span> 
     </span>
     <span class='ocr_line' id='line_1_3' title="bbox 59 313 838 361; baseline -0.001 -10"><span class='ocrx_word' id='word_1_4' title='bbox 59 313 255 361; x_wconf 80' lang='lat' dir='ltr'><strong>Imperium</strong></span> <span class='ocrx_word' id='word_1_5' title='bbox 280 324 401 350; x_wconf 90' lang='lat' dir='ltr'><strong>meum</strong></span> <span class='ocrx_word' id='word_1_6' title='bbox 425 324 509 350; x_wconf 89' lang='lat' dir='ltr'><strong>cum</strong></span> <span class='ocrx_word' id='word_1_7' title='bbox 534 340 542 349; x_wconf 90' lang='lat'>.</span> <span class='ocrx_word' id='word_1_8' title='bbox 593 341 600 348; x_wconf 96' lang='lat'>.</span> <span class='ocrx_word' id='word_1_9' title='bbox 651 339 659 348; x_wconf 91' lang='lat'><strong>.</strong></span> <span class='ocrx_word' id='word_1_10' title='bbox 710 339 719 348; x_wconf 93' lang='lat'><strong>.</strong></span> <span class='ocrx_word' id='word_1_11' title='bbox 766 313 838 350; x_wconf 84' lang='lat'><strong>454</strong></span> 
     </span>
     <span class='ocr_line' id='line_1_4' title="bbox 58 373 839 421; baseline -0.004 -10"><span class='ocrx_word' id='word_1_12' title='bbox 58 373 355 421; x_wconf 84' lang='lat' dir='ltr'><strong>Implevissemus</strong></span> <span class='ocrx_word' id='word_1_13' title='bbox 378 383 526 410; x_wconf 80' lang='lat' dir='ltr'><strong>manum</strong></span> <span class='ocrx_word' id='word_1_14' title='bbox 593 400 600 408; x_wconf 95' lang='lat'><strong>.</strong></span> <span class='ocrx_word' id='word_1_15' title='bbox 651 399 659 408; x_wconf 90' lang='lat'><em>.</em></span> <span class='ocrx_word' id='word_1_16' title='bbox 710 400 718 407; x_wconf 89' lang='lat'>.</span> <span class='ocrx_word' id='word_1_17' title='bbox 767 373 839 409; x_wconf 88' lang='lat'><strong>314</strong></span> 
     </span>
     <span class='ocr_line' id='line_1_5' title="bbox 58 432 837 480; baseline -0.003 -9"><span class='ocrx_word' id='word_1_18' title='bbox 58 433 102 471; x_wconf 84' lang='lat' dir='ltr'><strong>In</strong></span> <span class='ocrx_word' id='word_1_19' title='bbox 124 433 346 480; x_wconf 87' lang='lat' dir='ltr'><strong>apostolicae</strong></span> <span class='ocrx_word' id='word_1_20' title='bbox 369 433 467 469; x_wconf 86' lang='lat' dir='ltr'><strong>sedis</strong></span> <span class='ocrx_word' id='word_1_21' title='bbox 532 433 543 468; x_wconf 74' lang='grc' dir='ltr'>ἱ</span> <span class='ocrx_word' id='word_1_22' title='bbox 593 461 601 469; x_wconf 95' lang='grc'><strong>.</strong></span> <span class='ocrx_word' id='word_1_23' title='bbox 653 459 660 467; x_wconf 92' lang='grc'>.</span> <span class='ocrx_word' id='word_1_24' title='bbox 711 459 718 467; x_wconf 95' lang='grc'><em>.</em></span> <span class='ocrx_word' id='word_1_25' title='bbox 769 432 837 469; x_wconf 87' lang='lat'><strong>159</strong></span> 
     </span>
     <span class='ocr_line' id='line_1_6' title="bbox 57 492 838 538; baseline -0.003 -8"><span class='ocrx_word' id='word_1_26' title='bbox 57 492 294 530; x_wconf 80' lang='lat' dir='ltr'><strong>Incommoda</strong></span> <span class='ocrx_word' id='word_1_27' title='bbox 316 495 355 529; x_wconf 91' lang='lat' dir='ltr'><strong>et</strong></span> <span class='ocrx_word' id='word_1_28' title='bbox 377 493 591 538; x_wconf 84' lang='lat' dir='ltr'><strong>gravamina</strong></span> <span class='ocrx_word' id='word_1_29' title='bbox 651 519 658 528; x_wconf 91' lang='lat'><strong>.</strong></span> <span class='ocrx_word' id='word_1_30' title='bbox 712 519 719 527; x_wconf 95' lang='lat'>.</span> <span class='ocrx_word' id='word_1_31' title='bbox 738 511 741 514; x_wconf 46' lang='lat'><strong>⁴</strong></span> <span class='ocrx_word' id='word_1_32' title='bbox 768 493 838 528; x_wconf 87' lang='lat'>372</span> 
     </span>
     <span class='ocr_line' id='line_1_7' title="bbox 56 551 836 599; baseline -0.003 -9"><span class='ocrx_word' id='word_1_33' title='bbox 56 553 101 591; x_wconf 84' lang='lat' dir='ltr'><strong>In</strong></span> <span class='ocrx_word' id='word_1_34' title='bbox 122 551 193 589; x_wconf 88' lang='lat' dir='ltr'><strong>hoc</strong></span> <span class='ocrx_word' id='word_1_35' title='bbox 217 552 454 599; x_wconf 83' lang='lat' dir='ltr'><strong>cognovimus</strong></span> <span class='ocrx_word' id='word_1_36' title='bbox 475 578 717 588; x_wconf 89' lang='grc'><strong>.....</strong></span> <span class='ocrx_word' id='word_1_37' title='bbox 769 552 836 588; x_wconf 98' lang='grc'><strong>127</strong></span> 
     </span>
     <span class='ocr_line' id='line_1_8' title="bbox 57 611 836 658; baseline 0 -10"><span class='ocrx_word' id='word_1_38' title='bbox 57 612 186 658; x_wconf 85' lang='lat' dir='ltr'><strong>Iniquo</strong></span> <span class='ocrx_word' id='word_1_39' title='bbox 210 615 385 658; x_wconf 82' lang='lat' dir='ltr'><strong>tempore,</strong></span> <span class='ocrx_word' id='word_1_40' title='bbox 409 611 521 648; x_wconf 73' lang='lat' dir='ltr'><strong>stater</strong></span> <span class='ocrx_word' id='word_1_41' title='bbox 593 639 601 648; x_wconf 87' lang='lat'><strong><em>.</em></strong></span> <span class='ocrx_word' id='word_1_42' title='bbox 652 639 659 647; x_wconf 91' lang='lat'><strong>.</strong></span> <span class='ocrx_word' id='word_1_43' title='bbox 710 638 718 646; x_wconf 95' lang='lat'>.</span> <span class='ocrx_word' id='word_1_44' title='bbox 766 611 836 648; x_wconf 88' lang='lat'><strong>451</strong></span> 
     </span>
     <span class='ocr_line' id='line_1_9' title="bbox 57 670 838 721; baseline -0.003 -13"><span class='ocrx_word' id='word_1_45' title='bbox 57 671 242 717; x_wconf 85' lang='lat' dir='ltr'><strong>Iniuriam,</strong></span> <span class='ocrx_word' id='word_1_46' title='bbox 267 681 361 718; x_wconf 86' lang='lat' dir='ltr'><strong>quae</strong></span> <span class='ocrx_word' id='word_1_47' title='bbox 387 671 598 709; x_wconf 85' lang='lat' dir='ltr'><strong>Corbeiensi</strong></span> <span class='ocrx_word' id='word_1_48' title='bbox 653 699 660 707; x_wconf 94' lang='lat'>.</span> <span class='ocrx_word' id='word_1_49' title='bbox 710 699 717 706; x_wconf 93' lang='lat'>.</span> <span class='ocrx_word' id='word_1_50' title='bbox 767 670 838 721; x_wconf 84' lang='lat'><strong>515</strong></span> 
     </span>
     <span class='ocr_line' id='line_1_10' title="bbox 57 730 838 767; baseline 0 0"><span class='ocrx_word' id='word_1_51' title='bbox 57 730 211 767; x_wconf 82' lang='lat' dir='ltr'><strong>Iniurias</strong></span> <span class='ocrx_word' id='word_1_52' title='bbox 235 741 258 766; x_wconf 88' lang='lat' dir='ltr'><strong>a</strong></span> <span class='ocrx_word' id='word_1_53' title='bbox 280 731 462 767; x_wconf 84' lang='lat' dir='ltr'><strong>Folcwino</strong></span> <span class='ocrx_word' id='word_1_54' title='bbox 535 759 543 767; x_wconf 88' lang='lat'><em>.</em></span> <span class='ocrx_word' id='word_1_55' title='bbox 595 759 602 767; x_wconf 97' lang='lat'>.</span> <span class='ocrx_word' id='word_1_56' title='bbox 653 759 661 767; x_wconf 90' lang='lat'><strong>.</strong></span> <span class='ocrx_word' id='word_1_57' title='bbox 711 759 718 766; x_wconf 95' lang='lat'><strong><em>.</em></strong></span> <span class='ocrx_word' id='word_1_58' title='bbox 768 730 838 767; x_wconf 89' lang='lat'><strong>522</strong></span> 
     </span>
     <span class='ocr_line' id='line_1_11' title="bbox 57 790 837 836; baseline 0 -10"><span class='ocrx_word' id='word_1_59' title='bbox 57 790 101 827; x_wconf 89' lang='lat' dir='ltr'><strong>In</strong></span> <span class='ocrx_word' id='word_1_60' title='bbox 124 800 260 836; x_wconf 86' lang='lat' dir='ltr'><strong>magna</strong></span> <span class='ocrx_word' id='word_1_61' title='bbox 282 791 452 836; x_wconf 85' lang='lat' dir='ltr'><strong>angustia</strong></span> <span class='ocrx_word' id='word_1_62' title='bbox 477 817 719 826; x_wconf 91' lang='grc'><strong>.....</strong></span> <span class='ocrx_word' id='word_1_63' title='bbox 769 790 837 826; x_wconf 88' lang='grc'><strong>131</strong></span> 
     </span>
     <span class='ocr_line' id='line_1_12' title="bbox 59 849 838 886; baseline -0.001 0"><span class='ocrx_word' id='word_1_64' title='bbox 59 849 230 886; x_wconf 86' lang='lat' dir='ltr'><strong>Inmensa</strong></span> <span class='ocrx_word' id='word_1_65' title='bbox 253 849 397 886; x_wconf 88' lang='lat' dir='ltr'><strong>laeticia</strong></span> <span class='ocrx_word' id='word_1_66' title='bbox 417 876 719 886; x_wconf 91' lang='grc'><strong>......</strong></span> <span class='ocrx_word' id='word_1_67' title='bbox 768 849 838 886; x_wconf 90' lang='grc'><strong>539</strong></span> 
     </span>
     <span class='ocr_line' id='line_1_13' title="bbox 57 909 839 955; baseline 0 -10"><span class='ocrx_word' id='word_1_68' title='bbox 57 909 103 946; x_wconf 89' lang='lat' dir='ltr'><strong>In</strong></span> <span class='ocrx_word' id='word_1_69' title='bbox 125 909 247 945; x_wconf 90' lang='lat' dir='ltr'><strong>multis</strong></span> <span class='ocrx_word' id='word_1_70' title='bbox 271 912 309 946; x_wconf 89' lang='lat' dir='ltr'><strong>et</strong></span> <span class='ocrx_word' id='word_1_71' title='bbox 332 910 475 955; x_wconf 84' lang='lat' dir='ltr'><strong>magnis</strong></span> <span class='ocrx_word' id='word_1_72' title='bbox 538 938 545 945; x_wconf 92' lang='lat'><strong>.</strong></span> <span class='ocrx_word' id='word_1_73' title='bbox 595 937 603 946; x_wconf 91' lang='lat'><strong>.</strong></span> <span class='ocrx_word' id='word_1_74' title='bbox 712 937 720 944; x_wconf 91' lang='lat'>.</span> <span class='ocrx_word' id='word_1_75' title='bbox 770 909 839 945; x_wconf 89' lang='lat'><strong>133</strong></span> 
     </span>
     <span class='ocr_line' id='line_1_14' title="bbox 58 968 840 1015; baseline 0 -10"><span class='ocrx_word' id='word_1_76' title='bbox 58 968 102 1005; x_wconf 90' lang='lat' dir='ltr'><strong>In</strong></span> <span class='ocrx_word' id='word_1_77' title='bbox 125 971 258 1006; x_wconf 86' lang='lat' dir='ltr'><strong>octava</strong></span> <span class='ocrx_word' id='word_1_78' title='bbox 280 972 510 1015; x_wconf 78' lang='lat' dir='ltr'><strong>pentecostes</strong></span> <span class='ocrx_word' id='word_1_79' title='bbox 536 997 542 1004; x_wconf 92' lang='lat'>.</span> <span class='ocrx_word' id='word_1_80' title='bbox 595 997 603 1005; x_wconf 88' lang='lat'><strong>.</strong></span> <span class='ocrx_word' id='word_1_81' title='bbox 654 997 662 1004; x_wconf 92' lang='lat'><strong>.</strong></span> <span class='ocrx_word' id='word_1_82' title='bbox 712 995 720 1005; x_wconf 88' lang='lat'><strong>.</strong></span> <span class='ocrx_word' id='word_1_83' title='bbox 769 969 840 1005; x_wconf 88' lang='lat'><strong>510</strong></span> 
     </span>
     <span class='ocr_line' id='line_1_15' title="bbox 10 1027 838 1075; baseline 0 -11"><span class='ocrx_word' id='word_1_84' title='bbox 10 1070 13 1073; x_wconf 42' lang='grc'>,</span> <span class='ocrx_word' id='word_1_85' title='bbox 58 1028 207 1075; x_wconf 90' lang='lat' dir='ltr'><strong>Inpensi</strong></span> <span class='ocrx_word' id='word_1_86' title='bbox 229 1027 398 1065; x_wconf 88' lang='lat' dir='ltr'><strong>beneficii</strong></span> <span class='ocrx_word' id='word_1_87' title='bbox 421 1029 510 1066; x_wconf 87' lang='lat' dir='ltr'><strong>haut</strong></span> <span class='ocrx_word' id='word_1_88' title='bbox 535 1056 542 1064; x_wconf 91' lang='lat'>.</span> <span class='ocrx_word' id='word_1_89' title='bbox 593 1057 600 1064; x_wconf 91' lang='lat'>.</span> <span class='ocrx_word' id='word_1_90' title='bbox 652 1056 660 1064; x_wconf 94' lang='lat'>.</span> <span class='ocrx_word' id='word_1_91' title='bbox 713 1057 719 1063; x_wconf 93' lang='lat'><em>.</em></span> <span class='ocrx_word' id='word_1_92' title='bbox 768 1029 838 1065; x_wconf 87' lang='lat'><strong>467</strong></span> 
     </span>
     <span class='ocr_line' id='line_1_16' title="bbox 58 1087 839 1134; baseline 0 -10"><span class='ocrx_word' id='word_1_93' title='bbox 58 1087 101 1124; x_wconf 89' lang='lat' dir='ltr'><strong>In</strong></span> <span class='ocrx_word' id='word_1_94' title='bbox 124 1087 356 1134; x_wconf 88' lang='lat' dir='ltr'><strong>perficiendis</strong></span> <span class='ocrx_word' id='word_1_95' title='bbox 379 1087 532 1126; x_wconf 88' lang='lat' dir='ltr'><strong>edificiis</strong></span> <span class='ocrx_word' id='word_1_96' title='bbox 595 1117 602 1125; x_wconf 89' lang='lat'><em>.</em></span> <span class='ocrx_word' id='word_1_97' title='bbox 653 1116 660 1123; x_wconf 94' lang='lat'><strong>.</strong></span> <span class='ocrx_word' id='word_1_98' title='bbox 711 1115 720 1124; x_wconf 94' lang='lat'><strong><em>.</em></strong></span> <span class='ocrx_word' id='word_1_99' title='bbox 770 1088 839 1124; x_wconf 90' lang='lat'><strong>175</strong></span> 
     </span>
     <span class='ocr_line' id='line_1_17' title="bbox 59 1147 838 1193; baseline 0.001 -10"><span class='ocrx_word' id='word_1_100' title='bbox 59 1147 104 1183; x_wconf 91' lang='lat' dir='ltr'><strong>In</strong></span> <span class='ocrx_word' id='word_1_101' title='bbox 126 1150 303 1193; x_wconf 83' lang='lat' dir='ltr'><strong>quantum</strong></span> <span class='ocrx_word' id='word_1_102' title='bbox 326 1147 384 1188; x_wconf 82' lang='lat' dir='ltr'><strong>fas</strong></span> <span class='ocrx_word' id='word_1_103' title='bbox 407 1151 465 1185; x_wconf 89' lang='lat' dir='ltr'><strong>est</strong></span> <span class='ocrx_word' id='word_1_104' title='bbox 535 1177 542 1184; x_wconf 92' lang='lat'>.</span> <span class='ocrx_word' id='word_1_105' title='bbox 596 1176 603 1183; x_wconf 94' lang='lat'><strong><em>.</em></strong></span> <span class='ocrx_word' id='word_1_106' title='bbox 653 1176 662 1183; x_wconf 93' lang='lat'>.</span> <span class='ocrx_word' id='word_1_107' title='bbox 712 1175 720 1183; x_wconf 92' lang='lat'><strong>.</strong></span> <span class='ocrx_word' id='word_1_108' title='bbox 770 1149 838 1184; x_wconf 89' lang='lat'><strong>177</strong></span> 
     </span>
     <span class='ocr_line' id='line_1_18' title="bbox 59 1206 840 1244; baseline 0.001 -1"><span class='ocrx_word' id='word_1_109' title='bbox 59 1206 103 1243; x_wconf 91' lang='lat' dir='ltr'><strong>In</strong></span> <span class='ocrx_word' id='word_1_110' title='bbox 125 1206 246 1243; x_wconf 87' lang='lat' dir='ltr'><strong>reditu</strong></span> <span class='ocrx_word' id='word_1_111' title='bbox 268 1211 392 1244; x_wconf 85' lang='lat' dir='ltr'><strong>vestro</strong></span> <span class='ocrx_word' id='word_1_112' title='bbox 419 1235 720 1243; x_wconf 89' lang='lat'><strong>......</strong></span> <span class='ocrx_word' id='word_1_113' title='bbox 769 1207 840 1244; x_wconf 91' lang='lat'><strong>575</strong></span> 
     </span>
     <span class='ocr_line' id='line_1_19' title="bbox 59 1266 840 1313; baseline 0.001 -11"><span class='ocrx_word' id='word_1_114' title='bbox 59 1266 160 1303; x_wconf 89' lang='lat' dir='ltr'><strong>Inter</strong></span> <span class='ocrx_word' id='word_1_115' title='bbox 182 1267 356 1313; x_wconf 87' lang='lat' dir='ltr'><strong>precipua</strong></span> <span class='ocrx_word' id='word_1_116' title='bbox 378 1266 477 1304; x_wconf 85' lang='lat' dir='ltr'><strong>facta</strong></span> <span class='ocrx_word' id='word_1_117' title='bbox 537 1295 544 1302; x_wconf 97' lang='lat'>.</span> <span class='ocrx_word' id='word_1_118' title='bbox 596 1295 603 1303; x_wconf 95' lang='lat'>.</span> <span class='ocrx_word' id='word_1_119' title='bbox 654 1294 662 1303; x_wconf 91' lang='lat'><strong><em>.</em></strong></span> <span class='ocrx_word' id='word_1_120' title='bbox 713 1295 720 1302; x_wconf 97' lang='lat'>.</span> <span class='ocrx_word' id='word_1_121' title='bbox 768 1268 840 1303; x_wconf 94' lang='lat'><strong>488</strong></span> 
     </span>
     <span class='ocr_line' id='line_1_20' title="bbox 58 1326 841 1364; baseline 0.001 -2"><span class='ocrx_word' id='word_1_122' title='bbox 58 1326 331 1363; x_wconf 86' lang='lat' dir='ltr'><strong>Intolerantiam</strong></span> <span class='ocrx_word' id='word_1_123' title='bbox 355 1328 531 1364; x_wconf 84' lang='lat' dir='ltr'><strong>malorum</strong></span> <span class='ocrx_word' id='word_1_124' title='bbox 596 1355 604 1363; x_wconf 94' lang='lat'>.</span> <span class='ocrx_word' id='word_1_125' title='bbox 655 1354 662 1363; x_wconf 92' lang='lat'>.</span> <span class='ocrx_word' id='word_1_126' title='bbox 714 1354 721 1362; x_wconf 94' lang='lat'><strong><em>.</em></strong></span> <span class='ocrx_word' id='word_1_127' title='bbox 771 1327 841 1363; x_wconf 91' lang='lat'><strong>138</strong></span> 
     </span>
     <span class='ocr_line' id='line_1_21' title="bbox 59 1386 841 1433; baseline 0 -10"><span class='ocrx_word' id='word_1_128' title='bbox 59 1386 103 1423; x_wconf 91' lang='lat' dir='ltr'><strong>In</strong></span> <span class='ocrx_word' id='word_1_129' title='bbox 126 1386 248 1432; x_wconf 86' lang='lat' dir='ltr'><strong>variis,</strong></span> <span class='ocrx_word' id='word_1_130' title='bbox 273 1386 530 1433; x_wconf 79' lang='lat' dir='ltr'><strong>multiplicibus</strong></span> <span class='ocrx_word' id='word_1_131' title='bbox 597 1414 605 1422; x_wconf 91' lang='lat'><strong>.</strong></span> <span class='ocrx_word' id='word_1_132' title='bbox 655 1413 663 1422; x_wconf 88' lang='lat'>.</span> <span class='ocrx_word' id='word_1_133' title='bbox 714 1414 721 1422; x_wconf 92' lang='lat'>.</span> <span class='ocrx_word' id='word_1_134' title='bbox 794 1388 841 1423; x_wconf 92' lang='lat'><strong>88</strong></span> 
     </span>
     <span class='ocr_line' id='line_1_22' title="bbox 60 1445 843 1493; baseline 0 -10"><span class='ocrx_word' id='word_1_135' title='bbox 60 1447 168 1483; x_wconf 83' lang='lat' dir='ltr'><strong>quta</strong></span> <span class='ocrx_word' id='word_1_136' title='bbox 190 1445 411 1493; x_wconf 77' lang='lat' dir='ltr'><strong>beneplaciti</strong></span> <span class='ocrx_word' id='word_1_137' title='bbox 433 1447 547 1484; x_wconf 84' lang='lat' dir='ltr'><strong>vestri</strong></span> <span class='ocrx_word' id='word_1_138' title='bbox 597 1473 604 1482; x_wconf 97' lang='lat'><strong><em>.</em></strong></span> <span class='ocrx_word' id='word_1_139' title='bbox 655 1473 664 1483; x_wconf 91' lang='lat'><strong><em>.</em></strong></span> <span class='ocrx_word' id='word_1_140' title='bbox 715 1474 722 1482; x_wconf 92' lang='lat'>.</span> <span class='ocrx_word' id='word_1_141' title='bbox 771 1447 843 1483; x_wconf 90' lang='lat'><strong>324</strong></span> 
     </span>
     <span class='ocr_line' id='line_1_23' title="bbox 60 1506 842 1552; baseline 0.001 -10"><span class='ocrx_word' id='word_1_142' title='bbox 60 1506 169 1543; x_wconf 86' lang='lat' dir='ltr'><strong>quta</strong></span> <span class='ocrx_word' id='word_1_143' title='bbox 191 1506 410 1552; x_wconf 83' lang='lat' dir='ltr'><strong>peticionem</strong></span> <span class='ocrx_word' id='word_1_144' title='bbox 434 1509 594 1543; x_wconf 88' lang='lat' dir='ltr'><strong>vestram</strong></span> <span class='ocrx_word' id='word_1_145' title='bbox 658 1533 664 1541; x_wconf 96' lang='lat'><strong>.</strong></span> <span class='ocrx_word' id='word_1_146' title='bbox 716 1533 723 1541; x_wconf 95' lang='lat'>.</span> <span class='ocrx_word' id='word_1_147' title='bbox 771 1507 842 1543; x_wconf 87' lang='grc'><strong>416</strong></span> 
     </span>
     <span class='ocr_line' id='line_1_24' title="bbox 60 1565 843 1603; baseline 0 -1"><span class='ocrx_word' id='word_1_148' title='bbox 60 1566 215 1602; x_wconf 66' lang='lat' dir='ltr'><strong>Laetati</strong></span> <span class='ocrx_word' id='word_1_149' title='bbox 239 1576 365 1602; x_wconf 90' lang='lat' dir='ltr'><strong>sumus</strong></span> <span class='ocrx_word' id='word_1_150' title='bbox 388 1566 427 1602; x_wconf 91' lang='lat' dir='ltr'><strong>in</strong></span> <span class='ocrx_word' id='word_1_151' title='bbox 451 1565 506 1602; x_wconf 90' lang='lat' dir='ltr'><strong>his</strong></span> <span class='ocrx_word' id='word_1_152' title='bbox 539 1593 548 1602; x_wconf 86' lang='lat'><strong>.</strong></span> <span class='ocrx_word' id='word_1_153' title='bbox 598 1593 606 1601; x_wconf 92' lang='lat'><strong>.</strong></span> <span class='ocrx_word' id='word_1_154' title='bbox 657 1593 665 1602; x_wconf 92' lang='lat'><strong>.</strong></span> <span class='ocrx_word' id='word_1_155' title='bbox 715 1593 722 1600; x_wconf 96' lang='lat'>.</span> <span class='ocrx_word' id='word_1_156' title='bbox 772 1566 843 1603; x_wconf 89' lang='lat'><strong>532</strong></span> 
     </span>
     <span class='ocr_line' id='line_1_25' title="bbox 59 1625 842 1662; baseline 0.001 -1"><span class='ocrx_word' id='word_1_157' title='bbox 59 1626 183 1662; x_wconf 87' lang='lat' dir='ltr'><strong>Letati</strong></span> <span class='ocrx_word' id='word_1_158' title='bbox 206 1635 331 1662; x_wconf 89' lang='lat' dir='ltr'><strong>sumus</strong></span> <span class='ocrx_word' id='word_1_159' title='bbox 354 1626 394 1661; x_wconf 93' lang='lat' dir='ltr'><strong>in</strong></span> <span class='ocrx_word' id='word_1_160' title='bbox 416 1625 473 1661; x_wconf 91' lang='lat' dir='ltr'><strong>his</strong></span> <span class='ocrx_word' id='word_1_161' title='bbox 539 1652 546 1660; x_wconf 93' lang='lat'><strong>.</strong></span> <span class='ocrx_word' id='word_1_162' title='bbox 599 1652 606 1660; x_wconf 95' lang='lat'><em>.</em></span> <span class='ocrx_word' id='word_1_163' title='bbox 657 1653 664 1660; x_wconf 94' lang='lat'><em>.</em></span> <span class='ocrx_word' id='word_1_164' title='bbox 715 1652 723 1660; x_wconf 93' lang='lat'><strong>.</strong></span> <span class='ocrx_word' id='word_1_165' title='bbox 772 1626 842 1662; x_wconf 85' lang='lat'>269</span> 
     </span>
     <span class='ocr_line' id='line_1_26' title="bbox 60 1684 843 1722; baseline -0.001 0"><span class='ocrx_word' id='word_1_166' title='bbox 60 1686 213 1722; x_wconf 87' lang='lat' dir='ltr'><strong>Letatus</strong></span> <span class='ocrx_word' id='word_1_167' title='bbox 238 1696 319 1721; x_wconf 91' lang='lat' dir='ltr'><strong>sum</strong></span> <span class='ocrx_word' id='word_1_168' title='bbox 343 1685 381 1720; x_wconf 93' lang='lat' dir='ltr'><strong>in</strong></span> <span class='ocrx_word' id='word_1_169' title='bbox 404 1684 462 1720; x_wconf 88' lang='lat' dir='ltr'><strong>his</strong></span> <span class='ocrx_word' id='word_1_170' title='bbox 480 1711 723 1720; x_wconf 88' lang='grc'><strong><em>.....</em></strong></span> <span class='ocrx_word' id='word_1_171' title='bbox 773 1686 843 1721; x_wconf 87' lang='lat'><strong>395</strong></span> 
     </span>
     <span class='ocr_line' id='line_1_27' title="bbox 61 1743 843 1790; baseline 0 -9"><span class='ocrx_word' id='word_1_172' title='bbox 61 1744 243 1790; x_wconf 88' lang='lat' dir='ltr'><strong>Largitori</strong></span> <span class='ocrx_word' id='word_1_173' title='bbox 266 1745 427 1781; x_wconf 91' lang='lat' dir='ltr'><strong>omnium</strong></span> <span class='ocrx_word' id='word_1_174' title='bbox 450 1743 628 1780; x_wconf 89' lang='lat' dir='ltr'><strong>bonorum</strong></span> <span class='ocrx_word' id='word_1_175' title='bbox 658 1771 665 1779; x_wconf 90' lang='lat'><strong>.</strong></span> <span class='ocrx_word' id='word_1_176' title='bbox 716 1772 723 1779; x_wconf 90' lang='lat'><strong><em>.</em></strong></span> <span class='ocrx_word' id='word_1_177' title='bbox 772 1745 843 1781; x_wconf 88' lang='grc'><strong>476</strong></span> 
     </span>
     <span class='ocr_line' id='line_1_28' title="bbox 61 1803 844 1850; baseline 0 -10"><span class='ocrx_word' id='word_1_178' title='bbox 61 1805 205 1841; x_wconf 86' lang='lat' dir='ltr'><strong>Latoris</strong></span> <span class='ocrx_word' id='word_1_179' title='bbox 228 1804 450 1850; x_wconf 87' lang='lat' dir='ltr'><strong>presentium</strong></span> <span class='ocrx_word' id='word_1_180' title='bbox 476 1803 548 1839; x_wconf 88' lang='lat' dir='ltr'><strong>ad.</strong></span> <span class='ocrx_word' id='word_1_181' title='bbox 600 1831 607 1838; x_wconf 94' lang='lat'>.</span> <span class='ocrx_word' id='word_1_182' title='bbox 659 1831 665 1838; x_wconf 92' lang='lat'>.</span> <span class='ocrx_word' id='word_1_183' title='bbox 717 1831 724 1839; x_wconf 90' lang='lat'><strong><em>.</em></strong></span> <span class='ocrx_word' id='word_1_184' title='bbox 773 1804 844 1840; x_wconf 92' lang='lat'><strong>570</strong></span> 
     </span>
     <span class='ocr_line' id='line_1_29' title="bbox 61 1862 845 1910; baseline 0 -10"><span class='ocrx_word' id='word_1_185' title='bbox 61 1864 174 1900; x_wconf 84' lang='lat' dir='ltr'><strong>Lator</strong></span> <span class='ocrx_word' id='word_1_186' title='bbox 197 1863 430 1910; x_wconf 88' lang='lat' dir='ltr'><strong>presentium,</strong></span> <span class='ocrx_word' id='word_1_187' title='bbox 456 1862 684 1900; x_wconf 76' lang='lat' dir='ltr'><strong>corbeiensis</strong></span> <span class='ocrx_word' id='word_1_188' title='bbox 716 1890 724 1898; x_wconf 88' lang='lat'><em>.</em></span> <span class='ocrx_word' id='word_1_189' title='bbox 773 1864 845 1900; x_wconf 91' lang='grc'><strong>524</strong></span> 
     </span>
     <span class='ocr_line' id='line_1_30' title="bbox 62 1922 843 1969; baseline 0 -9"><span class='ocrx_word' id='word_1_190' title='bbox 62 1924 174 1960; x_wconf 88' lang='lat' dir='ltr'><strong>Lator</strong></span> <span class='ocrx_word' id='word_1_191' title='bbox 209 1923 434 1969; x_wconf 89' lang='lat' dir='ltr'><strong>presentium</strong></span> <span class='ocrx_word' id='word_1_192' title='bbox 465 1922 725 1969; x_wconf 85' lang='lat' dir='ltr'><strong>E(verhardus)</strong></span> <span class='ocrx_word' id='word_1_193' title='bbox 773 1924 843 1960; x_wconf 89' lang='grc'><strong>396</strong></span> 
     </span>
     <span class='ocr_line' id='line_1_31' title="bbox 62 1982 842 2029; baseline 0 -10"><span class='ocrx_word' id='word_1_194' title='bbox 62 1983 175 2019; x_wconf 88' lang='lat' dir='ltr'><strong>Lator</strong></span> <span class='ocrx_word' id='word_1_195' title='bbox 198 1982 421 2029; x_wconf 87' lang='lat' dir='ltr'><strong>presentium</strong></span> <span class='ocrx_word' id='word_1_196' title='bbox 446 1982 484 2018; x_wconf 94' lang='lat' dir='ltr'><strong>in</strong></span> <span class='ocrx_word' id='word_1_197' title='bbox 540 2009 547 2017; x_wconf 92' lang='lat'><strong><em>.</em></strong></span> <span class='ocrx_word' id='word_1_198' title='bbox 599 2009 606 2017; x_wconf 94' lang='lat'><strong>.</strong></span> <span class='ocrx_word' id='word_1_199' title='bbox 658 2009 665 2018; x_wconf 89' lang='lat'><strong><em>.</em></strong></span> <span class='ocrx_word' id='word_1_200' title='bbox 716 2009 730 2028; x_wconf 15' lang='lat' dir='ltr'><strong>‚v</strong></span> <span class='ocrx_word' id='word_1_201' title='bbox 772 1983 842 2019; x_wconf 89' lang='grc'><strong>451</strong></span> 
     </span>
     <span class='ocr_line' id='line_1_32' title="bbox 63 2042 843 2089; baseline 0 -11"><span class='ocrx_word' id='word_1_202' title='bbox 63 2043 176 2079; x_wconf 88' lang='lat' dir='ltr'><strong>Lator</strong></span> <span class='ocrx_word' id='word_1_203' title='bbox 198 2042 421 2089; x_wconf 90' lang='lat' dir='ltr'><strong>presentium</strong></span> <span class='ocrx_word' id='word_1_204' title='bbox 445 2042 502 2078; x_wconf 86' lang='lat' dir='ltr'><strong>vir</strong></span> <span class='ocrx_word' id='word_1_205' title='bbox 539 2068 547 2077; x_wconf 92' lang='lat'><strong>.</strong></span> <span class='ocrx_word' id='word_1_206' title='bbox 599 2069 606 2076; x_wconf 97' lang='lat'>.</span> <span class='ocrx_word' id='word_1_207' title='bbox 716 2068 724 2077; x_wconf 93' lang='lat'><strong>.</strong></span> <span class='ocrx_word' id='word_1_208' title='bbox 773 2042 843 2078; x_wconf 91' lang='grc'><strong>552</strong></span> 
     </span>
     <span class='ocr_line' id='line_1_33' title="bbox 63 2101 843 2148; baseline -0.001 -10"><span class='ocrx_word' id='word_1_209' title='bbox 63 2101 196 2148; x_wconf 84' lang='lat' dir='ltr'><strong>Lectis,</strong></span> <span class='ocrx_word' id='word_1_210' title='bbox 222 2102 470 2138; x_wconf 81' lang='lat' dir='ltr'><strong>amantissime</strong></span> <span class='ocrx_word' id='word_1_211' title='bbox 492 2105 597 2148; x_wconf 89' lang='lat' dir='ltr'><strong>pater</strong></span> <span class='ocrx_word' id='word_1_212' title='bbox 658 2128 665 2136; x_wconf 93' lang='lat'><strong>.</strong></span> <span class='ocrx_word' id='word_1_213' title='bbox 716 2128 724 2136; x_wconf 89' lang='lat'><strong>.</strong></span> <span class='ocrx_word' id='word_1_214' title='bbox 773 2102 843 2137; x_wconf 88' lang='grc'><strong>208</strong></span> 
     </span>
     <span class='ocr_line' id='line_1_34' title="bbox 63 2161 844 2198; baseline -0.001 -1"><span class='ocrx_word' id='word_1_215' title='bbox 63 2161 186 2198; x_wconf 79' lang='lat' dir='ltr'><strong>Lectis</strong></span> <span class='ocrx_word' id='word_1_216' title='bbox 211 2164 250 2197; x_wconf 90' lang='lat' dir='ltr'><strong>et</strong></span> <span class='ocrx_word' id='word_1_217' title='bbox 271 2161 415 2197; x_wconf 88' lang='lat' dir='ltr'><strong>relectis</strong></span> <span class='ocrx_word' id='word_1_218' title='bbox 481 2187 724 2196; x_wconf 89' lang='lat'><strong>.....</strong></span> <span class='ocrx_word' id='word_1_219' title='bbox 774 2161 844 2197; x_wconf 92' lang='lat'><strong>108</strong></span> 
     </span>
     <span class='ocr_line' id='line_1_35' title="bbox 64 2220 844 2267; baseline -0.001 -10"><span class='ocrx_word' id='word_1_220' title='bbox 64 2221 224 2267; x_wconf 82' lang='lat' dir='ltr'><strong>Legatos</strong></span> <span class='ocrx_word' id='word_1_221' title='bbox 248 2223 287 2257; x_wconf 91' lang='lat' dir='ltr'><strong>et</strong></span> <span class='ocrx_word' id='word_1_222' title='bbox 308 2221 448 2256; x_wconf 81' lang='lat' dir='ltr'><strong>litteras</strong></span> <span class='ocrx_word' id='word_1_223' title='bbox 482 2247 724 2255; x_wconf 91' lang='grc'><strong>.....</strong></span> <span class='ocrx_word' id='word_1_224' title='bbox 774 2220 844 2256; x_wconf 90' lang='grc'><strong>226</strong></span> 
     </span>
     <span class='ocr_line' id='line_1_36' title="bbox 64 2279 845 2326; baseline -0.003 -9"><span class='ocrx_word' id='word_1_225' title='bbox 64 2281 143 2317; x_wconf 86' lang='lat' dir='ltr'><strong>Lex</strong></span> <span class='ocrx_word' id='word_1_226' title='bbox 167 2290 271 2316; x_wconf 88' lang='lat' dir='ltr'><strong>sacra</strong></span> <span class='ocrx_word' id='word_1_227' title='bbox 293 2280 448 2326; x_wconf 88' lang='lat' dir='ltr'><strong>precipit</strong></span> <span class='ocrx_word' id='word_1_228' title='bbox 483 2305 725 2316; x_wconf 89' lang='grc'><strong>.....</strong></span> <span class='ocrx_word' id='word_1_229' title='bbox 775 2279 845 2315; x_wconf 91' lang='grc'><strong>178</strong></span> 
     </span>
     <span class='ocr_line' id='line_1_37' title="bbox 65 2338 845 2376; baseline -0.003 0"><span class='ocrx_word' id='word_1_230' title='bbox 65 2340 170 2376; x_wconf 87' lang='lat' dir='ltr'><strong>Licet</strong></span> <span class='ocrx_word' id='word_1_231' title='bbox 192 2342 296 2376; x_wconf 88' lang='lat' dir='ltr'><strong>extra</strong></span> <span class='ocrx_word' id='word_1_232' title='bbox 318 2338 410 2376; x_wconf 89' lang='lat' dir='ltr'><strong>fines</strong></span> <span class='ocrx_word' id='word_1_233' title='bbox 424 2365 726 2374; x_wconf 91' lang='grc'><strong>......</strong></span> <span class='ocrx_word' id='word_1_234' title='bbox 774 2339 845 2375; x_wconf 89' lang='grc'><strong>468</strong></span> 
     </span>
     <span class='ocr_line' id='line_1_38' title="bbox 65 2397 845 2435; baseline -0.001 0"><span class='ocrx_word' id='word_1_235' title='bbox 65 2399 171 2435; x_wconf 89' lang='lat' dir='ltr'><strong>Licet</strong></span> <span class='ocrx_word' id='word_1_236' title='bbox 191 2397 291 2435; x_wconf 87' lang='lat' dir='ltr'><strong>fama</strong></span> <span class='ocrx_word' id='word_1_237' title='bbox 314 2399 440 2435; x_wconf 88' lang='lat' dir='ltr'><strong>mortis</strong></span> <span class='ocrx_word' id='word_1_238' title='bbox 484 2425 726 2433; x_wconf 91' lang='grc'><strong>.....</strong></span> <span class='ocrx_word' id='word_1_239' title='bbox 775 2398 845 2434; x_wconf 88' lang='grc'><strong>553</strong></span> 
     </span>
     <span class='ocr_line' id='line_1_39' title="bbox 65 2458 844 2504; baseline 0 -10"><span class='ocrx_word' id='word_1_240' title='bbox 65 2458 170 2495; x_wconf 90' lang='lat' dir='ltr'><strong>Licet</strong></span> <span class='ocrx_word' id='word_1_241' title='bbox 192 2458 288 2494; x_wconf 90' lang='lat' dir='ltr'><strong>mille</strong></span> <span class='ocrx_word' id='word_1_242' title='bbox 312 2458 492 2504; x_wconf 88' lang='lat' dir='ltr'><strong>pressuris</strong></span> <span class='ocrx_word' id='word_1_243' title='bbox 542 2485 549 2493; x_wconf 89' lang='lat'><strong>.</strong></span> <span class='ocrx_word' id='word_1_244' title='bbox 600 2485 607 2493; x_wconf 89' lang='lat'><strong><em>.</em></strong></span> <span class='ocrx_word' id='word_1_245' title='bbox 660 2484 667 2492; x_wconf 95' lang='lat'>.</span> <span class='ocrx_word' id='word_1_246' title='bbox 718 2485 724 2492; x_wconf 95' lang='lat'><em>.</em></span> <span class='ocrx_word' id='word_1_247' title='bbox 776 2458 844 2494; x_wconf 93' lang='lat'>187</span> 
     </span>
     <span class='ocr_line' id='line_1_40' title="bbox 67 2517 846 2554; baseline -0.001 0"><span class='ocrx_word' id='word_1_248' title='bbox 67 2518 171 2554; x_wconf 90' lang='lat' dir='ltr'><strong>Licet</strong></span> <span class='ocrx_word' id='word_1_249' title='bbox 194 2517 311 2554; x_wconf 90' lang='lat' dir='ltr'><strong>modis</strong></span> <span class='ocrx_word' id='word_1_250' title='bbox 336 2517 504 2554; x_wconf 87' lang='lat' dir='ltr'><strong>omnibus</strong></span> <span class='ocrx_word' id='word_1_251' title='bbox 542 2544 548 2551; x_wconf 95' lang='lat'>.</span> <span class='ocrx_word' id='word_1_252' title='bbox 601 2544 609 2551; x_wconf 91' lang='lat'><strong>.</strong></span> <span class='ocrx_word' id='word_1_253' title='bbox 660 2544 667 2552; x_wconf 91' lang='lat'><strong>.</strong></span> <span class='ocrx_word' id='word_1_254' title='bbox 719 2544 725 2551; x_wconf 94' lang='lat'><strong><em>.</em></strong></span> <span class='ocrx_word' id='word_1_255' title='bbox 775 2518 846 2553; x_wconf 93' lang='grc'><strong>200</strong></span> 
     </span>
     <span class='ocr_line' id='line_1_41' title="bbox 66 2577 845 2614; baseline -0.001 -1"><span class='ocrx_word' id='word_1_256' title='bbox 66 2577 171 2613; x_wconf 87' lang='lat' dir='ltr'><strong>Licet</strong></span> <span class='ocrx_word' id='word_1_257' title='bbox 193 2578 354 2614; x_wconf 91' lang='lat' dir='ltr'><strong>omnium</strong></span> <span class='ocrx_word' id='word_1_258' title='bbox 377 2577 633 2613; x_wconf 78' lang='lat' dir='ltr'><strong>aecclesiarum</strong></span> <span class='ocrx_word' id='word_1_259' title='bbox 661 2604 667 2611; x_wconf 95' lang='lat'><em>.</em></span> <span class='ocrx_word' id='word_1_260' title='bbox 719 2603 724 2610; x_wconf 95' lang='lat'>.</span> <span class='ocrx_word' id='word_1_261' title='bbox 774 2577 845 2612; x_wconf 90' lang='grc'><strong>572</strong></span> 
     </span>
     <span class='ocr_line' id='line_1_42' title="bbox 67 2636 844 2683; baseline -0.001 -10"><span class='ocrx_word' id='word_1_262' title='bbox 67 2636 181 2683; x_wconf 87' lang='lat' dir='ltr'><strong>Licet,</strong></span> <span class='ocrx_word' id='word_1_263' title='bbox 205 2640 310 2683; x_wconf 88' lang='lat' dir='ltr'><strong>pater</strong></span> <span class='ocrx_word' id='word_1_264' title='bbox 334 2636 581 2672; x_wconf 84' lang='lat' dir='ltr'><strong>amantissime</strong></span> <span class='ocrx_word' id='word_1_265' title='bbox 601 2663 607 2670; x_wconf 94' lang='lat'><strong>.</strong></span> <span class='ocrx_word' id='word_1_266' title='bbox 660 2663 667 2670; x_wconf 92' lang='lat'>.</span> <span class='ocrx_word' id='word_1_267' title='bbox 718 2663 725 2670; x_wconf 94' lang='lat'><em>.</em></span> <span class='ocrx_word' id='word_1_268' title='bbox 774 2636 844 2672; x_wconf 89' lang='lat'><strong>446</strong></span> 
     </span>
     <span class='ocr_line' id='line_1_43' title="bbox 68 2696 845 2743; baseline -0.003 -11"><span class='ocrx_word' id='word_1_269' title='bbox 68 2696 181 2742; x_wconf 89' lang='lat' dir='ltr'><strong>Licet,</strong></span> <span class='ocrx_word' id='word_1_270' title='bbox 206 2699 320 2743; x_wconf 83' lang='lat' dir='ltr'><strong>pater,</strong></span> <span class='ocrx_word' id='word_1_271' title='bbox 344 2696 413 2732; x_wconf 91' lang='lat' dir='ltr'><strong>hoc</strong></span> <span class='ocrx_word' id='word_1_272' title='bbox 436 2699 598 2742; x_wconf 88' lang='lat' dir='ltr'><strong>tempore</strong></span> <span class='ocrx_word' id='word_1_273' title='bbox 660 2722 667 2730; x_wconf 92' lang='lat'><strong><em>.</em></strong></span> <span class='ocrx_word' id='word_1_274' title='bbox 719 2722 726 2730; x_wconf 92' lang='lat'>.</span> <span class='ocrx_word' id='word_1_275' title='bbox 775 2696 845 2731; x_wconf 90' lang='grc'><strong>382</strong></span> 
     </span>
     <span class='ocr_line' id='line_1_44' title="bbox 68 2755 843 2792; baseline -0.001 0"><span class='ocrx_word' id='word_1_276' title='bbox 68 2755 173 2792; x_wconf 90' lang='lat' dir='ltr'><strong>Licet</strong></span> <span class='ocrx_word' id='word_1_277' title='bbox 193 2766 314 2792; x_wconf 88' lang='lat' dir='ltr'><strong>rerum</strong></span> <span class='ocrx_word' id='word_1_278' title='bbox 337 2759 539 2792; x_wconf 87' lang='lat' dir='ltr'><strong>vestrarum</strong></span> <span class='ocrx_word' id='word_1_279' title='bbox 601 2782 608 2789; x_wconf 90' lang='lat'>.</span> <span class='ocrx_word' id='word_1_280' title='bbox 659 2781 665 2789; x_wconf 97' lang='lat'>.</span> <span class='ocrx_word' id='word_1_281' title='bbox 718 2781 725 2789; x_wconf 95' lang='lat'><strong><em>.</em></strong></span> <span class='ocrx_word' id='word_1_282' title='bbox 774 2755 843 2791; x_wconf 87' lang='lat'><strong>577</strong></span> 
     </span>
     <span class='ocr_line' id='line_1_45' title="bbox 69 2814 845 2860; baseline 0 -10"><span class='ocrx_word' id='word_1_283' title='bbox 69 2814 202 2860; x_wconf 91' lang='lat' dir='ltr'><strong>Liquet</strong></span> <span class='ocrx_word' id='word_1_284' title='bbox 225 2815 431 2852; x_wconf 88' lang='lat' dir='ltr'><strong>discretioni</strong></span> <span class='ocrx_word' id='word_1_285' title='bbox 454 2818 598 2851; x_wconf 87' lang='lat' dir='ltr'><strong>vestrae</strong></span> <span class='ocrx_word' id='word_1_286' title='bbox 659 2841 667 2848; x_wconf 92' lang='lat'><em>.</em></span> <span class='ocrx_word' id='word_1_287' title='bbox 718 2841 726 2849; x_wconf 95' lang='lat'><strong>.</strong></span> <span class='ocrx_word' id='word_1_288' title='bbox 775 2815 845 2850; x_wconf 87' lang='grc'><strong>560</strong></span> 
     </span>
     <span class='ocr_line' id='line_1_46' title="bbox 70 2874 843 2911; baseline -0.003 -1"><span class='ocrx_word' id='word_1_289' title='bbox 70 2874 228 2910; x_wconf 87' lang='lat' dir='ltr'><strong>Litterae</strong></span> <span class='ocrx_word' id='word_1_290' title='bbox 251 2874 444 2911; x_wconf 86' lang='lat' dir='ltr'><strong>humilitati</strong></span> <span class='ocrx_word' id='word_1_291' title='bbox 468 2884 571 2911; x_wconf 89' lang='lat' dir='ltr'><strong>meae</strong></span> <span class='ocrx_word' id='word_1_292' title='bbox 601 2901 609 2908; x_wconf 89' lang='lat'>.</span> <span class='ocrx_word' id='word_1_293' title='bbox 660 2900 667 2908; x_wconf 91' lang='lat'><strong>.</strong></span> <span class='ocrx_word' id='word_1_294' title='bbox 718 2899 726 2908; x_wconf 87' lang='lat'><strong>.</strong></span> <span class='ocrx_word' id='word_1_295' title='bbox 774 2874 843 2909; x_wconf 88' lang='grc'><strong>207</strong></span> 
     </span>
     <span class='ocr_line' id='line_1_47' title="bbox 71 2932 845 2981; baseline -0.001 -13"><span class='ocrx_word' id='word_1_296' title='bbox 71 2932 229 2969; x_wconf 86' lang='lat' dir='ltr'><strong>Litterae</strong></span> <span class='ocrx_word' id='word_1_297' title='bbox 252 2937 408 2980; x_wconf 80' lang='lat' dir='ltr'><strong>nostrae,</strong></span> <span class='ocrx_word' id='word_1_298' title='bbox 433 2945 524 2981; x_wconf 89' lang='lat' dir='ltr'><strong>quas</strong></span> <span class='ocrx_word' id='word_1_299' title='bbox 543 2961 551 2969; x_wconf 93' lang='lat'><em>.</em></span> <span class='ocrx_word' id='word_1_300' title='bbox 602 2960 610 2968; x_wconf 93' lang='lat'>.</span> <span class='ocrx_word' id='word_1_301' title='bbox 661 2960 668 2967; x_wconf 93' lang='lat'>.</span> <span class='ocrx_word' id='word_1_302' title='bbox 720 2959 727 2967; x_wconf 90' lang='lat'>.</span> <span class='ocrx_word' id='word_1_303' title='bbox 775 2932 845 2968; x_wconf 91' lang='grc'><strong>528</strong></span> 
     </span>
    </p>
   </div>
   <div class='ocr_carea' id='block_1_3' title="bbox 1576 154 1663 198">
    <p class='ocr_par' dir='ltr' id='par_1_3' title="bbox 1576 154 1663 198">
     <span class='ocr_line' id='line_1_48' title="bbox 1576 154 1663 198; baseline 0 0"><span class='ocrx_word' id='word_1_304' title='bbox 1576 154 1663 198; x_wconf 95' lang='grc'><strong>619</strong></span> 
     </span>
    </p>
   </div>
   <div class='ocr_carea' id='block_1_4' title="bbox 885 270 1672 2978">
    <p class='ocr_par' dir='ltr' id='par_1_4' title="bbox 885 270 1672 2978">
     <span class='ocr_line' id='line_1_49' title="bbox 1594 270 1664 298; baseline 0 -9"><span class='ocrx_word' id='word_1_305' title='bbox 1594 270 1664 298; x_wconf 82' lang='lat' dir='ltr'><strong>pag.</strong></span> 
     </span>
     <span class='ocr_line' id='line_1_50' title="bbox 885 312 1665 350; baseline -0.001 0"><span class='ocrx_word' id='word_1_306' title='bbox 885 314 1030 350; x_wconf 89' lang='lat' dir='ltr'><strong>Literae</strong></span> <span class='ocrx_word' id='word_1_307' title='bbox 1053 316 1198 350; x_wconf 87' lang='lat' dir='ltr'><strong>vestrae</strong></span> <span class='ocrx_word' id='word_1_308' title='bbox 1223 312 1271 349; x_wconf 87' lang='lat' dir='ltr'><strong>ad</strong></span> <span class='ocrx_word' id='word_1_309' title='bbox 1294 323 1362 349; x_wconf 88' lang='lat' dir='ltr'><strong>nos</strong></span> <span class='ocrx_word' id='word_1_310' title='bbox 1420 338 1428 348; x_wconf 84' lang='lat'><em>.</em></span> <span class='ocrx_word' id='word_1_311' title='bbox 1480 339 1487 347; x_wconf 97' lang='lat'>.</span> <span class='ocrx_word' id='word_1_312' title='bbox 1538 339 1546 347; x_wconf 93' lang='lat'><strong>.</strong></span> <span class='ocrx_word' id='word_1_313' title='bbox 1595 313 1665 349; x_wconf 87' lang='lat'>296</span> 
     </span>
     <span class='ocr_line' id='line_1_51' title="bbox 885 373 1664 409; baseline -0.001 0"><span class='ocrx_word' id='word_1_314' title='bbox 885 373 1043 409; x_wconf 86' lang='lat' dir='ltr'><strong>Litteras</strong></span> <span class='ocrx_word' id='word_1_315' title='bbox 1067 373 1271 409; x_wconf 85' lang='lat' dir='ltr'><strong>dilectionis</strong></span> <span class='ocrx_word' id='word_1_316' title='bbox 1295 375 1381 408; x_wconf 85' lang='lat' dir='ltr'><strong>tuae</strong></span> <span class='ocrx_word' id='word_1_317' title='bbox 1419 398 1427 406; x_wconf 88' lang='lat'><strong>.</strong></span> <span class='ocrx_word' id='word_1_318' title='bbox 1478 399 1486 407; x_wconf 85' lang='lat'><strong><em>.</em></strong></span> <span class='ocrx_word' id='word_1_319' title='bbox 1537 398 1544 407; x_wconf 93' lang='lat'><em>.</em></span> <span class='ocrx_word' id='word_1_320' title='bbox 1595 373 1664 408; x_wconf 93' lang='grc'><strong>397</strong></span> 
     </span>
     <span class='ocr_line' id='line_1_52' title="bbox 885 432 1665 469; baseline 0 -1"><span class='ocrx_word' id='word_1_321' title='bbox 885 433 1043 469; x_wconf 87' lang='lat' dir='ltr'><strong>Litteras</strong></span> <span class='ocrx_word' id='word_1_322' title='bbox 1068 432 1270 469; x_wconf 85' lang='lat' dir='ltr'><strong>dilectionis</strong></span> <span class='ocrx_word' id='word_1_323' title='bbox 1294 435 1439 469; x_wconf 86' lang='lat' dir='ltr'><strong>vestrae</strong></span> <span class='ocrx_word' id='word_1_324' title='bbox 1479 457 1489 467; x_wconf 85' lang='lat'><strong>.</strong></span> <span class='ocrx_word' id='word_1_325' title='bbox 1539 458 1547 466; x_wconf 93' lang='lat'>.</span> <span class='ocrx_word' id='word_1_326' title='bbox 1595 432 1665 468; x_wconf 88' lang='grc'><strong>501</strong></span> 
     </span>
     <span class='ocr_line' id='line_1_53' title="bbox 885 492 1667 529; baseline 0 -1"><span class='ocrx_word' id='word_1_327' title='bbox 885 492 1042 528; x_wconf 88' lang='lat' dir='ltr'><strong>Litteras</strong></span> <span class='ocrx_word' id='word_1_328' title='bbox 1067 495 1104 528; x_wconf 90' lang='lat' dir='ltr'><strong>et</strong></span> <span class='ocrx_word' id='word_1_329' title='bbox 1127 492 1278 529; x_wconf 88' lang='lat' dir='ltr'><strong>nuncios</strong></span> <span class='ocrx_word' id='word_1_330' title='bbox 1303 518 1545 528; x_wconf 90' lang='grc'><strong><em>.....</em></strong></span> <span class='ocrx_word' id='word_1_331' title='bbox 1597 492 1667 528; x_wconf 87' lang='grc'><strong>154</strong></span> 
     </span>
     <span class='ocr_line' id='line_1_54' title="bbox 885 551 1666 588; baseline 0.001 -1"><span class='ocrx_word' id='word_1_332' title='bbox 885 551 1043 587; x_wconf 84' lang='lat' dir='ltr'><strong>Litteras</strong></span> <span class='ocrx_word' id='word_1_333' title='bbox 1069 552 1305 588; x_wconf 84' lang='lat' dir='ltr'><strong>excellentiae</strong></span> <span class='ocrx_word' id='word_1_334' title='bbox 1329 555 1415 588; x_wconf 86' lang='lat' dir='ltr'><strong>tuae</strong></span> <span class='ocrx_word' id='word_1_335' title='bbox 1480 578 1488 587; x_wconf 94' lang='lat'>.</span> <span class='ocrx_word' id='word_1_336' title='bbox 1538 578 1546 586; x_wconf 90' lang='lat'><em>.</em></span> <span class='ocrx_word' id='word_1_337' title='bbox 1596 551 1666 588; x_wconf 89' lang='grc'><strong>315</strong></span> 
     </span>
     <span class='ocr_line' id='line_1_55' title="bbox 885 610 1665 648; baseline 0.003 -2"><span class='ocrx_word' id='word_1_338' title='bbox 885 611 1044 647; x_wconf 85' lang='lat' dir='ltr'><strong>Litteras</strong></span> <span class='ocrx_word' id='word_1_339' title='bbox 1067 610 1305 647; x_wconf 85' lang='lat' dir='ltr'><strong>fraternitatis</strong></span> <span class='ocrx_word' id='word_1_340' title='bbox 1329 615 1473 648; x_wconf 87' lang='lat' dir='ltr'><strong>vestrae</strong></span> <span class='ocrx_word' id='word_1_341' title='bbox 1538 638 1546 646; x_wconf 95' lang='lat'><strong><em>.</em></strong></span> <span class='ocrx_word' id='word_1_342' title='bbox 1596 612 1665 648; x_wconf 87' lang='grc'><strong>337</strong></span> 
     </span>
     <span class='ocr_line' id='line_1_56' title="bbox 885 670 1666 716; baseline 0.001 -10"><span class='ocrx_word' id='word_1_343' title='bbox 885 671 1056 716; x_wconf 87' lang='lat' dir='ltr'><strong>Litteras,</strong></span> <span class='ocrx_word' id='word_1_344' title='bbox 1079 673 1184 716; x_wconf 91' lang='lat' dir='ltr'><strong>pater</strong></span> <span class='ocrx_word' id='word_1_345' title='bbox 1206 670 1400 707; x_wconf 86' lang='lat' dir='ltr'><strong>karissime</strong></span> <span class='ocrx_word' id='word_1_346' title='bbox 1423 698 1430 706; x_wconf 91' lang='lat'><em>.</em></span> <span class='ocrx_word' id='word_1_347' title='bbox 1480 697 1489 707; x_wconf 85' lang='lat'><strong><em>.</em></strong></span> <span class='ocrx_word' id='word_1_348' title='bbox 1536 697 1545 706; x_wconf 86' lang='lat'><strong><em>.</em></strong></span> <span class='ocrx_word' id='word_1_349' title='bbox 1597 672 1666 708; x_wconf 94' lang='grc'><strong>123</strong></span> 
     </span>
     <span class='ocr_line' id='line_1_57' title="bbox 885 731 1667 776; baseline 0.003 -10"><span class='ocrx_word' id='word_1_350' title='bbox 885 731 1054 776; x_wconf 90' lang='lat' dir='ltr'><strong>Litteras,</strong></span> <span class='ocrx_word' id='word_1_351' title='bbox 1080 740 1170 776; x_wconf 88' lang='lat' dir='ltr'><strong>quas</strong></span> <span class='ocrx_word' id='word_1_352' title='bbox 1194 741 1260 776; x_wconf 89' lang='lat' dir='ltr'><strong>pro</strong></span> <span class='ocrx_word' id='word_1_353' title='bbox 1285 741 1397 767; x_wconf 89' lang='lat' dir='ltr'><strong>causa</strong></span> <span class='ocrx_word' id='word_1_354' title='bbox 1422 758 1430 766; x_wconf 92' lang='lat'><strong>.</strong></span> <span class='ocrx_word' id='word_1_355' title='bbox 1482 758 1489 766; x_wconf 93' lang='lat'><em>.</em></span> <span class='ocrx_word' id='word_1_356' title='bbox 1540 758 1547 766; x_wconf 96' lang='lat'>.</span> <span class='ocrx_word' id='word_1_357' title='bbox 1597 732 1667 768; x_wconf 90' lang='grc'><strong>535</strong></span> 
     </span>
     <span class='ocr_line' id='line_1_58' title="bbox 885 789 1666 838; baseline 0.004 -13"><span class='ocrx_word' id='word_1_358' title='bbox 885 789 1044 826; x_wconf 89' lang='lat' dir='ltr'><strong>Litteras</strong></span> <span class='ocrx_word' id='word_1_359' title='bbox 1068 790 1271 826; x_wconf 84' lang='lat' dir='ltr'><strong>sanctitatis</strong></span> <span class='ocrx_word' id='word_1_360' title='bbox 1295 793 1440 827; x_wconf 87' lang='lat' dir='ltr'><strong>vestrae</strong></span> <span class='ocrx_word' id='word_1_361' title='bbox 1462 801 1548 838; x_wconf 90' lang='lat' dir='ltr'><strong>per.</strong></span> <span class='ocrx_word' id='word_1_362' title='bbox 1598 792 1666 828; x_wconf 90' lang='lat'><strong>111</strong></span> 
     </span>
     <span class='ocr_line' id='line_1_59' title="bbox 886 849 1668 897; baseline 0.004 -12"><span class='ocrx_word' id='word_1_363' title='bbox 886 849 1028 887; x_wconf 86' lang='lat' dir='ltr'><strong>Literas</strong></span> <span class='ocrx_word' id='word_1_364' title='bbox 1053 849 1257 885; x_wconf 87' lang='lat' dir='ltr'><strong>sanctitatis</strong></span> <span class='ocrx_word' id='word_1_365' title='bbox 1277 853 1434 897; x_wconf 86' lang='lat' dir='ltr'><strong>vestrae,</strong></span> <span class='ocrx_word' id='word_1_366' title='bbox 1458 861 1550 897; x_wconf 87' lang='lat' dir='ltr'><strong>quas</strong></span> <span class='ocrx_word' id='word_1_367' title='bbox 1596 852 1668 887; x_wconf 83' lang='lat'><strong>433</strong></span> 
     </span>
     <span class='ocr_line' id='line_1_60' title="bbox 886 908 1668 947; baseline 0.005 -4"><span class='ocrx_word' id='word_1_368' title='bbox 886 909 1044 944; x_wconf 87' lang='lat' dir='ltr'><strong>Litteras</strong></span> <span class='ocrx_word' id='word_1_369' title='bbox 1067 908 1315 946; x_wconf 86' lang='lat' dir='ltr'><strong>universitatis</strong></span> <span class='ocrx_word' id='word_1_370' title='bbox 1339 913 1485 947; x_wconf 89' lang='lat' dir='ltr'><strong>vestrae</strong></span> <span class='ocrx_word' id='word_1_371' title='bbox 1540 937 1549 946; x_wconf 91' lang='lat'>.</span> <span class='ocrx_word' id='word_1_372' title='bbox 1599 911 1668 947; x_wconf 90' lang='grc'><strong>193</strong></span> 
     </span>
     <span class='ocr_line' id='line_1_61' title="bbox 886 968 1668 1015; baseline 0.004 -11"><span class='ocrx_word' id='word_1_373' title='bbox 886 968 1044 1004; x_wconf 87' lang='lat' dir='ltr'><strong>Litteras</strong></span> <span class='ocrx_word' id='word_1_374' title='bbox 1068 971 1222 1015; x_wconf 87' lang='lat' dir='ltr'><strong>vestras,</strong></span> <span class='ocrx_word' id='word_1_375' title='bbox 1247 980 1339 1014; x_wconf 85' lang='lat' dir='ltr'><strong>quas</strong></span> <span class='ocrx_word' id='word_1_376' title='bbox 1364 997 1371 1004; x_wconf 91' lang='lat'><strong><em>.</em></strong></span> <span class='ocrx_word' id='word_1_377' title='bbox 1423 996 1431 1005; x_wconf 93' lang='lat'><em>.</em></span> <span class='ocrx_word' id='word_1_378' title='bbox 1482 997 1490 1005; x_wconf 91' lang='lat'><strong>.</strong></span> <span class='ocrx_word' id='word_1_379' title='bbox 1540 997 1548 1006; x_wconf 92' lang='lat'><strong>.</strong></span> <span class='ocrx_word' id='word_1_380' title='bbox 1597 971 1668 1007; x_wconf 90' lang='lat'><strong>432</strong></span> 
     </span>
     <span class='ocr_line' id='line_1_62' title="bbox 887 1028 1667 1067; baseline 0.005 -4"><span class='ocrx_word' id='word_1_381' title='bbox 887 1028 1027 1064; x_wconf 88' lang='lat' dir='ltr'><strong>Littera</strong></span> <span class='ocrx_word' id='word_1_382' title='bbox 1049 1030 1135 1063; x_wconf 90' lang='lat' dir='ltr'><strong>tuae</strong></span> <span class='ocrx_word' id='word_1_383' title='bbox 1159 1029 1384 1065; x_wconf 82' lang='lat' dir='ltr'><strong>reverentiae</strong></span> <span class='ocrx_word' id='word_1_384' title='bbox 1423 1056 1429 1063; x_wconf 95' lang='lat'><strong>.</strong></span> <span class='ocrx_word' id='word_1_385' title='bbox 1482 1057 1490 1065; x_wconf 92' lang='lat'><strong>.</strong></span> <span class='ocrx_word' id='word_1_386' title='bbox 1542 1057 1549 1064; x_wconf 94' lang='lat'>.</span> <span class='ocrx_word' id='word_1_387' title='bbox 1598 1030 1667 1067; x_wconf 89' lang='lat'>561</span> 
     </span>
     <span class='ocr_line' id='line_1_63' title="bbox 887 1087 1669 1133; baseline 0.005 -11"><span class='ocrx_word' id='word_1_388' title='bbox 887 1087 1035 1123; x_wconf 88' lang='lat' dir='ltr'><strong>Litteris</strong></span> <span class='ocrx_word' id='word_1_389' title='bbox 1058 1088 1286 1133; x_wconf 87' lang='lat' dir='ltr'><strong>paternitatis</strong></span> <span class='ocrx_word' id='word_1_390' title='bbox 1310 1092 1455 1125; x_wconf 88' lang='lat' dir='ltr'><strong>vestrae</strong></span> <span class='ocrx_word' id='word_1_391' title='bbox 1482 1116 1490 1124; x_wconf 90' lang='lat'><em>.</em></span> <span class='ocrx_word' id='word_1_392' title='bbox 1541 1116 1549 1125; x_wconf 92' lang='lat'><strong>.</strong></span> <span class='ocrx_word' id='word_1_393' title='bbox 1599 1090 1669 1126; x_wconf 87' lang='lat'>313</span> 
     </span>
     <span class='ocr_line' id='line_1_64' title="bbox 887 1147 1667 1193; baseline 0.005 -11"><span class='ocrx_word' id='word_1_394' title='bbox 887 1147 1036 1183; x_wconf 90' lang='lat' dir='ltr'><strong>Litteris</strong></span> <span class='ocrx_word' id='word_1_395' title='bbox 1059 1147 1274 1193; x_wconf 86' lang='lat' dir='ltr'><strong>prudentiae</strong></span> <span class='ocrx_word' id='word_1_396' title='bbox 1298 1151 1443 1185; x_wconf 85' lang='lat' dir='ltr'><strong>vestrae</strong></span> <span class='ocrx_word' id='word_1_397' title='bbox 1482 1176 1491 1185; x_wconf 92' lang='lat'><strong>.</strong></span> <span class='ocrx_word' id='word_1_398' title='bbox 1541 1177 1549 1185; x_wconf 91' lang='lat'><strong>.</strong></span> <span class='ocrx_word' id='word_1_399' title='bbox 1599 1151 1667 1186; x_wconf 91' lang='lat'><strong>231</strong></span> 
     </span>
     <span class='ocr_line' id='line_1_65' title="bbox 888 1207 1669 1252; baseline 0.005 -10"><span class='ocrx_word' id='word_1_400' title='bbox 888 1207 1073 1242; x_wconf 86' lang='lat' dir='ltr'><strong>Luctuosa</strong></span> <span class='ocrx_word' id='word_1_401' title='bbox 1097 1207 1242 1252; x_wconf 88' lang='lat' dir='ltr'><strong>quidem</strong></span> <span class='ocrx_word' id='word_1_402' title='bbox 1268 1210 1306 1243; x_wconf 92' lang='lat' dir='ltr'><strong>et</strong></span> <span class='ocrx_word' id='word_1_403' title='bbox 1365 1234 1373 1242; x_wconf 94' lang='lat'><strong>.</strong></span> <span class='ocrx_word' id='word_1_404' title='bbox 1425 1235 1433 1243; x_wconf 93' lang='lat'><strong>.</strong></span> <span class='ocrx_word' id='word_1_405' title='bbox 1483 1236 1490 1244; x_wconf 91' lang='lat'><strong>.</strong></span> <span class='ocrx_word' id='word_1_406' title='bbox 1542 1236 1549 1244; x_wconf 96' lang='lat'><strong><em>.</em></strong></span> <span class='ocrx_word' id='word_1_407' title='bbox 1599 1210 1669 1246; x_wconf 91' lang='grc'><strong>508</strong></span> 
     </span>
     <span class='ocr_line' id='line_1_66' title="bbox 888 1266 1669 1313; baseline 0.005 -11"><span class='ocrx_word' id='word_1_408' title='bbox 888 1267 1091 1302; x_wconf 89' lang='lat' dir='ltr'><strong>Luctuosas</strong></span> <span class='ocrx_word' id='word_1_409' title='bbox 1115 1266 1188 1302; x_wconf 90' lang='lat' dir='ltr'><strong>iam</strong></span> <span class='ocrx_word' id='word_1_410' title='bbox 1213 1277 1236 1302; x_wconf 90' lang='lat' dir='ltr'><strong>a</strong></span> <span class='ocrx_word' id='word_1_411' title='bbox 1258 1267 1367 1313; x_wconf 85' lang='lat' dir='ltr'><strong>longo</strong></span> <span class='ocrx_word' id='word_1_412' title='bbox 1423 1293 1432 1303; x_wconf 85' lang='lat'><strong>.</strong></span> <span class='ocrx_word' id='word_1_413' title='bbox 1483 1295 1491 1304; x_wconf 93' lang='lat'><strong><em>.</em></strong></span> <span class='ocrx_word' id='word_1_414' title='bbox 1543 1296 1550 1303; x_wconf 89' lang='lat'><strong>.</strong></span> <span class='ocrx_word' id='word_1_415' title='bbox 1600 1269 1669 1306; x_wconf 91' lang='grc'><strong>259</strong></span> 
     </span>
     <span class='ocr_line' id='line_1_67' title="bbox 888 1326 1669 1365; baseline 0.004 -3"><span class='ocrx_word' id='word_1_416' title='bbox 888 1326 1094 1362; x_wconf 91' lang='lat' dir='ltr'><strong>Luctuosus</strong></span> <span class='ocrx_word' id='word_1_417' title='bbox 1119 1336 1163 1362; x_wconf 92' lang='lat' dir='ltr'><strong>ac</strong></span> <span class='ocrx_word' id='word_1_418' title='bbox 1185 1326 1309 1362; x_wconf 89' lang='lat' dir='ltr'><strong>varius</strong></span> <span class='ocrx_word' id='word_1_419' title='bbox 1365 1353 1373 1361; x_wconf 92' lang='lat'><strong>.</strong></span> <span class='ocrx_word' id='word_1_420' title='bbox 1424 1354 1432 1363; x_wconf 87' lang='grc'><strong>.</strong></span> <span class='ocrx_word' id='word_1_421' title='bbox 1483 1355 1491 1363; x_wconf 94' lang='grc'><em>.</em></span> <span class='ocrx_word' id='word_1_422' title='bbox 1542 1355 1550 1363; x_wconf 91' lang='grc'><strong>.</strong></span> <span class='ocrx_word' id='word_1_423' title='bbox 1600 1330 1669 1365; x_wconf 92' lang='grc'><strong>209</strong></span> 
     </span>
     <span class='ocr_line' id='line_1_68' title="bbox 890 1385 1670 1431; baseline 0.003 -9"><span class='ocrx_word' id='word_1_424' title='bbox 890 1386 1071 1431; x_wconf 75' lang='lat' dir='ltr'><strong>Magistri</strong></span> <span class='ocrx_word' id='word_1_425' title='bbox 1095 1385 1299 1422; x_wconf 85' lang='lat' dir='ltr'><strong>Godeboldi</strong></span> <span class='ocrx_word' id='word_1_426' title='bbox 1364 1413 1372 1421; x_wconf 89' lang='lat'><strong>.</strong></span> <span class='ocrx_word' id='word_1_427' title='bbox 1423 1413 1431 1421; x_wconf 90' lang='lat'><strong>.</strong></span> <span class='ocrx_word' id='word_1_428' title='bbox 1483 1414 1491 1423; x_wconf 90' lang='lat'><strong>.</strong></span> <span class='ocrx_word' id='word_1_429' title='bbox 1543 1414 1551 1422; x_wconf 94' lang='lat'><em>.</em></span> <span class='ocrx_word' id='word_1_430' title='bbox 1598 1388 1670 1424; x_wconf 89' lang='grc'><strong>415</strong></span> 
     </span>
     <span class='ocr_line' id='line_1_69' title="bbox 889 1445 1671 1491; baseline 0.004 -10"><span class='ocrx_word' id='word_1_431' title='bbox 889 1446 1043 1491; x_wconf 84' lang='lat' dir='ltr'><strong>Magnae</strong></span> <span class='ocrx_word' id='word_1_432' title='bbox 1068 1445 1336 1482; x_wconf 90' lang='lat' dir='ltr'><strong>benivolentiae</strong></span> <span class='ocrx_word' id='word_1_433' title='bbox 1360 1450 1505 1483; x_wconf 87' lang='lat' dir='ltr'><strong>vestrae</strong></span> <span class='ocrx_word' id='word_1_434' title='bbox 1543 1474 1550 1482; x_wconf 95' lang='lat'><strong>.</strong></span> <span class='ocrx_word' id='word_1_435' title='bbox 1601 1449 1671 1484; x_wconf 92' lang='grc'><strong>600</strong></span> 
     </span>
     <span class='ocr_line' id='line_1_70' title="bbox 890 1503 1671 1550; baseline 0.003 -9"><span class='ocrx_word' id='word_1_436' title='bbox 890 1506 1060 1550; x_wconf 86' lang='lat' dir='ltr'><strong>Magnam</strong></span> <span class='ocrx_word' id='word_1_437' title='bbox 1084 1503 1197 1541; x_wconf 87' lang='lat' dir='ltr'><strong>fuisse</strong></span> <span class='ocrx_word' id='word_1_438' title='bbox 1222 1515 1270 1541; x_wconf 82' lang='lat' dir='ltr'><strong>ex</strong></span> <span class='ocrx_word' id='word_1_439' title='bbox 1306 1532 1549 1542; x_wconf 91' lang='grc'><strong>.....</strong></span> <span class='ocrx_word' id='word_1_440' title='bbox 1623 1508 1671 1543; x_wconf 91' lang='grc'><strong>80</strong></span> 
     </span>
     <span class='ocr_line' id='line_1_71' title="bbox 889 1564 1670 1610; baseline 0.004 -10"><span class='ocrx_word' id='word_1_441' title='bbox 889 1564 1149 1610; x_wconf 84' lang='lat' dir='ltr'><strong>Magnitudinis</strong></span> <span class='ocrx_word' id='word_1_442' title='bbox 1173 1568 1259 1601; x_wconf 89' lang='lat' dir='ltr'><strong>tuae</strong></span> <span class='ocrx_word' id='word_1_443' title='bbox 1283 1565 1422 1602; x_wconf 87' lang='lat' dir='ltr'><strong>litteras</strong></span> <span class='ocrx_word' id='word_1_444' title='bbox 1483 1593 1491 1601; x_wconf 93' lang='lat'>.</span> <span class='ocrx_word' id='word_1_445' title='bbox 1542 1593 1551 1602; x_wconf 89' lang='lat'><strong>.</strong></span> <span class='ocrx_word' id='word_1_446' title='bbox 1600 1567 1670 1603; x_wconf 88' lang='lat'><strong>549</strong></span> 
     </span>
     <span class='ocr_line' id='line_1_72' title="bbox 890 1624 1669 1670; baseline 0.005 -11"><span class='ocrx_word' id='word_1_447' title='bbox 890 1624 1130 1669; x_wconf 87' lang='lat' dir='ltr'><strong>Meminimus,</strong></span> <span class='ocrx_word' id='word_1_448' title='bbox 1156 1624 1255 1669; x_wconf 91' lang='lat' dir='ltr'><strong>quod</strong></span> <span class='ocrx_word' id='word_1_449' title='bbox 1277 1634 1344 1670; x_wconf 88' lang='lat' dir='ltr'><strong>per</strong></span> <span class='ocrx_word' id='word_1_450' title='bbox 1366 1652 1373 1659; x_wconf 94' lang='lat'><strong><em>.</em></strong></span> <span class='ocrx_word' id='word_1_451' title='bbox 1424 1652 1431 1660; x_wconf 96' lang='lat'>.</span> <span class='ocrx_word' id='word_1_452' title='bbox 1542 1653 1550 1662; x_wconf 92' lang='lat'>.</span> <span class='ocrx_word' id='word_1_453' title='bbox 1600 1628 1669 1663; x_wconf 90' lang='lat'><strong>311</strong></span> 
     </span>
     <span class='ocr_line' id='line_1_73' title="bbox 890 1683 1672 1723; baseline 0.006 -5"><span class='ocrx_word' id='word_1_454' title='bbox 890 1683 1053 1719; x_wconf 87' lang='lat' dir='ltr'><strong>Meminit</strong></span> <span class='ocrx_word' id='word_1_455' title='bbox 1077 1683 1221 1719; x_wconf 90' lang='lat' dir='ltr'><strong>dilectio</strong></span> <span class='ocrx_word' id='word_1_456' title='bbox 1245 1687 1310 1719; x_wconf 87' lang='lat' dir='ltr'><strong>tua</strong></span> <span class='ocrx_word' id='word_1_457' title='bbox 1366 1710 1374 1718; x_wconf 95' lang='lat'>.</span> <span class='ocrx_word' id='word_1_458' title='bbox 1484 1712 1491 1720; x_wconf 89' lang='lat'><strong><em>.</em></strong></span> <span class='ocrx_word' id='word_1_459' title='bbox 1543 1712 1551 1720; x_wconf 90' lang='lat'><strong>.</strong></span> <span class='ocrx_word' id='word_1_460' title='bbox 1599 1686 1672 1723; x_wconf 87' lang='lat'><strong>434</strong></span> 
     </span>
     <span class='ocr_line' id='line_1_74' title="bbox 890 1742 1671 1782; baseline 0.004 -4"><span class='ocrx_word' id='word_1_461' title='bbox 890 1743 1054 1778; x_wconf 85' lang='lat' dir='ltr'><strong>Meminit</strong></span> <span class='ocrx_word' id='word_1_462' title='bbox 1078 1742 1222 1778; x_wconf 89' lang='lat' dir='ltr'><strong>dilectio</strong></span> <span class='ocrx_word' id='word_1_463' title='bbox 1246 1746 1371 1779; x_wconf 89' lang='lat' dir='ltr'><strong>vestra</strong></span> <span class='ocrx_word' id='word_1_464' title='bbox 1425 1770 1431 1778; x_wconf 93' lang='lat'><strong>.</strong></span> <span class='ocrx_word' id='word_1_465' title='bbox 1542 1771 1550 1779; x_wconf 90' lang='lat'><em>.</em></span> <span class='ocrx_word' id='word_1_466' title='bbox 1600 1746 1671 1782; x_wconf 89' lang='lat'><strong>393</strong></span> 
     </span>
     <span class='ocr_line' id='line_1_75' title="bbox 890 1802 1670 1847; baseline 0.004 -10"><span class='ocrx_word' id='word_1_467' title='bbox 890 1802 1054 1838; x_wconf 88' lang='lat' dir='ltr'><strong>Meminit</strong></span> <span class='ocrx_word' id='word_1_468' title='bbox 1076 1802 1276 1847; x_wconf 87' lang='lat' dir='ltr'><strong>paternitas</strong></span> <span class='ocrx_word' id='word_1_469' title='bbox 1299 1805 1425 1839; x_wconf 87' lang='lat' dir='ltr'><strong>vestra</strong></span> <span class='ocrx_word' id='word_1_470' title='bbox 1484 1830 1492 1838; x_wconf 91' lang='lat'><strong>.</strong></span> <span class='ocrx_word' id='word_1_471' title='bbox 1543 1831 1550 1838; x_wconf 96' lang='lat'>.</span> <span class='ocrx_word' id='word_1_472' title='bbox 1599 1805 1670 1841; x_wconf 88' lang='lat'><strong>435</strong></span> 
     </span>
     <span class='ocr_line' id='line_1_76' title="bbox 890 1860 1670 1901; baseline 0.005 -4"><span class='ocrx_word' id='word_1_473' title='bbox 890 1862 1029 1897; x_wconf 87' lang='lat' dir='ltr'><strong>Memor</strong></span> <span class='ocrx_word' id='word_1_474' title='bbox 1053 1871 1133 1897; x_wconf 88' lang='lat' dir='ltr'><strong>esse</strong></span> <span class='ocrx_word' id='word_1_475' title='bbox 1158 1860 1268 1897; x_wconf 90' lang='lat' dir='ltr'><strong>debet</strong></span> <span class='ocrx_word' id='word_1_476' title='bbox 1308 1888 1550 1899; x_wconf 92' lang='grc'><strong>.....</strong></span> <span class='ocrx_word' id='word_1_477' title='bbox 1599 1865 1670 1901; x_wconf 89' lang='grc'><strong>317</strong></span> 
     </span>
     <span class='ocr_line' id='line_1_77' title="bbox 891 1921 1670 1967; baseline 0.006 -11"><span class='ocrx_word' id='word_1_478' title='bbox 891 1921 1080 1966; x_wconf 87' lang='lat' dir='ltr'><strong>Memores,</strong></span> <span class='ocrx_word' id='word_1_479' title='bbox 1105 1924 1210 1967; x_wconf 88' lang='lat' dir='ltr'><strong>pater</strong></span> <span class='ocrx_word' id='word_1_480' title='bbox 1233 1922 1480 1962; x_wconf 87' lang='lat' dir='ltr'><strong>amantissime</strong></span> <span class='ocrx_word' id='word_1_481' title='bbox 1542 1950 1550 1959; x_wconf 93' lang='lat'><strong><em>.</em></strong></span> <span class='ocrx_word' id='word_1_482' title='bbox 1601 1925 1670 1962; x_wconf 88' lang='lat'><strong>197</strong></span> 
     </span>
     <span class='ocr_line' id='line_1_78' title="bbox 891 1981 1668 2026; baseline 0.006 -9"><span class='ocrx_word' id='word_1_483' title='bbox 891 1981 1069 2017; x_wconf 89' lang='lat' dir='ltr'><strong>Memores</strong></span> <span class='ocrx_word' id='word_1_484' title='bbox 1095 1990 1231 2026; x_wconf 90' lang='lat' dir='ltr'><strong>sumus,</strong></span> <span class='ocrx_word' id='word_1_485' title='bbox 1256 1981 1354 2026; x_wconf 89' lang='lat' dir='ltr'><strong>quod</strong></span> <span class='ocrx_word' id='word_1_486' title='bbox 1425 2009 1432 2018; x_wconf 92' lang='lat'>.</span> <span class='ocrx_word' id='word_1_487' title='bbox 1484 2010 1492 2018; x_wconf 90' lang='lat'><strong>.</strong></span> <span class='ocrx_word' id='word_1_488' title='bbox 1543 2011 1550 2019; x_wconf 92' lang='lat'>.</span> <span class='ocrx_word' id='word_1_489' title='bbox 1601 1986 1668 2022; x_wconf 90' lang='lat'><strong>151</strong></span> 
     </span>
     <span class='ocr_line' id='line_1_79' title="bbox 890 2040 1669 2085; baseline 0.005 -8"><span class='ocrx_word' id='word_1_490' title='bbox 890 2041 1029 2077; x_wconf 88' lang='lat' dir='ltr'><strong>Memor</strong></span> <span class='ocrx_word' id='word_1_491' title='bbox 1052 2040 1323 2085; x_wconf 87' lang='lat' dir='ltr'><strong>supplicationis</strong></span> <span class='ocrx_word' id='word_1_492' title='bbox 1367 2068 1374 2076; x_wconf 92' lang='lat'><strong><em>.</em></strong></span> <span class='ocrx_word' id='word_1_493' title='bbox 1426 2069 1433 2076; x_wconf 91' lang='lat'>.</span> <span class='ocrx_word' id='word_1_494' title='bbox 1484 2069 1492 2078; x_wconf 88' lang='lat'><strong><em>.</em></strong></span> <span class='ocrx_word' id='word_1_495' title='bbox 1544 2070 1551 2078; x_wconf 90' lang='lat'><strong><em>.</em></strong></span> <span class='ocrx_word' id='word_1_496' title='bbox 1599 2045 1669 2081; x_wconf 91' lang='lat'><strong>597</strong></span> 
     </span>
     <span class='ocr_line' id='line_1_80' title="bbox 891 2100 1670 2140; baseline 0.005 -4"><span class='ocrx_word' id='word_1_497' title='bbox 891 2100 1028 2136; x_wconf 87' lang='lat' dir='ltr'><strong>Mestos</strong></span> <span class='ocrx_word' id='word_1_498' title='bbox 1051 2109 1119 2135; x_wconf 88' lang='lat' dir='ltr'><strong>vos</strong></span> <span class='ocrx_word' id='word_1_499' title='bbox 1143 2109 1226 2135; x_wconf 88' lang='lat' dir='ltr'><strong>esse</strong></span> <span class='ocrx_word' id='word_1_500' title='bbox 1250 2103 1288 2136; x_wconf 91' lang='lat' dir='ltr'><strong>et</strong></span> <span class='ocrx_word' id='word_1_501' title='bbox 1307 2126 1551 2138; x_wconf 91' lang='grc'><strong>.....</strong></span> <span class='ocrx_word' id='word_1_502' title='bbox 1600 2105 1670 2140; x_wconf 92' lang='grc'><strong>289</strong></span> 
     </span>
     <span class='ocr_line' id='line_1_81' title="bbox 891 2158 1671 2200; baseline 0.008 -5"><span class='ocrx_word' id='word_1_503' title='bbox 891 2159 1067 2195; x_wconf 86' lang='lat' dir='ltr'><strong>Miserunt</strong></span> <span class='ocrx_word' id='word_1_504' title='bbox 1090 2158 1137 2194; x_wconf 88' lang='lat' dir='ltr'><strong>ad</strong></span> <span class='ocrx_word' id='word_1_505' title='bbox 1161 2168 1228 2195; x_wconf 91' lang='lat' dir='ltr'><strong>nos</strong></span> <span class='ocrx_word' id='word_1_506' title='bbox 1249 2185 1550 2198; x_wconf 89' lang='grc'><strong>......</strong></span> <span class='ocrx_word' id='word_1_507' title='bbox 1599 2163 1671 2200; x_wconf 90' lang='grc'><strong>410</strong></span> 
     </span>
     <span class='ocr_line' id='line_1_82' title="bbox 891 2217 1671 2264; baseline 0.006 -10"><span class='ocrx_word' id='word_1_508' title='bbox 891 2219 1043 2255; x_wconf 89' lang='lat' dir='ltr'><strong>Mittetis</strong></span> <span class='ocrx_word' id='word_1_509' title='bbox 1066 2217 1171 2254; x_wconf 91' lang='lat' dir='ltr'><strong>nobis</strong></span> <span class='ocrx_word' id='word_1_510' title='bbox 1195 2229 1262 2264; x_wconf 89' lang='lat' dir='ltr'><strong>per</strong></span> <span class='ocrx_word' id='word_1_511' title='bbox 1310 2245 1551 2256; x_wconf 92' lang='grc'><strong>.....</strong></span> <span class='ocrx_word' id='word_1_512' title='bbox 1599 2222 1671 2259; x_wconf 87' lang='grc'><strong>424</strong></span> 
     </span>
     <span class='ocr_line' id='line_1_83' title="bbox 891 2278 1671 2318; baseline 0.006 -4"><span class='ocrx_word' id='word_1_513' title='bbox 891 2278 1028 2315; x_wconf 87' lang='lat' dir='ltr'><strong>Monita</strong></span> <span class='ocrx_word' id='word_1_514' title='bbox 1051 2281 1116 2314; x_wconf 92' lang='lat' dir='ltr'><strong>tua</strong></span> <span class='ocrx_word' id='word_1_515' title='bbox 1139 2288 1184 2313; x_wconf 84' lang='lat' dir='ltr'><strong>ex</strong></span> <span class='ocrx_word' id='word_1_516' title='bbox 1250 2304 1551 2316; x_wconf 90' lang='grc'><strong>......</strong></span> <span class='ocrx_word' id='word_1_517' title='bbox 1602 2282 1671 2318; x_wconf 89' lang='grc'><strong>194</strong></span> 
     </span>
     <span class='ocr_line' id='line_1_84' title="bbox 891 2336 1669 2378; baseline 0.005 -4"><span class='ocrx_word' id='word_1_518' title='bbox 891 2338 1024 2374; x_wconf 89' lang='lat' dir='ltr'><strong>Multas</strong></span> <span class='ocrx_word' id='word_1_519' title='bbox 1049 2336 1224 2373; x_wconf 89' lang='lat' dir='ltr'><strong>debemus</strong></span> <span class='ocrx_word' id='word_1_520' title='bbox 1248 2340 1286 2373; x_wconf 91' lang='lat' dir='ltr'><strong>et</strong></span> <span class='ocrx_word' id='word_1_521' title='bbox 1311 2363 1553 2376; x_wconf 91' lang='grc'><strong>.....</strong></span> <span class='ocrx_word' id='word_1_522' title='bbox 1600 2342 1669 2378; x_wconf 90' lang='grc'><strong>261</strong></span> 
     </span>
     <span class='ocr_line' id='line_1_85' title="bbox 892 2397 1669 2442; baseline 0.006 -10"><span class='ocrx_word' id='word_1_523' title='bbox 892 2397 1006 2433; x_wconf 86' lang='lat' dir='ltr'><strong>Multa</strong></span> <span class='ocrx_word' id='word_1_524' title='bbox 1028 2406 1116 2442; x_wconf 88' lang='lat' dir='ltr'><strong>sepe</strong></span> <span class='ocrx_word' id='word_1_525' title='bbox 1139 2400 1177 2432; x_wconf 93' lang='lat' dir='ltr'><strong>et</strong></span> <span class='ocrx_word' id='word_1_526' title='bbox 1199 2397 1327 2442; x_wconf 83' lang='lat' dir='ltr'><strong>gravia</strong></span> <span class='ocrx_word' id='word_1_527' title='bbox 1368 2423 1375 2432; x_wconf 89' lang='lat'><strong>.</strong></span> <span class='ocrx_word' id='word_1_528' title='bbox 1425 2423 1434 2433; x_wconf 89' lang='lat'><strong>.</strong></span> <span class='ocrx_word' id='word_1_529' title='bbox 1484 2425 1492 2434; x_wconf 89' lang='lat'><strong>.</strong></span> <span class='ocrx_word' id='word_1_530' title='bbox 1543 2426 1551 2434; x_wconf 89' lang='lat'><strong>.</strong></span> <span class='ocrx_word' id='word_1_531' title='bbox 1600 2401 1669 2437; x_wconf 88' lang='lat'><strong>291</strong></span> 
     </span>
     <span class='ocr_line' id='line_1_86' title="bbox 892 2456 1669 2502; baseline 0.005 -10"><span class='ocrx_word' id='word_1_532' title='bbox 892 2456 1106 2502; x_wconf 77' lang='lat' dir='ltr'><strong>Multiplices</strong></span> <span class='ocrx_word' id='word_1_533' title='bbox 1129 2456 1327 2502; x_wconf 84' lang='lat' dir='ltr'><strong>gratiarum</strong></span> <span class='ocrx_word' id='word_1_534' title='bbox 1366 2483 1374 2491; x_wconf 90' lang='lat'><strong><em>.</em></strong></span> <span class='ocrx_word' id='word_1_535' title='bbox 1425 2483 1432 2491; x_wconf 91' lang='lat'><strong>.</strong></span> <span class='ocrx_word' id='word_1_536' title='bbox 1484 2484 1492 2493; x_wconf 88' lang='lat'><strong>.</strong></span> <span class='ocrx_word' id='word_1_537' title='bbox 1543 2485 1551 2494; x_wconf 93' lang='lat'><strong>.</strong></span> <span class='ocrx_word' id='word_1_538' title='bbox 1600 2460 1669 2496; x_wconf 88' lang='lat'>387</span> 
     </span>
     <span class='ocr_line' id='line_1_87' title="bbox 891 2515 1670 2562; baseline 0.006 -11"><span class='ocrx_word' id='word_1_539' title='bbox 891 2515 1107 2562; x_wconf 89' lang='lat' dir='ltr'><strong>Multiplices</strong></span> <span class='ocrx_word' id='word_1_540' title='bbox 1131 2516 1330 2561; x_wconf 84' lang='lat' dir='ltr'><strong>gratiarum</strong></span> <span class='ocrx_word' id='word_1_541' title='bbox 1367 2542 1375 2550; x_wconf 89' lang='lat'><strong>.</strong></span> <span class='ocrx_word' id='word_1_542' title='bbox 1427 2543 1434 2550; x_wconf 93' lang='lat'>.</span> <span class='ocrx_word' id='word_1_543' title='bbox 1485 2543 1492 2551; x_wconf 91' lang='lat'>.</span> <span class='ocrx_word' id='word_1_544' title='bbox 1544 2544 1551 2552; x_wconf 93' lang='lat'>.</span> <span class='ocrx_word' id='word_1_545' title='bbox 1600 2519 1670 2555; x_wconf 86' lang='lat'><strong>525</strong></span> 
     </span>
     <span class='ocr_line' id='line_1_88' title="bbox 892 2575 1671 2621; baseline 0.005 -10"><span class='ocrx_word' id='word_1_546' title='bbox 892 2575 1044 2611; x_wconf 85' lang='lat' dir='ltr'><strong>Multum</strong></span> <span class='ocrx_word' id='word_1_547' title='bbox 1069 2575 1215 2621; x_wconf 90' lang='lat' dir='ltr'><strong>quidem</strong></span> <span class='ocrx_word' id='word_1_548' title='bbox 1239 2585 1327 2621; x_wconf 85' lang='lat' dir='ltr'><strong>egre</strong></span> <span class='ocrx_word' id='word_1_549' title='bbox 1368 2601 1376 2610; x_wconf 92' lang='lat'><strong>.</strong></span> <span class='ocrx_word' id='word_1_550' title='bbox 1426 2602 1434 2610; x_wconf 91' lang='lat'><strong>.</strong></span> <span class='ocrx_word' id='word_1_551' title='bbox 1544 2603 1552 2612; x_wconf 90' lang='lat'><strong>.</strong></span> <span class='ocrx_word' id='word_1_552' title='bbox 1602 2578 1671 2615; x_wconf 90' lang='lat'><strong>165</strong></span> 
     </span>
     <span class='ocr_line' id='line_1_89' title="bbox 893 2634 1670 2680; baseline 0.001 -10"><span class='ocrx_word' id='word_1_553' title='bbox 893 2634 1068 2680; x_wconf 78' lang='lat' dir='ltr'><strong>Negotia,</strong></span> <span class='ocrx_word' id='word_1_554' title='bbox 1094 2644 1164 2680; x_wconf 87' lang='lat' dir='ltr'><strong>que</strong></span> <span class='ocrx_word' id='word_1_555' title='bbox 1188 2634 1294 2671; x_wconf 91' lang='lat' dir='ltr'><strong>nobis</strong></span> <span class='ocrx_word' id='word_1_556' title='bbox 1308 2661 1551 2671; x_wconf 92' lang='grc'><strong>.....</strong></span> <span class='ocrx_word' id='word_1_557' title='bbox 1599 2637 1670 2674; x_wconf 85' lang='lat'><strong>408</strong></span> 
     </span>
     <span class='ocr_line' id='line_1_90' title="bbox 892 2694 1669 2741; baseline 0.003 -10"><span class='ocrx_word' id='word_1_558' title='bbox 892 2694 971 2731; x_wconf 88' lang='lat' dir='ltr'><strong>Nisi</strong></span> <span class='ocrx_word' id='word_1_559' title='bbox 994 2694 1182 2740; x_wconf 91' lang='lat' dir='ltr'><strong>repentina</strong></span> <span class='ocrx_word' id='word_1_560' title='bbox 1206 2694 1365 2741; x_wconf 89' lang='lat' dir='ltr'><strong>corporis</strong></span> <span class='ocrx_word' id='word_1_561' title='bbox 1428 2720 1435 2728; x_wconf 94' lang='lat'>.</span> <span class='ocrx_word' id='word_1_562' title='bbox 1544 2721 1552 2730; x_wconf 91' lang='lat'><em>.</em></span> <span class='ocrx_word' id='word_1_563' title='bbox 1600 2697 1669 2733; x_wconf 89' lang='lat'><strong>551</strong></span> 
     </span>
     <span class='ocr_line' id='line_1_91' title="bbox 893 2753 1671 2799; baseline 0.003 -9"><span class='ocrx_word' id='word_1_564' title='bbox 893 2753 1076 2799; x_wconf 88' lang='lat' dir='ltr'><strong>Nolentes‚</strong></span> <span class='ocrx_word' id='word_1_565' title='bbox 1101 2756 1275 2799; x_wconf 86' lang='lat' dir='ltr'><strong>quantum</strong></span> <span class='ocrx_word' id='word_1_566' title='bbox 1299 2754 1400 2790; x_wconf 92' lang='lat' dir='ltr'><strong>Deus</strong></span> <span class='ocrx_word' id='word_1_567' title='bbox 1427 2780 1434 2788; x_wconf 87' lang='lat'><strong>.</strong></span> <span class='ocrx_word' id='word_1_568' title='bbox 1485 2780 1493 2789; x_wconf 93' lang='lat'>.</span> <span class='ocrx_word' id='word_1_569' title='bbox 1544 2781 1552 2789; x_wconf 91' lang='lat'><strong>.</strong></span> <span class='ocrx_word' id='word_1_570' title='bbox 1624 2756 1671 2792; x_wconf 89' lang='lat'><strong>82</strong></span> 
     </span>
     <span class='ocr_line' id='line_1_92' title="bbox 892 2812 1669 2852; baseline 0.004 -3"><span class='ocrx_word' id='word_1_571' title='bbox 892 2813 974 2850; x_wconf 89' lang='lat' dir='ltr'><strong>Non</strong></span> <span class='ocrx_word' id='word_1_572' title='bbox 998 2812 1044 2849; x_wconf 89' lang='lat' dir='ltr'><strong>ab</strong></span> <span class='ocrx_word' id='word_1_573' title='bbox 1069 2823 1108 2849; x_wconf 91' lang='lat' dir='ltr'><strong>re</strong></span> <span class='ocrx_word' id='word_1_574' title='bbox 1131 2812 1225 2849; x_wconf 90' lang='lat' dir='ltr'><strong>hanc</strong></span> <span class='ocrx_word' id='word_1_575' title='bbox 1249 2839 1551 2848; x_wconf 89' lang='grc'><strong>......</strong></span> <span class='ocrx_word' id='word_1_576' title='bbox 1599 2815 1669 2852; x_wconf 88' lang='grc'><strong>266</strong></span> 
     </span>
     <span class='ocr_line' id='line_1_93' title="bbox 891 2872 1669 2918; baseline 0.004 -10"><span class='ocrx_word' id='word_1_577' title='bbox 891 2873 973 2909; x_wconf 86' lang='lat' dir='ltr'><strong>Non</strong></span> <span class='ocrx_word' id='word_1_578' title='bbox 997 2875 1055 2908; x_wconf 90' lang='lat' dir='ltr'><strong>est</strong></span> <span class='ocrx_word' id='word_1_579' title='bbox 1077 2883 1168 2918; x_wconf 90' lang='lat' dir='ltr'><strong>opus</strong></span> <span class='ocrx_word' id='word_1_580' title='bbox 1192 2872 1384 2909; x_wconf 90' lang='lat' dir='ltr'><strong>eruditioni</strong></span> <span class='ocrx_word' id='word_1_581' title='bbox 1425 2898 1433 2908; x_wconf 89' lang='lat'><strong>.</strong></span> <span class='ocrx_word' id='word_1_582' title='bbox 1485 2899 1492 2908; x_wconf 91' lang='lat'><strong><em>.</em></strong></span> <span class='ocrx_word' id='word_1_583' title='bbox 1543 2899 1551 2908; x_wconf 92' lang='lat'>.</span> <span class='ocrx_word' id='word_1_584' title='bbox 1599 2874 1669 2911; x_wconf 88' lang='grc'><strong>416</strong></span> 
     </span>
     <span class='ocr_line' id='line_1_94' title="bbox 892 2932 1669 2978; baseline 0.001 -9"><span class='ocrx_word' id='word_1_585' title='bbox 892 2932 972 2969; x_wconf 86' lang='lat' dir='ltr'><strong>Non</strong></span> <span class='ocrx_word' id='word_1_586' title='bbox 995 2933 1094 2978; x_wconf 87' lang='lat' dir='ltr'><strong>latet,</strong></span> <span class='ocrx_word' id='word_1_587' title='bbox 1119 2935 1223 2978; x_wconf 85' lang='lat' dir='ltr'><strong>pater</strong></span> <span class='ocrx_word' id='word_1_588' title='bbox 1251 2958 1550 2968; x_wconf 92' lang='grc'><strong>......</strong></span> <span class='ocrx_word' id='word_1_589' title='bbox 1598 2933 1669 2970; x_wconf 88' lang='grc'><strong>425</strong></span> 
     </span>
    </p>
   </div>
  </div>
 </body>
</html>
