1924 3288
151 290 243 326 1153

90 348 117 370 e.
128 340 204 378 Aug.
217 339 301 379 Sept.

313 180 400 224 558
817 193 1016 224 wmALm
1043 193 1263 228 sms'roLA
1289 193 1362 224 421.

312 300 393 343 que
422 286 576 331 dieitur
604 286 771 344 Fanias,
801 301 935 345 usque
964 288 1019 332 ad
1046 287 1219 333 fluvium
1250 289 1322 344 qui
1353 289 1506 334 dicitur
1524 287 1713 334 Wisera·
1749 287 1868 347 Opus

311 378 410 408 vero
446 364 638 409 maliciae
674 366 779 410 iuris
809 365 1010 410 vocabulo
1048 366 1260 424 palliavit,
1300 369 1343 410 et
1378 366 1523 411 taliter
1556 365 1868 412 inbeneficiatos

312 442 474 486 edituos
512 443 758 500 appellavit,
796 457 878 500 quo
915 444 1083 488 nomine
1112 445 1254 488 vocari
1291 443 1427 488 solent
1462 443 1870 500 01000011110119001

311 520 458 577 templi
478 520 559 564 Dei
589 524 632 565 et
661 535 876 566 sacrorum
906 522 1110 566 custodes.
1152 521 1259 566 Cum
1277 522 1420 579 itaque
1439 522 1598 567 malum
1615 522 1695 567 hoe
1712 522 1870 567 11οΜ

311 598 570 655 temporibus
606 599 808 656 pestifera
842 595 1073 657 propagine
1107 614 1238 657 081100
1270 600 1373 644 adeo
1403 604 1515 645 esset
1543 599 1871 656 dilataturus-nt,

252 688 254 694 ·
311 689 397 719 non
434 675 570 720 solum
606 677 718 721 inter
746 677 899 721 Fanias
937 680 980 721 et
1009 677 1236 734 wiseram,
1276 682 1341 722 set
1370 679 1499 722 etiam
1536 681 1871 735 quaquaversum

311 754 487 798 circuire
523 757 722 812 poterant
749 755 855 799 tales
885 755 1077 799 custodes
1109 757 1210 813 quin
1239 757 1380 814 potius
1409 756 1651 813 iniquitatis¹
1671 758 1871 814 procum*

311 834 443 888 tores,
479 832 659 877 famulos
698 833 922 878 aecclesiae
951 837 1154 877 vexarent
1191 833 1294 878 diris
1333 834 1640 890 exactionibus,
1676 832 1872 878 videlicet

310 909 582 967 hospitando,
620 911 829 969 precando
860 914 903 955 01
932 911 1187 955 substantias
1219 925 1384 968 eorum,
1425 912 1462 956 si
1491 911 1584 969 quis
1612 923 1799 956 uxorem
1815 910 1871 955 de

311 987 474 1032 familia
503 988 728 1033 aecclesiae
746 1002 832 1032 non
854 988 1082 1046 habuisset,
1113 990 1352 1047 parciendo,
1385 989 1699 1046 affligebantur·
1725 991 1768 1034 01
1785 987 1871 1033 010-
1920 1013 1921 1016 =

313 1070 534 1110 maverunt
572 1067 626 1110 ad
661 1066 889 1112 Dominum
928 1082 1025 1112 cum
1060 1068 1382 1123 tribularentur,
1425 1071 1468 1112 et
1504 1070 1602 1125 post
1637 1066 1796 1111 multas
1829 1068 1890 1111 et-

312 1143 459 1200 longas
496 1145 550 1188 ad
585 1144 803 1189 ecclesiam
840 1149 883 1190 et
921 1147 975 1190 ad
1003 1160 1079 1190 nos
1109 1146 1427 1190 vociferationes
1465 1145 1516 1189 110
1552 1143 1871 1190 necessitatibus

314 1236 459 1267 eorum
489 1223 644 1280 eripuit
674 1236 744 1267 eos
774 1227 963 1281 tempore
992 1223 1079 1280 illo,
1111 1237 1206 1268 cum
1231 1223 1400 1267 inclitus
1422 1222 1615 1267 dominus
1634 1225 1779 1267 noster
1794 1235 1872 1268 rex

313 1300 550 1345 Friderieus
570 1300 827 1358 Aquisgrani
846 1305 1082 1346 moraretur
1094 1298 1116 1345 ¹.
1156 1301 1214 1345 Et
1232 1305 1320 1345 tam
1344 1305 1488 1345 nostro
1510 1314 1637 1358 quam
1654 1300 1872 1345 hominum

313 1378 482 1423 illorum
512 1378 706 1435 clamore,
738 1380 810 1436 qui
841 1380 894 1423 ad
924 1380 1084 1424 curiam
1112 1379 1246 1436 ipsius
1277 1379 1442 1423 circiter
1465 1378 1634 1423 ducenti
1651 1371 1871 1424 concurre—

313 1460 431 1512 rant,
469 1456 712 1513 miseratus,
751 1458 932 1514 quesivit
970 1458 996 1501 a
1033 1457 1214 1514 quodam
1249 1456 1381 1501 nobili
1408 1457 1500 1501 viro
1534 1455 1782 1501 Mareuardo
1819 1456 1872 1500 de

314 1533 554 1578 Grumbach
591 1536 843 1579 sententiam
879 1535 1044 1579 iudicii:
1081 1538 1224 1579 utrum
1261 1534 1413 1591 aliquis
1451 1534 1579 1579 abbas
1612 1536 1758 1592 posset
1784 1533 1872 1578 oui-

315 1626 442 1669 quam
477 1611 584 1656 laico
622 1613 668 1655 10
705 1612 952 1657 beneficium
989 1616 1180 1671 prestare
1215 1625 1388 1656 censum
1417 1612 1506 1656 sive
1535 1611 1621 1656 alia
1646 1610 1874 1656 racioeinia

313 1689 543 1746 hominum,
580 1690 652 1747 qui
683 1690 736 1734 ad
766 1690 898 1735 altare
926 1691 1019 1735 iure
1047 1691 1326 1749 proprietario
1356 1690 1583 1747 pertinent,
1613 1688 1666 1734 110
1694 1701 1872 1746 quorum

314 1768 585 1827 pensionibus
629 1768 855 1812 luminaria
890 1769 1038 1826 templi
1075 1773 1118 1814 et
1151 1772 1263 1813 tecta
1299 1771 1591 1826 procurantur.
1657 1766 1873 1812 Consensn

314 1846 458 1904 itaque
488 1846 631 1890 domni
651 1846 911 1891 Coloniensis
942 1847 1244 1905 archiepiscopi
1263 1845 1443 1890 Arnoldi
1470 1845 1643 1890 secundi
1669 1847 1712 1890 et
1729 1843 1872 1889 domni

315 1923 559 1968 Leodiensis
595 1925 782 1982 episcopi
811 1925 999 1969 Heinrici
1028 1925 1200 1969 secundi
1231 1928 1273 1970 et
1302 1924 1446 1968 domni
1474 1915 1667 1968 Anselmi
1694 1921 1872 1968 Havele—

316 2002 530 2058 bergensis
561 2002 746 2060 episcopi
770 2006 812 2046 01
832 2004 1032 2059 omnium,
1064 2003 1136 2060 qui
1167 2005 1383 2060 presentes
1413 2001 1607 2058 aderant,
1641 2000 1872 2046 indicatum

317 2084 400 2126 est:
436 2095 488 2125 ex
517 2080 622 2124 iuris
651 2081 814 2125 ratione
844 2095 928 2124 non
950 2095 1075 2138 posse
1093 2079 1199 2136 fieri,
1231 2083 1274 2124 et
1301 2080 1347 2123 in
1375 2080 1544 2123 irritum
1573 2078 1724 2123 debere
1750 2077 1872 2123 reve-'-

316 2159 416 2203 cari.
455 2158 574 2210 Quod
604 2161 647 2202 01
674 2158 775 2202 fecit
803 2159 1018 2216 piissimus
1038 2172 1115 2203 rex
1134 2161 1280 2202 nostra
1298 2171 1422 2215 prece
1440 2155 1746 2214 interpellatus,
1773 2155 1873 2200 lieet

317 2239 523 2294 quartana
558 2236 673 2280 febre
709 2239 810 2281 tunc
845 2236 1075 2291 laboraret3
1116 2239 1159 2280 et
1191 2235 1298 2280 tales
1328 2234 1520 2280 custodes
1548 2234 1596 2278 in
1622 2236 1872 2292 perpetuum

319 2313 476 2359 aboleri
505 2314 701 2358 decrevit.
821 2314 922 2358 Inde
951 2328 1048 2359 cum
1078 2314 1131 2358 ad
1161 2314 1329 2358 domum
1360 2315 1567 2368 nostram,
1598 2324 1706 2369 quae
1735 2313 1803 2356 est
1826 2311 1872 2355 in

319 2392 464 2438 eodem
495 2391 670 2449 oppido,
705 2392 926 2436 fuissemus
957 2391 1156 2448 regressi,
1186 2391 1382 2436 convenit
1410 2390 1546 2434 omnis
1574 2387 1798 2434 multitudo
1826 2388 1872 2432 in

318 2469 523 2529 capellam
558 2472 766 2525 nostram,
806 2474 849 2514 et
883 2484 1027 2515 omnes
1055 2470 1174 2514 iussu
1203 2472 1345 2512 nostro
1374 2467 1618 2512 fidelitatem
1648 2465 1872 2511 aecelefflae

320 2552 363 2594 et
390 2547 526 2604 nobis,
555 2547 679 2591 tactis
702 2548 978 2592 sacrosanctis
998 2547 1202 2604 reliquiis,
1229 2547 1485 2590 iuraverunt.
1526 2545 1608 2589 Per
1627 2558 1754 2602 quam
1771 2557 1872 2588 mox

321 2625 503 2671 adiurati
539 2628 582 2670 et
618 2624 838 2669 ammoniti
874 2625 1090 2682 dixerunt,
1128 2624 1207 2669 hoc
1243 2625 1309 2668 sui
1345 2624 1450 2667 iuris
1487 2636 1598 2667 esse:
1636 2625 1685 2666 nt
1711 2621 1872 2667 nemini

319 2704 642 2762 hospitationem
678 2701 746 2746 vel
781 2703 1064 2760 precationem
1101 2702 1280 2747 debeant
1312 2701 1380 2746 vel
1415 2700 1631 2755 exolvant3
1668 2702 1733 2744 set
1767 2698 1872 2743 1111οὲ

320 2795 510 2840 quaeque
553 2780 744 2837 cognatio
789 2793 863 2824 seu
899 2780 1116 2838 parentela
1153 2779 1371 2838 proprium
1407 2778 1671 2823 censuarium
1706 2777 1870 2832 habeat,

417 2898 445 2920 a.
474 2888 647 2927 affligebant
668 2888 735 2918 cod.

416 2947 448 2983 1.
475 2957 507 2983 0.
525 2946 621 2994 Aug.
640 2946 742 2991 1153,
766 2947 808 2981 ut
830 2943 987 2981 videtur.
