1924 3262
553 193 751 223 wmALDI
779 191 1028 223 EPISTOLAE
1057 191 1107 221 27.
1129 190 1178 220 28.
1562 178 1645 223 105

83 289 157 334 vix
193 287 271 333 ulli
307 288 560 344 negotiatori
597 288 735 331 fuerat
774 288 987 345 exposita,
1026 286 1144 330 vobis
1176 286 1344 330 tandem
1376 285 1550 342 fulgoris
1582 287 1646 330 sui
1674 288 1765 324 1146
1779 299 1869 345 px·-

82 366 212 411 radiis
241 366 549 424 pretiosissima
578 366 824 423 comparuit.
885 365 965 417 Qui
995 365 1108 408 nitor
1136 364 1272 421 illius,
1305 365 1421 408 cuius
1453 369 1646 422 aspectus
1675 337 1763 374 1147
1777 348 1818 370 m.

84 448 149 489 est
178 443 358 489 salubris
391 448 432 488 et
462 445 800 499 iucundissimUS,
832 443 984 487 vestris
1017 444 1146 487 etiam
1176 443 1379 499 condigne
1402 444 1586 487 innotuit
1606 447 1648 487 et

83 522 337 580 complacuit
367 523 599 578 obtutibus3
634 522 729 566 sed⁶¹
761 522 860 578 quia
889 521 980 565 Deo
1012 522 1233 565 ordinante
1264 521 1315 565 de
1341 522 1515 579 propria
1534 535 1647 565 com—

81 601 234 657 munis,
267 601 318 645 de
347 605 493 645 nostra
521 602 607 644 iam
638 603 778 645 vestra
810 603 851 643 et
880 603 1026 643 nostra
1055 600 1167 643 facta
1197 603 1273 655 est,
1306 613 1432 656 quam
1462 600 1647 644 studiose
1714 593 1718 601 '

81 679 237 735 foveri,
277 693 402 736 quam
440 679 660 734 diligenter
696 678 843 722 haberi
883 681 924 720 et
954 678 1089 721 teneri
1120 678 1288 733 debeat,
1327 681 1468 721 vestra
1497 677 1646 722 melius

81 756 200 801 novit
239 757 431 801 eruditio.
492 757 550 800 Et
585 757 685 800 licet
723 756 774 799 de
814 755 1084 811 benignitatis
1124 759 1288 799 vestrae
1327 756 1646 800 mansuetudine

83 847 132 878 ac
169 835 388 878 suavitatis
427 835 644 879 dulcedine
675 848 760 878 non
789 834 1002 877 modicum
1033 832 1309 890 confidamus,
1350 837 1511 890 tamen,
1549 835 1648 891 quia

81 912 263 957 multum
294 912 333 956 ei
363 913 575 969 debemus,
608 927 732 969 quem
764 912 925 956 sincere
957 915 999 955 et
1029 925 1134 969 pure
1155 912 1381 968 diligimus,
1413 927 1489 970 per
1509 912 1647 956 Deum

82 1005 164 1048 quo
202 990 309 1034 nihil
347 991 590 1046 sublimius,
629 1005 705 1048 per
736 991 956 1034 caritatem
985 990 1213 1033 fraternam
1248 976 1330 1047 qua
1359 990 1465 1034 nihil
1482 979 1572 1034 'hoc
1601 991 1647 1034 in

81 1069 237 1113 mundo
274 1072 338 1114 est
367 1069 493 1113 altius
525 1069 830 1127 supplicamus,
870 1071 918 1112 ut
950 1082 1065 1124 eum,
1106 1069 1178 1124 qui
1207 1068 1363 1112 nostris
1393 1069 1646 1113 utilitatibus

16 1139 19 1146 ”
81 1146 256 1205 propter
285 1161 359 1191 vos
392 1147 446 1191 ad
475 1147 623 1191 horam
655 1147 893 1191 subtractus
926 1149 990 1190 est
1020 1150 1062 1190 et
1081 1149 1247 1190 vestrae
1266 1146 1364 1190 fidei
1385 1147 1645 1204 commissus,

81 1226 286 1281 condigno
324 1225 513 1270 habeatis
552 1225 729 1282 honore,
770 1228 975 1281 quatenus
1014 1239 1114 1280 erga
1148 1238 1293 1268 curam
1323 1226 1507 1282 suscepti
1537 1226 1646 1281 regi-

80 1305 221 1349 minis·
236 1319 284 1349 eo
310 1305 508 1349 libentius
531 1304 717 1360 desudet,
751 1317 830 1360 quo
852 1316 926 1346 vos
949 1303 1002 1347 ad
1023 1303 1318 1347 sustentandas
1339 1317 1488 1346 manus
1510 1303 1648 1361 Moysi

80 1383 275 1427 humeros
317 1382 621 1440 supposueritis
657 1382 844 1426 liberius.
906 1382 957 1425 In
992 1381 1071 1425 hoc
1101 1395 1197 1425 011111
1232 1381 1495 1425 Amalechite
1524 1377 1648 1425 fa‘cile

82 1461 273 1519 superari
309 1464 508 1519 poterunt
536 1461 677 1504 hostes
708 1460 928 1516 utriusque
961 1459 1179 1515 ecclesiae,
1220 1463 1385 1504 vestrae
1416 1460 1575 1504 scilicet
1606 1464 1648 1504 et

80 1543 260 1584 nostrae.

83 1682 164 1730 28.
199 1684 467 1728 Reinhardus
506 1684 632 1727 abbas
669 1684 962 1727 Reinhusensis
998 1683 1185 1726 Wz‘baldo
1216 1682 1336 1741 facto
1375 1683 1515 1725 abbati
1547 1682 1645 1725 Cor-

199 1763 350 1806 beiensi
376 1762 622 1819 yratulatur.
1460 1758 1531 1813 (M.
1560 1759 1644 1813 12.)

161 1871 163 1873 >
201 1884 348 1895 .....
377 1850 549 1894 tationis
589 1853 714 1907 atque
750 1850 942 1895 lectionis
981 1863 1059 1894 1100
1095 1850 1235 1893 minus
1274 1849 1412 1906 operis
1442 1849 1646 1893 instantia
1672 1856 1762 1892 1146
1776 1868 1821 1889 ex.
1835 1874 1868 1879 —

80 1929 442 1988 perseverantiam
482 1942 602 1972 suam
637 1928 792 1983 iugiter
830 1929 1028 1972 exercuit.
1090 1927 1197 1980 Quia
1232 1931 1375 1971 tamen
1404 1927 1531 1971 nimis
1562 1928 1645 1971 fre-
1671 1904 1762 1941 1147
1775 1907 1816 1937 in.

82 2011 255 2065 quentes
294 2010 565 2064 tempestates
603 2006 757 2050 mentis
794 2020 913 2050 meae
943 2006 1182 2050 naviculam
1212 2006 1397 2050 crebrius
1426 2006 1538 2050 inter
1567 2020 1644 2049 1111-

83 2086 205 2130 dosas
221 2119 223 2122 .
238 2089 280 2130 et
309 2085 564 2142 procellosas
595 2084 808 2128 molestias
838 2084 1086 2128 iactitabant
1116 2087 1158 2127 et
1188 2084 1508 2128 desiderabilem
1528 2087 1644 2128 tran-

83 2163 335 2221 quillitatem
376 2163 509 2220 ipsius
541 2162 808 2206 vehementer
839 2162 1164 2217 conturbabant,
1202 2176 1302 2205 usus
1333 2162 1505 2206 consilio
1538 2163 1646 2206 sicut

82 2242 210 2286 michi
239 2241 442 2295 v(ide)tur
471 2254 556 2283 non
586 2240 746 2295 inutili,
784 2240 929 2283 remisi
958 2239 1158 2283 fratribus
1188 2240 1293 2284 meis
1326 2254 1469 2284 omnes
1499 2255 1644 2284 mona-

82 2320 201 2363 sterii
230 2320 404 2375 reditus,
435 2322 483 2362 ut
512 2318 596 2375 ipsi
626 2332 703 2375 per
734 2316 930 2361 officiales
962 2331 1058 2361 suos
1083 2318 1224 2361 omnia
1242 2319 1460 2375 recipiant,
1491 2332 1569 2361 nec
1591 2318 1644 2362 ad

82 2411 231 2441 manus
269 2411 384 2441 meas
418 2429 566 2440 .....
590 2410 613 2439 0
644 2395 794 2439 talium
829 2395 1069 2453 respiciant.
1131 2395 1201 2439 Ad
1239 2410 1342 2453 opus
1373 2410 1472 2439 vero
1503 2410 1643 2439 meum

81 2478 247 2519 tantum
277 2475 420 2519 decem
441 2474 596 2518 solidos
619 2487 670 2517 ex
690 2473 756 2516 his
776 2473 981 2517 reditibus
1003 2474 1161 2531 excepi,
1195 2474 1475 2530 superadditis
1495 2473 1641 2531 paucis

80 2553 125 2596 in
157 2553 336 2609 quadam
367 2552 592 2596 solitudine
624 2552 757 2606 agris,
791 2565 892 2607 quos
925 2554 1089 2606 egomet
1119 2551 1333 2596 elaborare
1363 2551 1468 2608 cepi.
1530 2550 1640 2595 Malo

82 2630 193 2675 enim
222 2631 360 2674 minus
391 2630 544 2674 habere
575 2629 795 2686 potestatis
827 2628 893 2672 vel
924 2642 1030 2685 quae
1050 2629 1215 2672 videtur
1245 2628 1453 2684 utilitatis,
1485 2632 1532 2671 ut
1553 2643 1641 2672 am-

80 2708 190 2765 plius
221 2708 436 2765 possidere
466 2708 625 2765 possim
654 2706 986 2762 tranquillitatis.
1079 2706 1153 2750 Set
1182 2706 1266 2749 iam
1297 2710 1557 2751 revertamur
1588 2707 1642 2751 ad

80 2789 144 2841 te,
183 2786 492 2829 considerantes
523 2785 734 2829 mirabilia
765 2784 956 2839 Domini,
989 2797 1094 2840 quae
1124 2783 1413 2841 multipliciter
1444 2788 1640 2841 operatus

82 2866 146 2906 est
182 2863 293 2906 circa
329 2866 383 2907 te.
444 2863 670 2907 Enimvero
709 2862 828 2906 oumb
861 2876 959 2919 sepe
997 2862 1148 2905 tacitus
1186 2876 1234 2906 ea
1264 2875 1427 2906 mecum
1457 2862 1639 2919 revolvo,

176 2966 203 2988 a.
231 2957 286 2988 sed
305 2960 415 2998 scripsi
429 2970 486 2999 pro
508 2959 572 2989 sive
592 2959 640 2989 ed.
722 2958 751 2988 b.
779 2966 847 2988 cum
868 2959 912 2989 bis
934 2959 1043 2999 legitur
1065 2960 1095 2988 in
1116 2958 1185 2988 cod.
