1924 3288
585 202 783 235 wmALm
811 201 1031 235 nms'rom
1063 201 1132 234 160.
1554 189 1641 233 243

75 295 289 344 eloofionis
309 297 418 342 serie
439 300 482 342 et
501 298 742 349 sinceritate
762 298 928 356 plenius
946 297 1228 354 cognovisset3
1252 296 1480 342 arbitratus
1498 296 1655 352 etiam,

5 426 13 427 ἶ
73 387 349 433 personarum
377 375 698 420 translationem
728 377 780 422 de
812 377 1012 422 aecclesia
1043 376 1098 420 ad
1128 375 1393 432 aecclesiam,
1431 374 1500 419 vel
1531 374 1642 431 quod

73 466 158 498 una
185 466 367 512 persona
395 454 441 498 in
471 454 604 499 altera
635 455 838 499 aecclesia
866 455 1049 513 pastoris
1078 454 1125 498 in
1155 453 1290 499 altera
1318 454 1551 499 visitatoris
1581 453 1642 497 of-

72 530 215 577 ficium
259 532 466 589 obtineat,
514 533 568 577 ad
613 547 713 578 suae
758 533 1059 578 moderationis
1098 532 1380 589 gubernacula
1416 533 1639 590 pertinere.

73 608 247 655 Fuimus
277 614 421 655 tamen
452 611 504 655 ab
534 612 628 669 ipso
659 611 890 657 liberaliter
915 616 957 657 et
976 611 1202 657 honorifice
1222 612 1370 668 habiti,
1400 625 1486 655 non
1507 611 1644 655 solum

72 702 151 747 pro
179 689 417 734 reverentia
445 689 587 746 regiae
607 690 856 747 maiestatis,
888 692 1005 735 cuius
1026 691 1236 747 legatione
1255 690 1547 747 fungebamur,
1580 692 1644 733 set

74 766 203 812 etiam
237 781 316 825 pro
351 767 544 825 privatae
575 768 812 812 dilectionis
843 770 1000 826 gratia,
1042 783 1125 826 qua
1155 783 1232 813 nos
1262 769 1349 812 iam
1379 769 1545 826 pridem
1575 781 1644 812 co-

73 845 212 901 gnitos
249 845 318 903 pie
356 845 592 903 amplexari
632 846 828 902 dignatus
865 848 1015 892 fuerat.
1140 847 1257 891 Tunc
1295 848 1424 891 etiam
1460 847 1646 891 iniunxit

73 923 193 968 nobis
223 923 269 968 111
297 924 455 969 virtute
486 925 750 969 obedientiae
783 929 824 969 et
853 926 899 969 in
922 926 1170 970 remissione
1190 929 1460 983 peecatorum
1479 929 1644 970 nostro-

73 1015 189 1058 rum,
228 1004 276 1046 ut
315 1002 369 1047 ad
406 1002 674 1048 debellandos
713 1003 934 1048 christiani
970 1004 1153 1048 nominis
1188 1004 1330 1048 hostes
1361 1018 1411 1048 ac
1440 1004 1523 1048 Dei
1553 1017 1646 1048 aec-

74 1079 231 1125 clesiae
255 1083 488 1125 vastatores
520 1084 637 1125 trans
667 1081 814 1126 Albim
844 1096 971 1140 super
999 1096 1187 1140 paganos
1218 1083 1517 1138 militaremus3
1550 1097 1646 1127 cum

74 1161 216 1203 tamen
247 1158 393 1215 sciret,
431 1159 511 1203 hoc
540 1174 807 1217 nequaquam
839 1161 864 1204 a
893 1161 1014 1205 nobis
1046 1175 1170 1219 posse
1201 1160 1313 1217 fieri,
1344 1161 1429 1205 nisi
1460 1175 1513 1205 ex
1544 1160 1646 1205 Cor-

74 1236 256 1283 beiensis
288 1237 513 1283 aecclesiae
545 1253 731 1296 expensa
762 1242 804 1283 et
833 1239 1003 1284 milicia.

193 1314 312 1360 Misit
342 1330 440 1372 ergo
461 1316 726 1362 Corbeiensis
759 1317 961 1362 aecclesia
991 1318 1204 1362 communi
1234 1317 1407 1361 consilio
1440 1321 1482 1362 et
1501 1321 1646 1362 nostro

76 1407 250 1439 assensu
285 1394 390 1438 duos
429 1409 482 1439 ex
517 1395 718 1440 fratribus
759 1396 868 1452 suis,
899 1395 1164 1441 Waltherum
1202 1396 1364 1440 scilicet
1399 1397 1647 1442 monasterii

75 1473 260 1530 priorem
291 1476 333 1516 et
351 1472 608 1518 Reinherum
637 1474 901 1530 prepositum
933 1475 984 1519 de
1004 1475 1258 1531 Eresburch,
1290 1475 1404 1519 viros
1428 1489 1529 1519 sane
1548 1488 1647 1533 pro-

74 1550 164 1595 bati
207 1551 440 1596 testimonii
483 1554 526 1595 et
563 1551 764 1596 honestae
802 1554 1133 1598 conversationis
1172 1557 1238 1598 set
1273 1567 1410 1610 neque
1448 1553 1649 1611 profundi

76 1629 280 1674 sermonis
318 1642 454 1685 neque
493 1629 749 1686 disertioriS,
790 1635 974 1676 armatos
1006 1632 1176 1689 quidem
1205 1645 1292 1676 non
1323 1635 1413 1676 arte
1443 1635 1508 1675 set
1538 1631 1647 1676 veri-

74 1710 184 1764 tate,
215 1721 302 1751 non
330 1707 527 1750 facundia
557 1711 622 1751 set
651 1708 904 1754 innocentia.
952 1710 1024 1754 Hii
1054 1724 1272 1767 nunquam
1302 1710 1464 1754 curiam
1493 1709 1647 1754 Roma-

75 1798 175 1828 nam
204 1786 323 1842 prius
355 1786 630 1841 intraverant,
663 1789 706 1830 et
734 1791 1019 1844 pervenerunt
1050 1789 1103 1832 ad
1134 1789 1335 1832 domnum
1355 1802 1514 1846 papam
1534 1788 1648 1846 apud

77 1862 279 1907 Sanctum
300 1862 553 1920 Dyonisium
572 1863 619 1907 in
637 1864 851 1909 territorio
871 1865 1102 1910 Parisiensi
1114 1864 1136 1909 ¹.
1181 1867 1358 1911 Decima
1377 1867 1648 1924 postmodum

77 1938 170 1985 die'
191 1940 372 1985 absoluti
403 1944 501 1984 sunt
530 1941 577 1984 in
607 1941 778 1986 civitate
798 1942 962 2000 Meldis,
994 1943 1242 1989 confirmata
1270 1945 1389 2002 prius
1420 1945 1466 1988 in
1494 1945 1649 1990 celebri

76 2021 284 2063 conventu
317 2022 464 2062 nostra
494 2019 540 2062 in
571 2018 816 2064 Corbeiensi
847 2021 1049 2066 aecclesia
1079 2022 1281 2067 electione
1313 2027 1355 2067 et
1385 2024 1647 2067 ordinatione

77 2097 153 2141 sub
185 2096 252 2141 die
288 2098 343 2141 10
374 2096 466 2140 Kal.
494 2096 602 2140 Iulii.
653 2097 870 2154 Siquidem
908 2100 1161 2144 reverendus
1201 2115 1249 2144 ac
1286 2101 1383 2158 pius
1420 2104 1543 2159 pater
1572 2116 1648 2145 no-

77 2177 210 2218 stram
244 2175 501 2232 parvitatem
530 2175 700 2232 publica
729 2175 969 2221 laudatione
999 2179 1198 2235 prosequi
1229 2179 1424 2235 dignatus
1457 2183 1522 2223 est
1550 2194 1648 2223 nos-

78 2266 158 2309 que
189 2252 463 2310 amplissimis
495 2253 635 2297 verbis
668 2254 780 2311 apud
809 2254 975 2310 ignotos
1003 2257 1325 2313 commendavit,
1356 2258 1562 2301 mandans
1589 2258 1649 2302 le-

77 2331 186 2386 gatis
217 2334 260 2375 et
290 2345 365 2388 per
395 2332 510 2388 ipsos
543 2331 751 2387 omnibus,
783 2335 831 2376 ut
859 2346 936 2376 nos
959 2337 1160 2391 tanquam
1183 2338 1347 2392 patrem
1369 2339 1410 2379 et
1430 2336 1648 2379 dominum

78 2408 300 2465 diligerent
331 2412 456 2465 atque
488 2409 745 2453 honorarent
776 2413 914 2466 atque,
946 2424 1042 2455 cum
1072 2413 1178 2470 ipsis
1209 2416 1326 2457 tanto
1358 2414 1497 2457 studio
1526 2418 1569 2457 et
1586 2414 1648 2457 la-

76 2486 178 2530 bore
210 2487 386 2543 expetiti
415 2490 635 2545 tantopere
666 2487 992 2545 placuissemus,
1023 2503 1076 2534 ne
1106 2493 1206 2534 tunc
1238 2491 1460 2548 displicere
1490 2492 1649 2548 incipe-

77 2577 239 2620 remus,
279 2577 373 2608 cum
413 2565 465 2610 de
502 2565 706 2621 religione
743 2566 1012 2611 reformanda
1048 2571 1090 2612 et
1118 2569 1454 2625 possessionibus
1485 2569 1648 2613 recolli-

79 2642 224 2697 gendis
263 2656 386 2698 agere
423 2646 750 2701 temptaremuS,
796 2647 860 2687 set
899 2647 1012 2688 tam*¹
1048 2645 1102 2688 ad
1142 2646 1301 2690 ordinis
1339 2648 1649 2704 reparationem

79 2733 206 2776 quam
235 2720 290 2764 ad
319 2721 545 2765 fundorum
565 2721 918 2766 restaurationem
938 2723 1149 2767 communi
1170 2727 1213 2767 et
1232 2724 1406 2768 consilio
1428 2728 1470 2769 et
1491 2726 1647 2770 auxilio

175 2847 201 2870 a.
231 2841 293 2870 tam
315 2841 499 2871 addiderunt
521 2844 658 2872 Martene
680 2847 708 2870 et
729 2841 868 2871 Durnnd.

173 2903 205 2940 1.
234 2903 295 2940 die
321 2904 366 2940 10
390 2904 497 2941 Iunii.
530 2905 576 2942 V.
597 2916 708 2950 supra
739 2915 795 2950 ep.
815 2904 861 2940 46
885 2915 921 2950 p.
943 2906 1022 2942 123.
1118 2906 1153 2943 2.
1179 2906 1291 2945 immo
1311 2907 1455 2946 decimo
1480 2909 1540 2946 die
1564 2913 1649 2955 post

80 2959 177 2999 diem
206 2963 250 2999 13
274 2963 391 3011 Iunii3
417 2964 501 3001 vide
526 2964 616 3001 ibid.
642 2976 679 3011 p.
699 2965 778 3002 124.

1285 3032 1365 3070 161ἒ

1685 298 1776 336 1147

1664 349 1752 379 Mart.
1765 349 1805 379 30

1670 1800 1734 1830 Iun.
1750 1800 1788 1829 10

1671 2111 1735 2141 Iun.
1751 2112 1790 2140 22
