1924 3288
137 285 154 319 1
163 283 228 319 153

76 342 102 364 c.
115 334 190 372 Aug.
202 333 286 373 Sept.

134 2387 226 2423 1153

74 2445 100 2467 c.
111 2437 186 2475 Aug.
200 2436 284 2476 Sept.

300 167 387 211 556
744 175 942 207 WIBALDI
969 175 1218 207 nrrs'romn
1243 174 1315 206 419.
1340 174 1411 205 420.

300 274 379 318 hoc
409 273 545 318 eidem
563 272 702 316 villico
733 274 876 315 nostro
906 284 1060 328 panem
1088 271 1248 329 nuptiis
1270 270 1358 314 suis
1377 274 1648 328 preparatum
1664 272 1715 316 et'
1729 270 1856 316 boves

300 365 388 407 sex,
418 352 558 409 ipsum
587 363 741 407 panem
773 349 1061 405 subvehentes,
1092 348 1296 393 violenter
1324 348 1576 406 rapuissent,
1605 362 1692 393 non
1706 348 1856 394 ‘solum

299 429 429 475 nichil
457 428 731 486 profecimus3
770 441 937 484 verum,
973 426 1080 470 sicut
1109 426 1326 483 sequentia
1354 425 1664 483 demonstrant,
1694 429 1855 489 vestros

301 521 458 563 omnes,
489 509 537 550 ut
566 505 763 561 creditur,
797 505 850 549 ad
880 504 1193 563 oppressionem
1222 506 1411 548 nostram
1439 503 1668 549 animastis.
1711 504 1857 562 Neque

301 586 413 630 enim
442 587 628 642 putatur,
660 597 730 628 eos
761 586 851 627 tam
879 582 1055 638 grandia
1084 582 1239 639 absque
1259 585 1398 626 vestro
1427 582 1546 626 iussu
1575 585 1619 626 et
1638 581 1856 628 incheme

300 667 343 707 et
374 662 610 720 perfecisse.
672 661 994 705 Animadvertat
1023 673 1120 716 ergo
1150 660 1421 716 ingenuitatis
1451 663 1616 704 vestrae
1645 659 1855 718 honestas,

299 741 335 785 si
365 754 442 785 nos
473 743 516 784 et
544 740 696 783 fratres
726 742 912 795 nostros,
942 752 1166 796 personam
1196 740 1381 782 vestram
1411 751 1538 796 super
1567 751 1711 782 omnes
1738 737 1856 796 prin-

298 819 412 876 cipes
442 821 580 862 terrae
609 820 778 862 nostrae
809 816 1106 874 amplectentes
1137 819 1179 860 et
1209 816 1444 872 diligentes,
1475 816 1855 874 tantopere'oppri-

298 910 413 941 mere
443 895 645 940 debuistis
675 909 752 953 pro
783 894 1041 950 hominibuS,
1076 894 1167 951 qui,
1200 894 1279 938 etsi
1308 894 1442 938 nostri
1473 897 1591 951 sunt,
1621 897 1777 951 tamen,
1805 897 1856 939 ut

298 975 390 1032 ipse
426 987 603 1032 persepe
632 973 797 1017 vidistis
838 976 880 1017 et
913 972 1110 1028 audistiS,
1150 972 1175 1016 a
1203 972 1324 1016 nobis
1355 971 1565 1017 coherceri
1593 985 1857 1030 nequaquam

298 1059 487 1110 possunt,
519 1065 615 1095 cum
645 1051 717 1095 alii
746 1050 842 1107 vagi
874 1053 915 1094 et
944 1050 1112 1108 profugi
1140 1050 1437 1095 incertitudine
1467 1050 1732 1095 mansionum
1761 1063 1857 1096 sua«-

298 1145 392 1175 rum
422 1132 588 1174 nostros
618 1130 800 1187 impetus
833 1127 1054 1184 declinent,
1086 1128 1157 1171 alii
1178 1141 1277 1172 vero
1308 1128 1517 1185 obsequiis
1548 1127 1636 1172 suis
1658 1127 1722 1174 ita
1738 1128 1856 1187 prin-

299 1209 440 1266 cipum
470 1208 631 1252 animos
662 1207 742 1251 sibi
772 1206 1049 1262 devinxerint,
1084 1209 1132 1249 ut
1163 1206 1216 1249 ad
1245 1209 1433 1250 nostram
1463 1204 1662 1250 offensam
1693 1208 1736 1251 et
1764 1218 1856 1252 aec-

299 1286 450 1331 clesiae
479 1289 648 1330 nostrae
679 1284 993 1342 oppressionem
1023 1284 1074 1328 ab
1105 1283 1210 1342 ipsis
1240 1284 1394 1340 iugiter
1422 1287 1708 1341 protegantur.
1769 1283 1856 1329 Nos

298 1367 457 1420 autem,
492 1364 538 1407 in
568 1363 633 1407 his
665 1363 855 1406 omnibus
887 1362 1154 1418 antiquarum
1185 1361 1469 1406 amiciciarum
1498 1375 1726 1419 memores,
1757 1375 1856 1420 quo-1

297 1442 480 1486 relarum
509 1444 748 1485 nostrarum
771 1454 978 1484 summam
998 1440 1228 1484 nobilitatis
1249 1443 1415 1484 vestrae
1436 1439 1686 1496 benignitati
1703 1439 1856 1486 litteris

298 1519 532 1576 significare
570 1519 828 1563 curavimus:
868 1521 916 1562 ut
953 1531 1094 1562 amore
1124 1517 1205 1562 Dei
1243 1521 1285 1562 et
1321 1518 1538 1562 beatorum
1571 1517 1855 1575 apostolorum

296 1598 412 1642 Petri
451 1601 493 1642 et
521 1596 642 1640 Pauli
679 1597 894 1653 sanctique
928 1597 1063 1654 patris
1093 1596 1229 1640 nostri
1256 1595 1441 1640 Remacli
1471 1598 1514 1640 et
1541 1598 1734 1653 respectu
1762 1609 1855 1640 ora-

297 1677 459 1720 tionum
488 1678 727 1718 nostrarum
769 1674 1015 1718 damnorum
1045 1677 1285 1718 nostrorum
1320 1687 1398 1731 per
1426 1687 1500 1717 vos
1529 1673 1691 1731 potius,
1729 1687 1855 1731 quam

297 1767 373 1812 per
404 1752 531 1796 aliam
562 1752 790 1810 quamlibet
818 1755 1083 1810 potestatem,
1113 1752 1366 1810 recipiamus
1389 1751 1732 1796 emendationem.
1779 1751 1855 1796 Sin

298 1834 459 1887 autem,
496 1830 737 1875 violentiam
775 1830 895 1874 nobis
932 1830 1094 1874 illatam
1123 1829 1214 1874 Deo
1246 1843 1294 1873 ac
1324 1829 1492 1873 domino
1521 1832 1665 1874 nostro
1693 1829 1784 1886 regi
1813 1832 1856 1874 et

297 1909 490 1954 omnibus
527 1908 788 1967 principibus
827 1908 946 1964 regni
983 1910 1107 1965 atque
1142 1907 1379 1952 hominibus
1407 1907 1562 1952 nostris
1593 1910 1636 1952 et
1662 1906 1854 1953 fidelibus

298 1986 557 2032 Stabulensis
588 1986 811 2031 aecclesiae
841 1986 1039 2044 conqueri
1067 1985 1281 2030 habemus.

298 2129 416 2176 420.
444 2130 648 2174 Henrious
685 2146 816 2174 comes
853 2131 903 2174 de
936 2129 1115 2184 Salmes,
1152 2130 1384 2174 Wibaldwm
1416 2127 1638 2172 stabulaus
1671 2129 1852 2179 rediisse.

442 2209 606 2266 qatcdet.
667 2208 735 2252 De
761 2223 868 2265 pace
899 2209 1062 2252 turbata
1091 2223 1135 2251 se
1157 2214 1417 2266 praesentem
1456 2222 1548 2249 cum
1585 2221 1632 2249 eo
1667 2212 1854 2249 acturum

446 2301 540 2329 esse.
1635 2280 1708 2336 (Μ.
1730 2280 1850 2337 402.)

415 2373 640 2428 W(ibaldo)
666 2373 747 2418 Dei
777 2374 914 2430 gratia
934 2373 1173 2418 Stabulensi
1203 2373 1344 2418 abbati
1363 2371 1602 2427 H(enricus)
1632 2385 1771 2416 comes
1800 2371 1854 2416 de

298 2453 475 2509 Salmes,
506 2451 701 2509 quicquid
732 2451 890 2495 amicus
921 2452 1066 2495 amico.

414 2529 639 2575 Dilectioni
670 2532 833 2573 vestrae
862 2533 1009 2573 notum
1039 2529 1107 2585 sit,
1138 2528 1190 2573 de
1220 2528 1400 2572 adventu
1419 2530 1558 2572 vestro
1589 2539 1853 2584 summopere

297 2623 365 2653 me
404 2607 605 2664 gaudere,
643 2609 734 2651 tum
773 2620 847 2664 spe
886 2607 1056 2651 discreti
1094 2606 1257 2651 consilii
1286 2605 1415 2650 vestri
1452 2607 1543 2648 tum
1581 2603 1702 2648 solite
1733 2604 1850 2662 pacis

296 2687 407 2731 inter
435 2699 551 2729 meos
582 2684 770 2729 homines
801 2687 843 2728 et
862 2688 1023 2729 vestros
1053 2684 1361 2729 reformatione.
1403 2682 1599 2735 Quamvis
1627 2682 1738 2726 enim
1758 2682 1851 2739 vin-7

298 2763 437 2808 culum
467 2762 699 2807 dilectionis
729 2765 897 2806 nostrae
927 2762 1115 2806 homines
1146 2762 1275 2806 vestri
1304 2762 1431 2805 immo
1463 2759 1693 2804 adversarii
1721 2760 1850 2804 vestri

297 2855 492 2899 rumpere
521 2841 769 2896 moliuntur,
800 2839 889 2883 Deo
921 2841 1091 2896 gratias,
1121 2841 1407 2898 incorruptum
1438 2837 1652 2882 remansit.
1712 2836 1847 2881 Enar-

298 2933 392 2964 rare
413 2933 511 2964 vero
541 2918 709 2976 longum
742 2920 819 2974 est,
850 2931 956 2975 quae
987 2921 1029 2962 et
1059 2921 1214 2974 quanta
1244 2931 1295 2962 ex
1325 2916 1540 2974 utriusque
1564 2915 1694 2960 latere
1714 2914 1845 2972 partis
