1924 3288
582 157 781 187 WIBALDI
809 155 1028 188 nms'rom
1058 155 1128 186 3⁷5.
1547 146 1634 188 503

77 248 195 298 375.
218 250 429 296 Wibaldus
457 249 649 310 Euqenio
669 251 742 296 III
758 267 902 310 papae
933 253 983 295 de
1011 251 1226 295 Friderieo
1247 251 1277 295 I
1296 266 1392 309 φερε
1423 253 1634 295 constituto

40 320 43 325 ’
221 329 353 388 deque
380 345 520 373 rer-mn
548 337 656 373 statu
687 336 930 373 commutato
962 329 1144 373 ostendit.
1419 327 1492 382 (Μ.
1515 329 1634 383 344.)

192 417 435 463 Reverendo
464 418 577 476 patri
608 431 682 462 suo
714 421 756 462 et
785 418 954 462 domino
974 417 1198 474 E(ugenio)
1229 417 1372 462 divina
1400 417 1539 474 gratia
1561 417 1636 461 uni
1662 421 1754 457 1152

74 500 119 543 et
153 495 383 541 universali
417 509 554 554 papae
582 496 714 540 frater
743 495 815 540 ille
844 499 983 540 vester
995 493 1019 551 ¹,
1058 495 1140 540 Dei
1171 498 1213 539 et
1241 499 1383 540 vestra
1411 495 1549 552 gratia
1578 495 1635 552 id,
1660 470 1747 502 mm

74 574 186 633 quod
216 577 281 619 est
308 574 355 618 in
384 573 586 618 aecclesia
615 573 831 630 catholica,
863 587 908 617 se
937 573 1078 631 ipsum
1107 574 1153 617 in
1181 572 1264 618 fide
1295 577 1337 618 et
1365 573 1555 618 veritate.

190 652 320 708 Ecce,
359 651 596 696 venerande
632 654 774 709 pater,
815 651 927 708 quod
956 651 1130 695 verebar
1166 651 1328 695 accidit.
1389 651 1447 696 Et
1476 652 1529 696 ob
1559 651 1638 696 1100

74 730 194 788 quasi
224 730 367 774 divino
397 733 441 774 et
468 730 632 788 prescio
663 729 829 787 spiritu,
861 742 957 773 cum
987 742 1123 773 essem
1153 729 1266 787 apud
1285 743 1375 786 vos,
1404 743 1491 774 non
1514 729 1637 774 dissi-

73 808 232 853 mulavi
267 821 403 865 neque
439 807 557 863 silui,
597 820 823 863 suggerens
862 810 904 851 et
939 810 1200 863 contestans,
1236 810 1285 851 111
1313 821 1462 865 pacem
1491 807 1639 866 populi

71 885 264 943 Romani,
296 886 334 930 si
362 885 539 930 honesta
569 888 612 930 et
637 888 732 929 tuta
752 898 843 929 esse
862 888 1018 943 posset,
1050 884 1140 929 sine
1161 884 1361 930 dilatione
1380 886 1636 944 reciperetis.

71 964 168 1009 Etsi
197 964 309 1009 enim
339 976 484 1008 casum
514 963 644 1019 hunc,
683 962 734 1007 de
765 976 846 1020 quo
876 975 961 1006 non
989 963 1186 1007 inmerito
1218 963 1426 1020 dolemus,
1463 964 1639 1008 minime

72 1042 453 1101 persentiebamus‚
496 1041 677 1098 quadam
714 1044 857 1085 tamen
890 1041 1161 1098 presensione
1189 1041 1427 1085 futurorum
1458 1042 1638 1098 angeba-

37 1125 41 1131 '
73 1134 181 1177 mur,
212 1133 267 1164 ne
295 1120 405 1164 forte
436 1132 532 1177 spes
553 1122 706 1176 vestra,
739 1132 865 1175 quam
896 1118 948 1163 de
979 1118 1244 1176 expeditione
1273 1119 1417 1164 futura
1438 1133 1638 1178 concepe-

71 1199 191 1255 ratis,
222 1197 362 1255 aliquo
392 1211 534 1242 rerum
562 1201 714 1242 eventu
734 1196 962 1241 vacillaret.
1008 1196 1143 1241 Multa
1170 1197 1295 1254 enim,
1329 1211 1435 1255 quae
1460 1197 1638 1254 legimus

72 1280 116 1322 et
151 1276 386 1320 audivimus
427 1278 470 1320 et
498 1274 704 1318 vidimus'
742 1274 854 1319 inter
889 1274 1142 1318 reverendos
1175 1273 1302 1319 Urbis
1339 1275 1559 1333 pontifices
1598 1279 1641 1320 et

70 1354 347 1412 imperatores
383 1353 497 1398 facta
538 1355 581 1396 et
619 1352 752 1409 dicta,
790 1365 876 1396 non
912 1352 1102 1397 indebita
1135 1366 1212 1397 nos
1243 1352 1525 1399 sollicitudine
1554 1357 1639 1399 ter-

70 1433 233 1478 rebant.

189 1509 248 1555 Et
282 1509 382 1554 licet
420 1509 602 1553 discreta
638 1508 818 1552 eruditio
847 1511 991 1552 vestra
1025 1508 1077 1552 de
1108 1509 1222 1552 omni
1252 1512 1365 1554 statu
1396 1509 1641 1555 Theotonici

74 1588 193 1646 regni
221 1587 387 1647 plenius
417 1587 464 1631 in
492 1587 802 1649 presentiarum
840 1586 1038 1630 doceatur
1067 1589 1159 1630 tum
1186 1600 1264 1644 per
1292 1587 1437 1631 literas
1468 1587 1641 1644 gloriosi

70 1666 148 1711 filii
167 1666 299 1711 vestri
328 1668 372 1709 et
401 1665 561 1709 domini
589 1664 724 1708 nostri
753 1663 967 1708 Frederici
994 1664 1279 1709 Romanorum
1308 1666 1419 1722 regis
1450 1666 1639 1711 invictis-

72 1745 170 1790 simi
199 1746 291 1788 tum
322 1743 450 1787 etiam
478 1756 555 1800 per
585 1742 744 1799 scripta
773 1742 1019 1786 devotorum
1048 1741 1230 1786 filiorum
1253 1746 1503 1800 vestrorum,
1537 1758 1639 1802 quo-

71 1822 252 1867 rundam
280 1820 478 1865 videlicet
513 1820 826 1878 episcoporum,
865 1823 1010 1864 tamen
1046 1820 1211 1864 devotio
1247 1825 1394 1866 nostra
1423 1822 1535 1865 circa
1565 1836 1639 1866 vos

72 1904 116 1945 et
145 1901 454 1944 sacrosanctam
483 1901 664 1942 matrem
692 1901 881 1942 nostram
900 1898 1131 1942 Romanam
1165 1898 1409 1943 aecclesiam
1439 1899 1639 1956 languere

71 1975 167 2023 11011
186 1976 344 2033 debuit,
376 1976 478 2033 quin
508 1975 798 2020 celsitudinem
821 1979 1006 2021 vestram
1037 1976 1089 2020 de
1117 1976 1243 2021 rebus
1273 1977 1458 2021 maxime
1489 1978 1542 2021 ad
1562 1992 1637 2022 vos

71 2055 378 2115 pertinentibus
417 2053 558 2111 aliqua
595 2067 647 2098 ex
682 2057 804 2112 parte
840 2067 1195 2112 premoneremus.
1260 2054 1319 2099 Et
1353 2055 1639 2113 unusquisque

70 2134 116 2179 in
146 2147 221 2178 suo
253 2146 380 2177 sensu
409 2128 628 2176 abundat².
962 2184 967 2189 ὴ

189 2210 535 2256 Pervenientibus
572 2210 695 2254 nobis
735 2209 904 2268 Spiram
940 2209 986 2253 111
1025 2209 1165 2254 reditu
1205 2210 1230 2254 a
1266 2210 1407 2266 vobis,
1455 2212 1638 2255 occurrit
1659 2220 1745 2252 Febr.
1762 2223 1800 2253 17

71 2289 192 2334 nobis
220 2289 336 2333 fama
365 2288 479 2332 omni
510 2288 656 2332 auditu
685 2287 939 2344 horribilior,
971 2287 1086 2332 omni
1114 2287 1226 2332 furia
1250 2288 1493 2345 terribilior,
1526 2290 1638 2346 quod

71 2367 268 2412 videlicet
301 2367 434 2411 tercia
470 2365 571 2410 inab
610 2366 678 2410 die
717 2366 768 2410 de
805 2365 884 2410 hac
911 2366 1002 2410 vita
1035 2366 1260 2422 migrasset
1290 2366 1556 2411 dulcissimus
1588 2381 1637 2412 ac
1659 2376 1746 2407 Febr.
1762 2377 1800 2408 15

72 2444 366 2490 devotissimus
411 2443 522 2488 filius
559 2447 719 2500 vester,
768 2443 1059 2488 serenissimus
1102 2444 1311 2501 quondam
1351 2443 1636 2489 Romanorum

71 2536 148 2567 rex
178 2522 437 2568 Cuonradus.
498 2521 702 2566 Dubitare
731 2534 818 2565 non
848 2525 1014 2579 oportet
1044 2525 1116 2566 aut
1146 2535 1319 2578 querere
1350 2522 1634 2566 sinceritatem

72 2603 278 2657 vestram,
317 2603 496 2658 quantus
528 2598 646 2642 dolor
675 2599 836 2642 animos
866 2602 1032 2643 nostros
1061 2599 1298 2657 pervaserit
1327 2599 1378 2644 de
1410 2600 1635 2645 amissione

72 2682 161 2723 tam
200 2678 415 2724 clementis
454 2681 542 2722 tam
580 2676 862 2721 misericordis
902 2677 1014 2721 circa
1049 2691 1126 2721 nos
1164 2677 1391 2735 principis,
1429 2678 1481 2722 de
1518 2682 1635 2722 metu

18 2772 20 2774 ·
72 2756 238 2801 futurae
266 2757 312 2800 in
340 2756 518 2814 imperio
549 2755 806 2799 mutationis.
904 2754 1232 2812 Enavigavimus
1262 2756 1324 2800 ita
1353 2769 1518 2800 summa
1537 2770 1633 2800 eum

170 2860 197 2882 a.
225 2851 387 2882 vidivimus
409 2863 434 2882 c.
519 2851 550 2881 b.
571 2848 624 2881 illi
644 2862 671 2881 c.

169 2909 203 2946 1.
236 2909 345 2947 Caret
373 2909 487 2957 igitur
515 2907 608 2945 haec
639 2908 798 2955 epistola
827 2908 975 2946 nomine
998 2908 1204 2947 scribentis.
1323 2910 1356 2947 2.
1382 2909 1486 2948 Rom.
1514 2909 1570 2958 14,
1596 2909 1629 2947 5.
