1924 3288
524 196 722 229 wmALm
749 196 998 229 nmsronffl
1026 195 1077 226 32.
1098 194 1148 226 83.
1533 182 1615 225 111

54 292 170 352 poris
190 305 240 338 ac
258 305 424 337 morum
446 293 626 349 qualitas
647 292 930 350 periculosior.
970 291 1076 335 Cum
1097 288 1438 347 occupationibus
1460 278 1616 333 nostris

56 370 314 429 explicandis
350 374 441 415 tota
470 371 558 415 dies
588 384 673 414 non
704 369 903 426 sufficiat,
941 370 1044 413 haec
1073 371 1236 413 vestrae
1268 367 1503 411 sinceritati
1533 381 1619 410 una

54 451 152 507 post
179 450 408 493 matutinas
428 449 594 505 vigilias
614 448 976 493 lucubratiuncula
996 448 1168 505 propria
1187 460 1315 490 manu
1337 446 1616 501 exaravimus,

53 526 234 572 multum
254 527 552 585 supplicantes,
583 530 644 582 ut,
675 527 784 570 sicut
804 527 855 570 de
875 530 1017 570 vestra
1036 526 1193 584 pietate
1214 524 1474 580 confidimuS‚
1497 536 1618 568 orare

55 618 133 664 pro
161 605 283 650 nobis
313 605 556 662 dignemini.
605 604 763 649 Valete.

58 823 140 873 33.
174 827 388 871 Conradus
413 826 486 871 ΙΠ
507 842 583 870 rex
614 826 805 884 Euyem‘o
827 826 904 870 HI
920 842 1063 884 papae
1091 826 1311 883 respondet
1340 825 1391 868 de
1421 823 1617 868 Heinrico

165 905 262 967 filio
291 921 388 963 reqe
419 906 541 948 electo
573 906 703 963 deque
728 921 847 948 eruce
866 911 1065 962 suscepta.
1112 903 1227 947 Eum
1248 903 1502 961 Arqentinae
1521 917 1617 945 con-

172 985 311 1027 venire
339 983 435 1026 vult.
483 983 665 1041 Leyatos
694 998 789 1026 suos
822 983 1089 1026 commendat.
1431 978 1503 1034 (M.
1529 979 1617 1033 20.)

173 1083 458 1128 Dilectissimo
494 1084 541 1128 in
577 1084 743 1128 Christo
790 1083 904 1141 patri
949 1097 1024 1127 suo
1061 1081 1286 1138 E(ugenio)
1333 1083 1502 1125 sanctae
1535 1080 1618 1124 Ro-

54 1175 204 1207 manae
235 1162 459 1207 aecclesiae
497 1176 660 1206 summo
698 1161 886 1220 pontifici
916 1161 1166 1216 C(onradus)
1198 1160 1279 1204 Dei
1309 1160 1445 1216 gratia
1466 1159 1618 1203 Roma-

54 1254 205 1285 norum
241 1255 319 1286 rex
356 1244 398 1285 et
437 1255 602 1299 semper
641 1243 842 1296 augustus
872 1239 1043 1284 filialem
1073 1253 1150 1298 per
1181 1239 1323 1282 omnia
1352 1237 1617 1282 dilectionem

55 1321 98 1363 et
127 1318 312 1364 debitam
340 1320 387 1363 in
417 1319 598 1363 Domino
628 1319 920 1363 reverentiam.

173 1396 356 1442 Litteras
401 1398 637 1441 sanctitatis
683 1401 847 1441 vestrae
885 1411 962 1454 per
998 1396 1185 1452 legatum
1223 1398 1432 1452 vestrum,
1479 1395 1618 1439 virum

54 1475 222 1533 utique·
242 1476 362 1520 nobis
393 1489 488 1520 cum
512 1476 626 1520 omni
647 1475 868 1520 dilectione
889 1478 931 1519 et
950 1475 1107 1519 honore
1128 1474 1445 1530 nominandum,
1468 1474 1618 1528 T(heo-

56 1553 268 1609 devinum)
300 1558 468 1598 sanctae
498 1553 672 1598 Rufinae
712 1554 955 1612 episcopum
992 1553 1143 1611 missas
1181 1552 1420 1608 gratissime
1457 1552 1619 1609 accepi-

55 1645 149 1676 mus
188 1635 249 1688 et,
290 1646 395 1689 quae
431 1633 476 1676 in
514 1633 618 1690 ipsis
657 1632 998 1687 continebantur,
1037 1630 1156 1674 filiali
1187 1633 1229 1674 et
1258 1631 1407 1674 intima
1437 1630 1620 1689 karitate

57 1710 111 1754 ad
147 1709 339 1755 effectum
378 1710 665 1767 perduximus.
715 1710 931 1767 Siquidem
968 1710 1019 1753 de
1055 1709 1317 1753 ordinatione
1348 1709 1468 1764 regni
1498 1709 1619 1753 nobis

58 1787 83 1832 a
112 1787 202 1832 Deo
234 1789 442 1844 concessi,
482 1802 607 1846 super
639 1802 722 1845 qua
750 1802 827 1832 nos
858 1791 1035 1846 paterna
1065 1787 1344 1831 sollicitudine
1374 1801 1545 1831 monere
1577 1790 1620 1831 et

57 1866 270 1910 exhortari
310 1867 508 1922 curastis,
548 1880 703 1922 magna
741 1880 835 1910 cum
874 1867 1103 1911 attentione
1141 1869 1182 1910 et
1212 1865 1431 1921 diligentia
1459 1866 1505 1909 in
1534 1866 1618 1909 fre-

57 1944 202 2002 quenti
237 1945 475 2002 principum
512 1947 720 1988 conventu
757 1944 869 2001 apud
899 1944 1234 2002 Frankenevort,
1273 1945 1343 1989 ubi
1380 1943 1617 2000 generalem

56 2023 217 2067 curiam
257 2022 500 2078 habuimus,
539 2022 723 2066 studiose
763 2025 805 2066 et
843 2022 1066 2067 efficaciter
1096 2024 1186 2067 Deo
1217 2026 1432 2081 prestante
1462 2026 1618 2066 tracta-

55 2101 207 2158 vimus,
239 2101 513 2157 ordinataque
544 2103 585 2144 et
614 2100 780 2144 firmata
810 2102 1022 2144 communi
1050 2116 1128 2159 per
1156 2115 1299 2146 omnes
1319 2102 1440 2158 regni
1458 2100 1617 2145 nostrib

55 2183 198 2238 partes
230 2178 364 2223 solida
393 2192 510 2236 pace,
541 2177 674 2221 filium
696 2182 888 2222 nostrum
908 2179 1153 2224 Heinricum
1172 2180 1218 2223 in
1238 2194 1380 2235 regem
1401 2183 1443 2224 et
1462 2179 1619 2237 sceptri

56 2257 191 2301 nostri
221 2261 503 2302 successorem
526 2257 715 2300 unanimi
739 2257 978 2315 principum
999 2258 1255 2303 coniventia⁰
1278 2261 1319 2302 et
1340 2258 1470 2301 alacri
1488 2258 1617 2301 totius

55 2335 177 2391 regni
207 2335 503 2380 acclamatione
535 2335 726 2391 electum,
757 2336 968 2380 mediante
998 2335 1077 2380 hac
1108 2333 1449 2393 quadragesima¹
1478 2336 1523 2379 in
1542 2349 1617 2392 pa-

55 2411 157 2458 latio
182 2413 441 2471 Aquisgrani
470 2427 669 2457 coronare
678 2412 707 2468 ⁶,
739 2413 882 2458 divina
911 2418 1113 2471 preeunte
1143 2414 1444 2469 misericordia,
1476 2414 1618 2457 decre-

56 2490 213 2546 vimus,
329 2491 438 2536 Sane
468 2492 580 2549 quod
611 2491 872 2535 dulcedinem
901 2495 1086 2536 vestram
1115 2493 1260 2548 movit,
1296 2505 1373 2535 nos
1404 2505 1495 2535 rem
1524 2494 1618 2534 tan-

56 2572 158 2626 tam,
190 2569 349 2614 scilicet
379 2570 430 2613 de
460 2570 579 2625 signo
610 2568 799 2613 vivificae
827 2570 961 2613 erucis
983 2573 1025 2614 et
1045 2571 1096 2614 de
1117 2574 1258 2613 tantae
1279 2573 1448 2626 tamque
1468 2569 1618 2624 longae

58 2648 335 2706 expeditionis
377 2648 614 2706 proposito,
661 2647 815 2703 absque
854 2651 996 2691 vestra
1035 2648 1290 2692 conscientia
1326 2647 1616 2704 assumpsisse,

59 2724 111 2770 de
131 2739 282 2782 magno
302 2740 426 2770 verae
446 2726 681 2770 dilectionis
704 2724 854 2769 affectu
874 2726 1090 2782 processit.
1135 2725 1207 2769 Set
1229 2725 1412 2783 Spiritus
1434 2728 1616 2782 sanctus,

154 2835 181 2857 a.
202 2827 296 2866 itique
319 2839 344 2858 c.
425 2826 456 2857 b.
483 2827 544 2858 mei
564 2828 594 2857 ίη
617 2828 685 2858 cod.
708 2833 868 2857 correctum
890 2833 934 2857 est
955 2828 984 2857 in
1005 2827 1112 2857 nostri.
1195 2836 1221 2857 c.
1249 2828 1294 2857 sic
1315 2827 1344 2856 in
1368 2826 1436 2858 cod.
1458 2833 1617 2858 correctum

58 2886 103 2913 esi
122 2880 339 2912 convenientia.
422 2880 452 2912 d.
473 2882 519 2912 n‘c
540 2893 615 2912 corr.
637 2887 681 2912 est
702 2882 731 2911 ίη
754 2881 821 2911 cod.
844 2880 993 2911 ordinare.

155 2945 187 2981 1.
213 2945 237 2981 i.
256 2955 289 2981 e.
314 2944 374 2981 die
398 2945 445 2981 30
470 2956 517 2981 m.
535 2945 666 2982 Martii.

1642 291 1734 327 1147

1643 1088 1734 1124 1147

1644 1138 1730 1168 Mart.
