1930 3224
572 181 781 214 ANNALES
812 181 1118 214 oonssssmnsns
1570 168 1628 213 35

179 278 280 322 918.
329 275 546 320 Conradus
577 291 653 321 rex
685 277 808 331 obiit3
842 276 1064 320 Heinricus
1094 290 1272 332 regnare
1303 276 1453 333 coepit.

178 356 280 399 919.
328 354 504 411 Ungarii
535 354 764 399 Saxoniam
795 355 1020 399 crudeliter
1041 354 1265 399 vastabant
1284 358 1327 398 et
1347 368 1443 398 cum
1463 353 1629 398 infinita

57 432 216 490 praeda
253 436 296 477 et
332 434 520 477 maxima
556 433 802 491 captivitate
841 434 1059 490 utriusque
1095 447 1220 477 sexus
1252 432 1306 476 ad
1336 432 1531 490 proprias
1562 445 1629 476 re-

57 511 170 555 versi
200 514 299 555 sunt
328 515 477 567 terras,
512 511 694 555 Domino
724 511 931 555 irascente
963 512 1188 556 adversum
1217 524 1307 554 nos.

178 590 278 633 927.
325 589 580 645 Herigerus⁸
619 589 958 646 archiepiscopus
973 587 983 606 ¹
1021 590 1145 644 obiit;
1190 588 1452 633 Hildibertus
1493 587 1628 631 archi-

57 666 280 725 episcopus
294 664 305 684 ¹
335 668 552 711 ordinatus
585 670 660 711 est.

174 745 299 789 Anno
339 746 391 790 ab
428 745 718 789 incarnatione
749 745 923 789 Domini
960 747 1067 801 929,
1108 746 1338 789 indictione
1370 746 1419 800 2,
1462 746 1488 789 2
1518 743 1626 787 Non.
1654 753 1738 792 Sept.
1754 754 1774 783 4

57 821 188 881 Sept„
218 823 326 868 feria
357 826 398 880 6,
430 824 591 868 oriente
623 823 711 867 sole
741 823 854 867 facta
885 827 948 867 est
978 837 1121 880 pugna
1151 823 1293 868 valida
1322 823 1443 866 iuxta
1471 821 1629 866 flumen

59 901 171 958 quod
208 905 380 946 vocatur
408 899 559 959 Alpia²
591 905 738 946 contra
770 901 964 958 Sclavos,
1003 902 1049 945 in
1087 916 1170 958 qua
1206 902 1410 958 prostrati
1448 900 1628 944 sunt'de
1688 878 1723 939 ,Ᾰ

57 980 234 1037 paganis
268 981 353 1024 120
382 979 539 1036 miliab‚
571 980 730 1037 captivi
756 993 856 1024 vero
886 981 993 1034 8003
1027 980 1078 1023 de
1099 980 1255 1023 nostris
1276 993 1375 1023 vero
1398 979 1479 1023 duo
1501 979 1627 1023 duces

55 1055 279 1114 Liutharii,
311 1058 482 1115 quidam
513 1072 611 1102 vero
642 1058 866 1114 vulnerati,
900 1057 973 1102 alii
1004 1061 1147 1102 autem
1176 1057 1392 1115 prostrati.

176 1137 277 1181 933.
323 1136 605 1192 Ungariorum
636 1137 844 1180 exercitus
871 1136 922 1181 ab
944 1136 1142 1180 Heinrico
1163 1150 1262 1191 rege
1282 1135 1527 1179 interfectus
1550 1138 1626 1179 est.

176 1216 277 1260 934.
325 1214 548 1259 Heinricus
580 1229 656 1258 rex
685 1215 854 1259 Danos⁰
886 1215 1036 1258 subeit.

176 1294 277 1338 936.
322 1293 546 1337 Heinricus
576 1307 654 1337 rex
684 1293 808 1348 obiit3
840 1293 1117 1349 regnavitque
1138 1291 1257 1336 Oddo
1287 1305 1364 1335 rex
1393 1290 1506 1334 filius
1539 1292 1628 1335 cius

55 1384 134 1428 pro
172 1384 233 1415 eo.
287 1370 345 1414 Et
381 1371 495 1415 Unni
533 1371 871 1429 archiepiscopus
903 1370 1307 1426 Hammaburgensis
1339 1370 1552 1427 profectus
1584 1369 1630 1413 in
1662 1379 1693 1419 μ

59 1448 263 1493 Scithiam
296 1449 542 1506 predicandi
571 1450 708 1505 gratia
738 1450 914 1493 verbum
943 1449 1026 1493 Dei
1056 1449 1198 1505 ibique
1230 1448 1451 1492 defunctus
1484 1461 1532 1492 ac
1564 1462 1628 1491 se-

56 1526 200 1584 pultus
232 1530 307 1571 est.
355 1527 604 1572 Rathubodo
636 1528 740 1571 obiit
770 1528 1012 1571 monachus.

176 1606 275 1649 937.
322 1605 613 1650 Hildiberhtus
645 1605 983 1663 archiepiscopus
1015 1605 1138 1659 obiit3
1172 1608 1214 1649 et
1236 1604 1382 1648 eodem
1405 1618 1514 1648 anno
1535 1604 1628 1648 Fri-

56 1682 245 1727 thuricus
283 1683 622 1742 archiepiscopus
654 1685 871 1728 ordinatus
904 1687 968 1727 est
997 1683 1343 1739 Mogontinensis.
1451 1683 1509 1726 Et
1538 1697 1627 1726 mo-

57 1762 243 1805 nasteria
280 1761 488 1805 Fuldense
535 1766 577 1806 et
622 1763 757 1806 sancti
795 1761 906 1806 Galli
945 1765 1207 1806 exarserunt.
1329 1761 1387 1805 Et
1422 1761 1627 1805 Arnulfus

58 1835 167 1884 dux³
198 1840 315 1884 obiit.

177 1918 276 1961 938.
324 1914 632 1961 Thancmarus⁴
668 1918 828 1962 occisus
870 1921 945 1962 est.
1007 1918 1065 1961 Et
1094 1917 1377 1973 Ungariorum
1417 1917 1625 1962 exercitus

57 1995 103 2039 in
131 1992 332 2039 Belxam⁵
363 1995 538 2040 deletus.

176 2075 276 2118 939.
325 2072 398 2117 Sol
426 2074 541 2117 visus
573 2077 638 2118 est
666 2074 900 2117 inminutus
931 2074 1060 2117 tertia
1089 2074 1174 2117 diei
1203 2073 1329 2129 hora,
1360 2075 1389 2117 4
1417 2073 1515 2117 Idus
1547 2073 1621 2117 Iul.

57 2149 353 2196 Evurhardus⁶
385 2155 428 2195 et
457 2149 726 2196 Isliberhtus⁷
757 2153 884 2196 duces
915 2152 1042 2196 occisi
1073 2155 1182 2195 sunt.

176 2231 275 2274 941.
323 2229 521 2274 Cometae
552 2230 761 2287 apparuit.

176 2310 276 2353 942.
323 2308 543 2352 Inundatio
575 2308 719 2351 nimia.
765 2307 798 2351 F
802 2307 1009 2351 olcmarus
1042 2307 1170 2351 abbas
1202 2306 1325 2361 obiit3
1357 2306 1472 2351 Bovo
1494 2307 1622 2351 abbas

58 2386 274 2431 ordinatus
307 2390 382 2431 est.

176 2466 276 2509 948.
322 2463 437 2508 Bovo
469 2463 598 2507 abbas
630 2463 753 2517 obiit3
787 2462 1026 2506 Gerbernus
1059 2462 1188 2506 abbas
1219 2462 1436 2506 ordinatus
1469 2466 1545 2506 est.

175 2543 275 2587 949.
324 2542 560 2587 Translatio
592 2542 741 2598 capitis
774 2541 908 2584 sancti
939 2540 1089 2584 Iustini
1119 2540 1307 2584 martiris
1332 2540 1383 2584 de
1404 2539 1621 2595 Magatha-

58 2619 164 2676 burg
193 2620 248 2665 ad
277 2634 430 2665 novam
461 2620 694 2665 Corbeiam.

140 2778 167 2801 a.
195 2770 261 2801 ulia
289 2781 395 2801 manus
418 2777 486 2801 ante
506 2769 669 2808 Herigerus
687 2769 808 2808 posuit:
835 2767 892 2797 Hic
913 2766 933 2805 †
1006 2766 1036 2796 b.
1059 2754 1088 2795 ιὶι
1113 2778 1138 2797 c.
1207 2775 1232 2797 c.
1254 2766 1375 2797 Danaos
1398 2773 1442 2797 est
1463 2768 1493 2797 in
1516 2768 1621 2797 codice

60 2829 217 2854 correctum
240 2825 270 2854 ίιι
290 2823 404 2854 Dauos.

153 2894 188 2929 1.
212 2893 461 2940 Moguntinus.
533 2894 566 2929 2.
592 2892 685 2929 Elbe
702 2891 739 2927 fl.
812 2891 845 2926 3.
865 2889 1053 2926 Bavariae.
1125 2889 1160 2925 4.
1180 2890 1343 2926 Heinrici
1360 2890 1377 2926 Ι
1395 2890 1492 2937 regis
1509 2889 1619 2927 filius.

60 2951 93 2988 5.
119 2962 215 2999 pago
239 2952 287 2989 ad
311 2952 434 2989 Albim
460 2951 495 2988 fl.
570 2953 604 2988 6.
630 2952 705 2987 dux
729 2951 963 2986 Francorum.
1038 2950 1072 2985 7.
1096 2949 1172 2985 dux
1195 2949 1502 2986 Lothariensium.

1282 3014 1336 3052 3-1(-
