1924 3288
294 148 382 193 504
798 162 996 194 wmALm
1023 161 1242 195 nmeronA
1273 162 1344 194 375.

93 255 95 257 ’
177 257 270 293 1152
294 254 507 300 celeritate
531 254 761 312 Coloniam,
791 259 840 300 ιιι
867 258 985 300 tanto
1015 259 1126 302 esset
1148 255 1431 302 Coloniensis¹
1461 258 1514 303 ad
1542 255 1847 318 providendum

184 306 225 339 Fe
226 307 270 337 b
292 333 354 376 rei
383 332 575 390 publicae
606 334 766 378 cautior
796 347 845 378 ac
873 333 1059 391 liberior,
1090 338 1245 392 quanto
1276 338 1386 380 esset
1413 335 1524 381 inter
1543 350 1641 382 suos
1660 337 1713 383 ab
1732 338 1846 405 omni

291 410 556 455 turbulentae
586 411 872 456 conventionis
901 411 1063 470 impetu
1092 412 1288 456 securior.

409 487 621 546 Ceperunt
650 489 799 533 deinde
830 490 984 535 summi
1013 490 1251 548 principum
1283 503 1373 534 sese
1402 503 1480 548 per
1497 491 1672 539 nuncios
1692 494 1736 537 et
1753 491 1848 539 lito-

289 579 358 610 ras
395 566 446 610 de
476 565 667 610 habendo
697 567 809 611 inter
839 581 883 612 se
913 567 1117 624 colloquio
1148 581 1224 625 pro
1254 568 1374 623 regni
1405 568 1665 615 ordinatione
1694 569 1848 617 solliei-

289 647 392 688 tare.
456 642 608 700 Sicque
636 644 795 688 factum
825 647 910 700 est,
946 647 1016 701 ut,
1045 657 1141 689 cum
1170 645 1295 703 pauci
1326 645 1551 691 admodum
1580 646 1849 693 crederentur

179 733 265 764 Mart.
289 721 468 777 venturi,
499 722 686 766 maxima
705 724 846 767 tamen
867 723 1117 780 optimatum
1136 722 1360 767 multitudo
1384 725 1437 768 17
1461 724 1528 769 die
1546 727 1644 783 post
1659 723 1848 771 'obitum'

287 876 447 933 Itaque,
479 877 820 922 concurrentibus
841 878 1026 922 omnium
1046 879 1170 934 votis,
1201 878 1343 935 immo,
1373 882 1422 923 ut
1439 879 1580 924 verius
1600 870 1760 926 dictum
1776 881 1848 939 sit,

145 970 232 1002 Mart.
245 970 263 1002 5
287 968 531 1013 precurrere
577 955 832 1000 certantibus
873 955 1131 1012 singulorum
1169 956 1409 1013 desideriis,
1457 956 1611 1002 electus
1651 961 1716 1003 est
1752 969 1847 1009 cum

288 1046 452 1077 summo
482 1032 774 1077 universorum
803 1033 946 1078 favore
975 1034 1035 1090 is,
1074 1033 1146 1091 qui
1174 1047 1286 1078 nunc
1314 1047 1456 1078 rerum
1485 1035 1669 1092 potitur,
1701 1034 1848 1082 Fride-

287 1110 414 1167 ricus,
447 1110 534 1154 dux
564 1114 687 1155 antea
708 1109 896 1155 Sueviae.
941 1110 1000 1155 Et
1018 1111 1113 1169 pari
1134 1115 1177 1156 et
1207 1112 1354 1156 eadem
1383 1111 1604 1158 alacritate
1629 1116 1672 1158 et
1701 1113 1849 1161 ammi-

143 1201 231 1233 Mart.
245 1202 265 1233 9
286 1188 450 1233 ratione
482 1189 629 1245 quinta
657 1189 923 1247 postmodum
954 1189 1022 1233 die
1051 1190 1247 1234 unctione
1277 1203 1397 1234 sacra
1415 1189 1661 1248 pontificum
1678 1191 1725 1236 in
1744 1191 1849 1237 solio

286 1267 407 1323 regni
443 1281 560 1312 more
589 1267 798 1311 maiorum
827 1266 1085 1324 Aquisgrani
1115 1267 1363 1312 sublimatus
1395 1271 1471 1312 est.
1594 1267 1720 1313 Salva
1747 1282 1849 1315 sane

286 1346 331 1389 in
370 1345 563 1389 omnibus
601 1345 767 1389 divinae
802 1345 1130 1403 omnipotentiae
1163 1345 1420 1402 reverentia,
1461 1359 1567 1403 quae
1597 1346 1850 1405 operabatur

285 1423 331 1466 in
362 1422 557 1467 cordibus
587 1422 805 1466 hominum
836 1423 890 1466 ad
917 1422 1205 1467 inclinandum
1235 1437 1379 1467 eorum
1398 1423 1635 1469 voluntates
1665 1437 1849 1482 quocun-.-

287 1514 367 1558 que
393 1499 532 1556 vellet,
563 1500 609 1544 in
637 1500 717 1544 hac
745 1503 833 1544 tam
863 1500 1100 1545 incredibili
1130 1504 1218 1544 tam
1248 1500 1374 1545 celeri
1405 1501 1628 1590 concordia
1655 1501 1849 1548 trahebat

285 1584 363 1622 8ιι3
393 1591 599 1635 quemque
627 1574 854 1622 νοΙιιιιι388.

403 1655 634 1700 Multorum
663 1669 748 1700 vox
777 1658 889 1712 erat,
924 1658 973 1699 ut
1001 1655 1047 1699 in
1076 1655 1171 1713 ipsa
1198 1655 1466 1714 impositione
1495 1655 1743 1702 diadematis
1773 1668 1846 1703 ex-

285 1734 544 1793 peditionem
563 1733 784 1790 Ytalicam,
806 1747 934 1791 quam
959 1736 1134 1791 patruus
1155 1734 1244 1778 eius
1265 1737 1432 1778 strenue
1453 1734 1732 1791 ordinaverat,
1753 1735 1846 1794 ipse

122 1825 209 1857 Mart.
225 1825 264 1855 10
285 1811 474 1857 firmaret
504 1824 553 1856 ac
581 1811 813 1870 perficeret.
864 1810 1064 1868 Sequenti
1089 1825 1187 1856 vero
1218 1812 1286 1856 die
1315 1814 1403 1856 tam
1431 1811 1690 1856 Coloniensis
1719 1822 1846 1870 quam

286 1890 593 1948 episcoporum,
626 1890 699 1947 qui
726 1889 814 1934 illie
844 1889 1031 1946 aderant,
1062 1889 1283 1934 consilium
1313 1893 1356 1934 et
1385 1889 1618 1934 exhortatio
1648 1893 1753 1947 erat,
1783 1893 1844 1948 ut,

287 1969 434 2013 eadem
462 1968 551 2012 die’
571 1967 749 2012 militiae
779 1967 1051 2012 sacramentis
1082 1968 1277 2025 acceptis,
1308 1967 1617 2025 expeditionem
1637 1966 1846 2013 Ytalicam

287 2047 342 2091 ad
361 2046 667 2104 propulsandas
699 2045 952 2103 apostolicae
978 2045 1089 2090 sedis
1118 2045 1294 2089 iniurias
1322 2047 1599 2103 promoveret.
1646 2043 1720 2091 Set
1747 2044 1846 2091 laici

285 2125 522 2182 principes,
563 2123 746 2181 simplici
782 2123 962 2168 fortasse
1000 2123 1160 2180 animo,
1200 2123 1384 2168 studiose
1421 2122 1715 2179 suggerebant:
1759 2134 1846 2169 non

288 2205 481 2259 oportere
517 2202 564 2245 in
598 2201 678 2244 hac
706 2214 848 2244 rerum
877 2201 1064 2246 novitate
1092 2204 1180 2245 tam
1210 2201 1329 2257 gravi
1359 2201 1583 2259 sponsione
1610 2201 1844 2260 principem

287 2279 512 2335 devinciri,
550 2293 604 2323 ne
640 2278 888 2336 improbitas
925 2279 1238 2336 rebellantium,
1275 2279 1327 2324 de
1355 2279 1489 2337 ipsius
1518 2278 1645 2324 celeri
1674 2288 1844 2336 egressu

287 2361 415 2414 certa,
435 2357 481 2401 in
501 2359 734 2401 extremam
753 2357 962 2402 dementie
982 2357 1194 2402 audatiam
1208 2360 1519 2415 prorumperet3
1539 2357 1686 2403 decere
1700 2357 1842 2415 etiam,

287 2440 335 2480 ut
353 2438 526 2480 vocatus
557 2435 583 2479 a
601 2434 719 2478 vobis
749 2434 889 2491 potius
921 2448 1047 2492 quam
1076 2438 1225 2493 sponte
1255 2449 1332 2479 sua
1350 2435 1523 2480 veniret.
1563 2434 1629 2479 Ita
1654 2435 1707 2480 de
1727 2435 1843 2480 facili

286 2514 406 2558 labor
434 2514 481 2557 in
510 2512 694 2570 quietem
722 2515 985 2570 permutatus
1016 2516 1091 2558 est.
1137 2513 1195 2558 Et
1224 2513 1392 2570 quidem
1421 2525 1493 2557 cor
1519 2512 1630 2569 regis
1649 2512 1696 2556 in
1714 2526 1843 2558 manu

287 2592 369 2636 Dei
399 2595 477 2648 est,
509 2594 551 2635 et
579 2604 656 2648 pro
687 2590 968 2634 subiectorum
996 2591 1172 2648 meritis,
1204 2604 1284 2648 quo
1314 2590 1464 2648 placet,
1493 2591 1698 2635 convertit
1722 2590 1838 2635 illud.

384 2684 412 2706 ⁸.
438 2674 489 2706 die
511 2675 632 2706 addidi.

384 2734 416 2769 1.
442 2732 630 2770 Arnoldus
645 2731 682 2768 11
699 2729 1008 2777 archiepiscopus.
1104 2732 1139 2768 2.
1163 2732 1235 2779 „17
1251 2731 1313 2769 die
1337 2733 1422 2778 post
1444 2730 1711 2777 depositionem
1734 2729 1840 2768 eius“

288 2791 446 2838 legimus
471 2791 510 2827 in
534 2802 592 2838 ep.
608 2791 679 2828 372
703 2800 814 2836 supra
837 2800 873 2835 p.
890 2790 973 2827 499.
1068 2791 1103 2827 3.
1127 2790 1320 2827 wibaldus
1343 2800 1417 2827 non
1435 2790 1514 2827 sine
1529 2791 1671 2827 ratione
1693 2789 1840 2827 videtur

289 2861 377 2887 usus
410 2861 491 2887 esse
506 2850 655 2898 Virgilii
686 2850 841 2896 (Ecl.11.
861 2850 920 2896 65)
950 2850 1072 2888 verbis
1103 2850 1177 2887 his:
1210 2870 1253 2876 —
1286 2849 1424 2897 „trahit
1455 2860 1522 2887 sua
1554 2859 1735 2897 quemque
1763 2859 1838 2887 vo-

288 2910 477 2958 luptas“.
1607 2915 1610 2917 ’
