1924 3288
291 167 380 211 370
792 178 991 209 wmanm
1018 171 1236 210 urrerem
1268 176 1339 208 247.

156 277 249 314 1150
407 272 662 318 Recordatur
689 272 886 317 nobilitas
915 276 1007 328 tua,
1047 272 1158 329 quod
1186 284 1286 330 sepe
1314 274 1411 329 post
1438 271 1620 316 reditum
1646 273 1839 317 nostrum

138 328 265 407 Αζῗῖο
291 350 342 395 110
361 350 729 395 Hierosolimitana
758 350 1022 408 expeditione
1053 350 1314 406 diligentiam
1341 352 1458 394 tuam
1484 348 1692 394 111011011ᾱο
1711 360 1839 405 ‘rma-

289 428 446 484 vimus,
492 428 686 484 quatinus
731 427 1023 472 Gorbeiensem
1069 427 1310 486 aecclesiam
1355 431 1398 471 et
1440 425 1608 471 fidelem
1649 429 1840 471 nostrum

289 506 474 550 eiusdem
504 505 727 549 aecclesiae
757 505 950 550 abbatem
978 506 1024 549 in
1053 505 1318 550 defensandis
1346 507 1388 548 et
1406 503 1701 548 conservandis
1718 502 1842 550 bonis

288 583 596 627 Kaminatensis
627 583 850 628 aecclesiae
873 583 1105 639 adiuvares,
1137 597 1263 640 quam
1280 581 1443 639 prefato
1463 581 1841 626 Corbeiensi·mon—

289 661 441 704 asterio
471 664 644 718 propter
672 661 980 705 reformandam
1004 660 1109 704 inibi
1130 660 1315 704 divinam
1332 659 1576 715 religionem
1595 657 1841 704 ex-comili'o

288 741 330 781 et
374 738 528 781 iudicio
572 738 811 796 principum
854 739 1117 783 contulimus.
1184 737 1384 781 Volumus
1429 737 1556 781 etiam
1589 736 1842 781 industriam

285 819 404 859 tuam
440 815 701 872 meminisse,
741 816 937 873 quoniam
975 815 1234 860 advocatiam
1262 815 1623 871 Kaminatensem,
1660 825 1787 871 quam
1811 822 1843 858 8

286 893 406 937 nobis
430 893 630 937 hactenus
650 893 869 950 habueras,
901 908 953 939 ex
970 897 1116 938 nostra
1134 893 1341 951 peticione
1361 893 1413 938 de
1431 907 1559 937 11181111
1578 890 1842 937 Gorbeiensis

285 971 449 1015 abbatis
478 971 695 1028 recepisti3
726 972 837 1016 unde
857 971 913 1015 ad
941 971 1198 1029 protegenda
1227 971 1372 1015 eadem
1402 971 1512 1015 bona
1539 969 1634 1028 plus
1665 970 1707 1014 ei
1724 968 1841 1014 debi-

285 1051 352 1092 tor
396 1062 487 1092 esse
531 1049 692 1106 cepisti.
759 1048 996 1107 Eapropter
1039 1048 1301 1092 nobilitatem
1338 1051 1456 1092 tuam
1492 1048 1647 1092 iterum
1683 1049 1844 1092 attente

283 1127 489 1170 monendo
519 1140 729 1182 rogamus,
760 1130 809 1170 ut
835 1126 1101 1171 Thidericum
1131 1126 1182 1170 de
1201 1125 1389 1182 Riclinge
1419 1129 1461 1170 et
1487 1124 1596 1170 filios
1625 1124 1762 1182 ipsius
1775 1123 1844 1168 *de

283 1204 439 1247 iniuria
469 1206 511 1248 et
540 1204 804 1261 contumelia,
835 1218 961 1261 quam
989 1204 1151 1262 prefato
1183 1203 1324 1248 abbati
1352 1203 1398 1246 111
1419 1202 1576 1246 eisdem
1595 1201 1716 1247 bonis
1732 1201 1842 1246 irro-

285 1284 399 1337 gant,
430 1281 670 1336 coherceas;
703 1284 746 1326 et
773 1282 926 1326 fratres
956 1281 1195 1337 monachos,
1227 1294 1330 1338 quos
1359 1280 1424 1324 illi
1451 1281 1539 1324 iam
1567 1279 1747 1324 secundo
1774 1279 1843 1331 in-

285 1358 458 1403 honeste
488 1359 717 1414 eiecerunt,
757 1358 982 1403 clementer
1011 1359 1057 1402 in
1087 1358 1231 1403 eodem
1261 1358 1514 1402 monasterio
1542 1357 1762 1414 recolligas
1791 1369 1843 1401 80

284 1436 374 1480 Deo
403 1436 560 1480 ibidem
591 1437 748 1480 servire
777 1437 920 1480 facias.
981 1435 1072 1480 Hoc
1101 1449 1264 1492 quoque
1291 1435 1539 1492 prudentiae
1567 1438 1666 1480 tuae
1693 1437 1841 1479 notum

286 1513 362 1569 sit,
404 1514 515 1570 quod
545 1513 715 1557 domina
744 1513 820 1556 illa
849 1513 900 1557 de
930 1513 1067 1557 Iesika
1078 1510 1102 1569 ¹,
1134 1527 1239 1570 quae
1269 1513 1379 1557 bona
1407 1512 1716 1557 Kaminatensis
1746 1524 1840 1556 8100-

285 1591 436 1635 clesiae
467 1591 688 1648 dissipavit
718 1595 760 1635 et
790 1590 924 1634 adhuc
954 1591 1158 1648 dissipare
1187 1603 1273 1634 non
1303 1594 1458 1646 cessat,
1489 1604 1542 1634 ex
1571 1593 1716 1634 nostra
1743 1603 1841 1647 per-

284 1669 482 1712 missione
526 1682 790 1725 nequaquam
834 1665 1052 1722 intravit²3
1096 1668 1225 1712 immo
1262 1668 1365 1712 satis
1403 1668 1606 1712 miramur
1640 1670 1761 1711 tuam
1797 1669 1843 1711 et

285 1745 463 1789 aliorum
492 1746 731 1803 principum
760 1745 1047 1803 prudentiam,
1083 1759 1158 1789 cur
1186 1745 1316 1789 talem
1344 1745 1544 1789 feminam
1573 1745 1703 1800 bona,
1733 1757 1840 1801 quae

286 1823 339 1866 ad
377 1822 594 1866 servitium
624 1823 705 1866 Dei
739 1823 962 1867 aecclesiae
993 1823 1144 1867 collata
1173 1826 1291 1878 sunt,
1328 1835 1424 1866 011111
1453 1823 1573 1866 vanis
1602 1821 1839 1866 hominibus

285 1899 526 1957 disperdere
561 1904 604 1944 01
637 1901 843 1957 dissipare
872 1901 1128 1957 permittitis.
1190 1900 1346 1944 Contra
1375 1900 1491 1944 cuius
1521 1899 1845 1957 perversitatem»

286 1981 328 2021 et
356 1977 636 2034 invasionem,
673 1985 776 2034 qua·
808 1977 1052 2021 aecclesiam
1082 1978 1250 2033 invasit,
1282 1978 1319 2021 si
1348 1977 1539 2021 homines
1568 1976 1732 2022 abbatis
1762 1975 1840 2021 ali-

286 2055 386 2110 quid
416 2059 602 2110 egerunt,
632 2055 762 2098 nichil
791 2058 936 2098 contra
962 2056 1027 2099 ius
1047 2056 1194 2099 fecisse
1213 2055 1420 2110 videntur,
1453 2055 1563 2111 quia,
1594 2054 1706 2111 quod
1722 2053 1841 2098 nulla

284 2131 376 2187 lege
405 2132 670 2189 prohibetur,
708 2133 796 2175 vim
825 2133 868 2175 vi
897 2132 1159 2190 repulerunt3
1199 2131 1375 2189 ideoque
1403 2132 1655 2188 iudicamus,
1691 2131 1841 2190 pocius

286 2209 511 2252 vindictam
563 2210 797 2253 redundare
841 2209 886 2252 in
936 2210 1223 2253 malefactores
1282 2223 1407 2266 quam
1457 2209 1502 2253 in
1546 2209 1835 2254 vindicatores.

286 2285 547 2329 Omnimodis
585 2300 682 2342 ergo
723 2286 981 2342 diligentiam
1020 2290 1135 2330 tuam
1172 2299 1390 2342 rogamus,
1428 2290 1475 2329 ut
1503 2286 1665 2343 prefato
1696 2285 1838 2330 abbati

285 2364 330 2406 in
360 2363 654 2407 conservandis
684 2364 841 2408 eisdem
871 2364 992 2408 bonis
1021 2367 1216 2408 strennue
1238 2364 1423 2419 assistas,
1454 2363 1533 2407 hoc
1550 2363 1737 2421 profecto
1755 2363 1837 2409 sci-

286 2444 425 2496 turus,
456 2441 566 2498 quod
597 2441 633 2484 si
664 2441 866 2497 benignus
896 2442 935 2485 ei
965 2455 1041 2499 pro
1072 2444 1216 2484 nostra
1244 2441 1451 2498 peticione
1479 2440 1628 2497 fueris,
1659 2453 1736 2485 nos
1763 2439 1836 2484 be-

285 2518 434 2574 nignos
472 2518 518 2562 in
555 2518 639 2562 tuis
677 2521 720 2562 et
756 2518 985 2562 amicorum
1020 2522 1187 2562 tuorum
1221 2518 1357 2562 causis
1387 2520 1430 2562 et
1457 2517 1733 2575 peticionibus
1762 2530 1836 2562 ex-

285 2595 475 2651 perieris.

383 2710 410 2732 a,
438 2710 514 2741 quae
536 2713 563 2732 c.

382 2759 416 2795 1.
441 2758 588 2796 Iuditha
610 2757 805 2796 abbatissa.
902 2760 935 2794 2.
963 2758 1054 2795 1149
1079 2757 1178 2805 Sept.
1196 2759 1230 2795 ’1.
1261 2758 1308 2797 V.
1325 2768 1383 2806 ep.
1400 2759 1467 2796 201
1493 2769 1605 2805 supra
1626 2769 1666 2805 p.
1682 2757 1764 2797 319.
