1924 3288
563 153 764 185 wmALm
791 153 1015 185 nms‘ronA
1045 151 1116 184 167.
1535 140 1590 185 27
1595 141 1622 185 9

115 288 117 290 .
173 247 296 298 Nunc
323 248 467 305 itaque
489 248 544 293 ad
562 248 800 293 litterarum
820 252 990 292 tuarum
1009 248 1142 292 lineas
1162 261 1455 306 responsurus,
1487 249 1626 306 primo
1654 251 1745 288 1149

55 329 223 382 gratum
250 325 384 371 habeo
416 330 458 371 et
486 326 625 383 laudo,
659 327 770 383 quod
800 327 851 371 de
883 329 974 371 arte
1004 329 1078 370 tua
1097 339 1215 371 meae
1235 325 1490 370 laudationis
1512 341 1626 371 sum-

54 403 181 462 psisti
211 404 444 460 exordium,
474 405 595 448 iuxta
623 404 729 448 illud
757 404 919 449 Flacci:

766 482 885 535 Quod
915 482 1174 526 medicorum
1206 484 1283 538 est,

318 559 578 604 Promittunt
606 560 772 616 medici,
804 563 990 604 tractant
1018 559 1188 604 fabrilia
1219 559 1328 604 fabri
1341 557 1364 604 ¹.

56 636 132 683 Set
161 637 271 694 vide,
301 651 356 682 ne
386 638 590 682 erraverit
618 638 822 682 iudicium
851 641 985 694 tuum,
1018 638 1131 695 quod
1159 638 1205 682 in
1234 652 1303 682 me
1332 638 1554 682 scientiam
1585 644 1628 684 et

53 715 304 761 facundiam⁴
329 715 580 773 predicasti,
622 729 729 772 quae
762 713 835 759 illo
866 715 1072 760 Marciani
1103 715 1300 774 Capellae
1329 716 1554 775 multiplici
1584 721 1627 762 et

54 793 304 849 enigmatico
336 790 630 850 epithalamio²
659 792 906 849 figurantur.
1008 794 1136 838 Artes
1169 808 1275 851 quae
1306 795 1503 839 dicuntur
1521 795 1624 840 libe-

51 870 162 916 rales
193 874 236 916 et
265 873 417 927 cetera,
449 885 557 928 quae
586 872 639 916 de
668 872 880 916 medicina
899 872 967 916 vel
999 871 1256 928 agricultura
1286 873 1539 930 scribuntur,
1572 875 1624 918 ab

52 948 223 1006 optimis
252 949 568 1006 preceptoribus
591 950 755 1007 accepi3
788 950 1027 994 divinarum
1059 951 1362 1007 expositionem
1385 951 1625 996 litterarum

52 1026 78 1071 a
113 1026 330 1071 catholicis
370 1030 412 1071 et
449 1027 703 1071 doctissimis
740 1028 846 1072 viris
890 1029 1030 1072 minus
1072 1042 1198 1085 quam
1234 1029 1400 1073 deceret
1438 1030 1625 1075 studiose

51 1105 213 1160 audivi3
244 1105 474 1149 multorum
503 1108 708 1150 tractatus
740 1109 782 1150 et
802 1107 1124 1151 commentarios
1155 1110 1245 1150 tam
1265 1107 1311 1150 in
1331 1107 1476 1151 divina
1496 1122 1623 1165 quam

49 1182 95 1226 in
131 1182 312 1227 seculari
346 1183 587 1228 litteratura
623 1184 795 1242 perlegi.
920 1184 994 1229 Set
1022 1198 1131 1241 vaga
1169 1189 1211 1229 et
1245 1186 1469 1243 multiplex
1498 1186 1622 1230 lectio

50 1264 254 1318 quantum
275 1260 397 1306 affert
414 1261 658 1319 voluptatis,
679 1265 846 1306 tantum
868 1263 1004 1307 aufert
1023 1263 1232 1307 utilitatis.
1270 1264 1437 1308 Phisico
1458 1264 1620 1322 loquor.

50 1338 377 1384 Caoostomacha
405 1343 504 1384 sunt
533 1339 658 1397 plura
688 1344 731 1385 et
761 1341 928 1385 diversa
957 1341 1129 1398 fercula,
1163 1345 1205 1386 et
1228 1346 1404 1386 onerant
1424 1343 1622 1386 valitudi-

48 1431 147 1461 nem
182 1418 329 1475 pocius
369 1431 496 1475 quam
531 1417 737 1462 reficiunt.
806 1419 876 1463 Ad
914 1423 1135 1464 consuetos
1174 1423 1217 1464 et
1255 1420 1468 1478 simplices
1506 1421 1621 1465 cibos

11 1480 17 1486 ’
48 1494 334 1551 remittuntur,
365 1496 438 1553 qui
466 1497 702 1553 peregrinis
731 1500 773 1541 et
792 1497 922 1541 variis
945 1501 1136 1553 egrotare
1158 1502 1371 1556 ceperunt.
1413 1499 1621 1555 Prodigus

47 1571 158 1617 filius
179 1573 376 1631 cupiebat
394 1577 586 1618 ventrem
607 1589 730 1619 suum
750 1575 927 1633 implere
951 1576 1003 1620 de
1033 1576 1212 1634 siliquis,
1237 1591 1341 1634 quas
1367 1577 1486 1635 porci
1507 1591 1620 1621 com-

49 1651 228 1696 edebant
236 1648 265 1708 ³,
306 1653 406 1709 quia
442 1653 562 1698 iuxta
599 1653 865 1711 psalmistam
905 1654 1059 1699 oblitus
1091 1658 1183 1699 erat
1212 1656 1431 1699 comedere
1465 1669 1619 1713 panem

24 1717 26 1719 θ
49 1725 204 1773 suum⁴.
251 1729 475 1788 Multiplex
505 1732 629 1776 lectio
661 1734 704 1776 et
733 1732 910 1776 summis
940 1732 1070 1777 labris
1102 1733 1324 1789 degustata
1353 1733 1510 1778 mulcet
1530 1735 1620 1778 ani-

48 1820 185 1862 mum,
220 1821 306 1851 non
335 1810 491 1866 pasoit3
530 1809 724 1866 delectat,
755 1823 841 1853 non
868 1810 1054 1854 instruit.
1115 1811 1195 1855 Est
1225 1812 1405 1869 quedam
1436 1813 1621 1856 avaricia

47 1884 94 1928 in
124 1885 314 1942 seientia,
345 1887 456 1932 unde
487 1891 530 1932 et
557 1887 687 1945 primi
716 1891 912 1945 parentes
942 1890 1139 1946 temptati
1168 1893 1286 1934 sunt:
1318 1892 1453 1934 Em'tis
1481 1890 1621 1947 inquit

47 1965 155 2008 sicut
183 1965 250 2007 dii
276 1966 446 2009 scientes
477 1967 630 2010 bonum
654 1975 693 2010 et
711 1964 905 2010 malum⁵.
947 1966 1082 2011 Multa
1102 1968 1321 2012 discuntur
1339 1982 1424 2012 non
1443 1971 1618 2026 propter

48 2041 235 2086 studium
271 2045 336 2086 set
372 2046 546 2100 propter
585 2044 893 2101 curiositatem,
939 2059 1025 2089 non
1062 2049 1111 2089 ut
1149 2047 1280 2090 simus
1317 2046 1512 2091 meliores
1552 2050 1618 2091 set

47 2119 326 2177 superbiores.
397 2120 583 2165 Scientia
620 2123 734 2166 enim
769 2121 907 2179 inflat,
947 2123 1101 2168 caritas
1140 2123 1307 2168 edificat
1316 2121 1343 2167 ⁶.
1407 2123 1616 2180 Legitime

25 2197 176 2253 ,igitur
205 2198 407 2242 utendum
439 2196 522 2255 ea⁷,
560 2213 667 2256 quae
695 2200 816 2244 iuxta
846 2201 1083 2258 apostolum
1114 2202 1365 2259 destruetur,
1396 2206 1445 2246 ut
1473 2199 1615 2247 illam⁸

47 2279 278 2333 teneamus,
310 2291 416 2334 quae
445 2290 661 2334 nunquam
692 2278 848 2322 excidit
857 2275 884 2322 ⁹.

165 2355 311 2412 Neque
340 2355 419 2399 hoc
446 2355 553 2411 dico,
584 2358 632 2398 ut
658 2358 701 2399 te
731 2370 756 2399 a
784 2356 922 2400 studio
948 2356 1114 2413 legendi
1143 2358 1375 2402 meditandi
1405 2358 1615 2402 scribendi

49 2446 98 2477 ao
132 2433 396 2478 declamandi
433 2434 679 2477 deterream.
733 2433 782 2477 In
820 2448 997 2490 quorum
1034 2435 1239 2479 curriculo
1278 2449 1391 2480 nunc
1428 2437 1613 2481 maxime

47 2525 212 2568 versor,
252 2511 358 2555 illud
388 2511 555 2568 assequi
586 2524 851 2568 summopere
881 2512 1144 2568 desiderans,
1183 2516 1231 2556 ut
1267 2527 1336 2569 ea,
1369 2527 1474 2570 quae
1503 2514 1611 2571 lego,

48 2589 275 2634 memoriae
310 2590 514 2634 tenaciori
551 2589 858 2644 commendem3
899 2593 940 2634 et
976 2590 1022 2634 in
1050 2590 1130 2635 hoc
1158 2605 1227 2634 me
1258 2605 1452 2636 exercere
1483 2591 1610 2649 soleo,

47 2670 96 2711 ut
131 2670 229 2725 post
265 2667 421 2712 lectum
458 2668 628 2726 aliquod
662 2667 896 2725 cuiuspiam
926 2668 1109 2712 nodosae
1140 2669 1370 2725 questionis
1401 2669 1610 2727 volumen,

143 2790 178 2827 1.
201 2790 291 2827 Hor.
307 2801 365 2836 ep.
382 2791 430 2827 11.
449 2792 480 2837 1,
505 2792 582 2828 115.
603 2792 683 2827 116.
755 2791 788 2826 2.
815 2801 851 2827 v.
869 2801 980 2836 supra
1003 2802 1038 2837 p.
1057 2791 1128 2827 275
1152 2802 1189 2828 n.
1208 2792 1240 2828 1.
1313 2793 1347 2829 3.
1368 2792 1459 2829 Luc.
1477 2793 1532 2839 15,
1551 2794 1608 2831 16.

49 2850 84 2886 4.
109 2850 169 2886 ΡΒ.
187 2850 267 2896 101,
283 2851 317 2886 5.
383 2850 418 2887 5.
443 2851 535 2888 Gen.
554 2852 587 2897 3,
604 2852 640 2887 5.
704 2851 739 2886 6.
766 2851 786 2886 1
804 2850 887 2888 Gor.
904 2851 937 2897 8,
957 2852 990 2888 1.
1056 2851 1088 2888 7.
1115 2851 1282 2888 scientia.
1344 2853 1380 2888 8.
1405 2853 1608 2891 caritatem.

47 2909 83 2945 9.
109 2909 129 2945 1
146 2909 230 2946 Cor.
247 2910 303 2956 13,
320 2909 355 2946 8.
