1924 3288
524 159 723 191 wmALm
751 158 1001 191 nmsronAE
1031 157 1102 189 20⁷.
1125 157 1196 189 208.
1558 147 1644 192 327

80 259 124 301 et
154 254 354 314 epistolas
385 255 495 311 eius,
526 255 645 300 vobis
675 255 1079 310 transmisissemus3
1119 257 1184 298 set
1214 267 1300 298 non
1330 258 1395 298 est
1424 258 1644 299 consuetuu
1670 258 1788 296 1149?

79 333 190 378 dinis
227 333 341 391 apud
378 347 454 377 nos
468 331 491 390 ¹,
529 337 578 378 ut
608 334 698 378 sine
728 333 848 378 bonis
880 332 1150 378 monimentis
1182 332 1312 389 aliqui
1342 331 1468 377 alicui
1498 345 1645 378 conco-

77 412 244 457 dnntur.
294 411 451 456 Mittite
488 412 619 468 igitur
656 412 777 456 nobis
817 408 1053 467 Agellium²
1092 411 1289 455 Noctium
1325 410 1564 455 Atticarum
1604 415 1647 455 et

78 490 302 547 Origenem
322 503 450 548 super
471 490 635 534 cantica
654 490 925 534 canticorum.
1017 485 1218 533 Nostros³
1240 492 1395 545 autem,
1413 502 1516 546 quos
1533 502 1646 534 nunc

77 568 328 614 adduximus
360 568 413 613 de
441 567 634 624 Francia,
666 568 703 611 si
735 568 807 624 qui
836 568 955 612 vobis
985 567 1167 625 placent,
1199 567 1317 611 vobis
1347 567 1578 612 mittemus.

78 710 196 759 208.
220 713 432 757 Wibaldus
469 712 676 756 Reinaldo
707 713 950 770 praeposito
989 711 1331 755 Hildeslzeimensi
1370 712 1421 755 de
1453 711 1646 755 Cicerone

223 785 429 839 rescribit5
470 785 586 827 ouius
622 800 752 842 opera
781 786 973 827 universa
1002 785 1047 827 in
1077 799 1205 827 unum
1235 784 1424 827 volumen
1455 785 1647 842 componi

222 856 317 899 vult.
363 855 517 899 Libros
547 857 747 915 quosdam
777 857 908 898 mittit.
1426 854 1499 909 (M.
1523 854 1643 909 206.)

192 938 342 984 Frater
366 937 614 994 W(ibaldus)
646 939 728 983 Dei
758 939 896 995 gratia
925 938 991 994 id,
1031 938 1142 995 quod
1173 941 1238 982 est
1267 938 1311 982 in
1342 939 1545 983 aecclesia
1575 952 1643 983 ca·
1669 945 1786 982 1149?

74 1016 242 1073 thelica,
274 1015 424 1060 dilecto
455 1017 578 1061 fratri
599 1021 641 1061 et
662 1018 795 1061 amico
818 1031 892 1060 suo
912 1016 1149 1071 R(einaldo)
1170 1016 1401 1060 venerabili
1421 1017 1643 1061 Hildenes-

74 1095 279 1141 heimensi
309 1096 523 1153 preposito
553 1095 887 1140 benedictionem
918 1099 961 1139 et
989 1095 1122 1139 vitam
1151 1109 1284 1152 usque
1315 1096 1361 1138 in
1390 1095 1590 1139 seculum.

191 1173 318 1218 Recte
346 1174 590 1230 meministi,
620 1174 764 1230 frater,
798 1174 921 1231 quod,
954 1174 1144 1230 quamvis
1174 1173 1305 1217 libros
1327 1173 1540 1217 Ciceronis
1567 1174 1641 1217 ha-

72 1252 258 1308 beamus,
290 1265 366 1295 nos
397 1255 539 1296 tamen
570 1252 821 1295 christianos
855 1265 946 1295 esse
976 1252 1246 1296 recordamur
1277 1255 1332 1308 et,
1363 1255 1411 1295 ut
1434 1252 1642 1309 scripsisti

73 1333 116 1375 et
151 1333 200 1374 ut
235 1333 333 1374 tuus
366 1329 524 1374 Seneca
563 1330 614 1374 de
652 1344 697 1374 se
736 1330 859 1386 dicit,
901 1329 1131 1373 transimus
1170 1330 1383 1374 interdum
1420 1330 1465 1374 in
1505 1330 1643 1374 aliena

72 1411 229 1465 castra,
267 1422 352 1452 non
389 1411 591 1465 tanquam
621 1408 855 1452 desertores
888 1411 930 1451 et
959 1408 1223 1464 transfugae,
1262 1411 1327 1452 set
1357 1408 1466 1452 sicut
1497 1408 1640 1466 explo-

71 1483 256 1530 ratores⁴
286 1488 328 1530 et
365 1486 597 1544 spoliorum
634 1486 796 1544 cupidi,
837 1486 874 1529 si
909 1485 1018 1529 forte
1056 1485 1317 1530 Madianiten
1354 1500 1504 1543 rapere
1542 1501 1640 1544 pos-

71 1564 225 1620 simus,
269 1578 396 1622 quam
439 1564 538 1622 pilis
577 1565 707 1609 erasis
746 1567 789 1608 et
824 1563 1034 1620 unguibus
1072 1564 1250 1608 desectis
1290 1564 1478 1620 legitimo
1519 1565 1640 1609 nobis

70 1642 283 1687 valeamus
314 1642 511 1700 copulare
541 1643 811 1686 matrimonio
820 1639 847 1686 ⁵.
894 1642 952 1686 Et
980 1642 1080 1686 licet
1109 1656 1185 1686 nos
1216 1643 1262 1686 in
1283 1643 1454 1699 regione
1473 1642 1639 1699 longin-

72 1727 176 1778 qua·
205 1721 469 1778 peregrinari
500 1722 602 1778 quin
631 1721 773 1778 potius
806 1720 976 1764 exulare
1007 1719 1236 1776 doleamus,
1269 1724 1464 1778 optamus
1495 1724 1639 1765 tamen

71 1798 211 1857 potius
241 1812 351 1856 pane
380 1799 497 1855 vivo,
530 1798 602 1855 qui
633 1799 685 1842 de
716 1797 831 1842 coelo
863 1795 1114 1855 descendit⁰,
1146 1799 1349 1854 saturari,
1382 1813 1508 1856 quam
1538 1813 1639 1843 ven-

71 1880 181 1922 trem
210 1879 402 1921 nostrum
421 1876 598 1934 implere
619 1876 670 1920 de
691 1875 868 1932 siliquis,
901 1889 1004 1932 quas
1025 1876 1144 1933 porci
1164 1876 1421 1920 manducant
1429 1874 1455 1920 ⁷.
1537 1876 1639 1921 Fer-

71 1954 166 2000 cula
196 1954 408 1999 Ciceronis
440 1967 517 1998 nec
547 1953 657 1997 inter
687 1954 890 2011 precipua
919 1967 996 1998 nec
1026 1954 1071 1997 in
1101 1954 1241 2012 prima
1270 1967 1419 1998 mensa
1448 1955 1534 1998 iam
1564 1955 1638 1999 ha-

70 2034 230 2090 bemus,
263 2035 327 2077 set
358 2032 394 2077 si
426 2031 591 2089 quando
622 2031 787 2076 meliori
819 2032 910 2076 cibo
943 2031 1130 2076 satiatisb
1163 2031 1320 2088 aliquid
1351 2032 1468 2089 libet,
1500 2033 1562 2076 sic
1586 2047 1637 2077 ex

72 2126 120 2157 eo
151 2111 376 2167 sumimus,
414 2110 523 2154 sicut
552 2110 746 2154 secundis
776 2110 933 2154 mensis
965 2110 1102 2154 solent
1132 2110 1289 2167 apponi
1320 2109 1507 2154 bellaria.
1559 2110 1639 2155 Est

72 2189 199 2234 etiam
236 2189 357 2233 nobis
398 2188 577 2245 quedam
607 2187 823 2246 voluptas,
862 2202 947 2231 non
978 2201 1069 2231 esse
1100 2187 1268 2231 otiosos.
1315 2187 1404 2231 Nec
1433 2202 1551 2244 vero,
1590 2192 1639 2232 ut

71 2271 211 2312 cetera
248 2267 511 2322 omittamus,
551 2266 642 2324 pati
672 2280 917 2323 possumus,
959 2266 1069 2323 quod
1099 2265 1206 2309 illud
1234 2265 1375 2309 nobile
1405 2265 1635 2323 ingenium,

70 2345 145 2390 illa
175 2344 418 2404 splendida⁰
438 2345 621 2400 inventa,
653 2342 728 2387 illa
756 2347 876 2387 tanta
905 2358 1047 2389 rerum
1078 2347 1120 2388 et
1142 2343 1366 2388 verborum
1390 2347 1637 2388 ornamenta

72 2423 280 2468 oblivione
323 2426 364 2467 et
402 2421 657 2479 negligentia
695 2422 940 2480 depereant;
989 2425 1054 2465 set
1088 2422 1221 2479 ipsius
1260 2435 1388 2478 opera
1424 2422 1633 2478 universa,

73 2504 391 2559 quantacunque
420 2500 600 2544 inveniri
631 2502 842 2558 poterunt,
877 2500 922 2542 in
952 2513 1083 2542 unum
1113 2499 1308 2543 volumen
1340 2498 1486 2543 confici
1517 2499 1633 2543 volu-

72 2594 186 2637 mus,
224 2578 354 2623 nichil
389 2579 589 2623 habentes
629 2592 725 2622 cum
762 2576 845 2620 illis
885 2590 1126 2633 commune,
1167 2577 1237 2634 qui
1274 2580 1429 2633 quanto
1461 2577 1632 2621 ditiores

73 2660 171 2703 sunt
213 2660 331 2701 tanto
370 2657 505 2713 magis
552 2659 675 2713 egent
712 2658 774 2712 et,
818 2655 983 2699 omissis
1021 2654 1263 2699 liberalibus
1303 2654 1475 2710 studiis,
1522 2656 1633 2699 circa

168 2750 195 2772 a.
223 2750 279 2772 nos
294 2743 395 2771 iterum
412 2742 520 2782 legitur
535 2743 564 2772 in
581 2741 649 2771 cod.
721 2739 751 2769 b.
774 2738 900 2769 satiatos
915 2744 1075 2768 correctum
1090 2740 1176 2769 estin
1191 2738 1319 2768 satiatis.
1390 2747 1415 2768 c.
1438 2738 1589 2778 splendita
1604 2752 1631 2770 c.

167 2799 201 2835 1.
232 2797 577 2835 Hildesheimenses.
689 2798 724 2833 2.
757 2795 804 2832 A.
822 2795 992 2833 Gellium.
1111 2796 1146 2831 3.
1171 2795 1287 2841 ipsius
1311 2795 1480 2832 Reinaldi
1504 2796 1627 2833 libros.

73 2859 108 2895 4.
141 2858 302 2895 Senecae
333 2868 392 2903 ep.
416 2858 444 2894 I.
467 2859 501 2904 2,
525 2858 561 2895 4.
657 2858 692 2894 5.
724 2856 780 2894 Cf.
804 2866 863 2902 ep.
882 2856 949 2892 167
975 2866 1084 2901 supra
1108 2866 1144 2901 p.
1161 2856 1244 2891 281.
1340 2856 1373 2892 6.
1407 2855 1486 2893 Ioh.
1512 2858 1546 2902 6,
1569 2856 1626 2892 41.

74 2918 108 2954 7.
138 2918 228 2955 Luc.
246 2917 301 2964 15,
319 2918 375 2954 16.
