1930 3242
174 315 266 354 1146

174 363 266 400 1147

292 206 350 252 62
708 219 1108 253 onnonoemnus
1139 219 1432 253 comnmissis

412 313 612 370 „Domno
632 314 845 371 E(lving0)
867 329 966 358 suus
986 314 1264 370 I(senboldus)
1285 314 1507 371 diligenter
1533 315 1762 373 attendere,
1783 327 1847 362 ns

290 404 510 448 processus
542 392 760 436 estimatus
790 391 865 435 fiat
894 395 1162 436 retrocessus.

408 468 613 521 Quoniam
634 469 901 513 lacrimarum
921 469 1140 514 convalle
1127 483 1213 514 lam
1232 483 1340 527 pene
1359 473 1617 527 transcensa,
1638 469 1694 515 ad
1710 469 1846 527 ipsius

290 546 406 603 pacis
436 547 640 590 visionem
671 547 847 590 defecati
877 547 1014 591 cordis
1045 547 1399 592 elucubrationem
1419 547 1637 603 anhelatis,
1667 547 1847 593 ann-e

290 623 462 668 videbor
499 624 708 679 ingratus,
748 624 785 667 si
820 624 874 668 ad
904 625 1016 681 cepti
1045 626 1177 669 vestri
1204 639 1291 669 non
1321 624 1575 682 applaudam
1603 627 1849 683 apparatus.v

292 699 366 745 Set
395 701 703 745 adtendendum
735 715 876 757 queso,
907 715 1003 746 cum
1023 703 1124 758 quid
1143 702 1242 747 boni
1263 703 1401 760 operis
1422 702 1701 759 aggredimur,
1730 702 1845 748 intus

289 781 435 822 contra
465 778 672 822 occultum
701 782 914 835 raptorem
944 780 1144 824 attentius
1172 779 1408 836 vigilemus,
1438 794 1492 825 ne
1522 780 1623 825 dum
1650 780 1755 824 foris
1767 792 1845 826 170·

289 855 392 899 xilla
426 856 631 900 virtutum
666 856 712 900 in
751 856 883 900 altum
920 858 1193 914 porrigimus,
1231 858 1344 901 intus
1375 858 1428 902 ab
1458 858 1696 916 inopinato·
1725 857 1845 905 hoste

289 934 456 988 gravius
494 946 755 991 occupemur.
817 933 997 980 Probate
1033 935 1196 992 itaque,
1236 936 1273 980 si
1311 949 1363 979 ex
1393 935 1483 979 Deo
1521 939 1620 980 sunt
1655 935 1844 994 spiritus,

287 1010 553 1067 perpendite,
592 1025 646 1056 ne
685 1011 796 1068 quod
834 1012 1066 1056 devotionis
1105 1013 1293 1068 suggerit
1320 1013 1535 1070 voluntas,
1572 1013 1844 1071 professionis

288 1089 530 1134 dissuadeat
562 1089 771 1133 honestas.
834 1089 1084 1147 Plerumque
1115 1091 1270 1134 etenim
1300 1091 1562 1135 adversarius
1590 1094 1736 1136 noster
1762 1091 1845 1136 cir·

288 1167 451 1223 cuiens,
489 1167 667 1211 nocendi
695 1166 833 1211 locum
864 1180 1040 1224 querens
1070 1181 1148 1212 nec
1176 1168 1416 1224 inveniens,
1456 1172 1568 1213 artes
1596 1169 1844 1226 reciprocat,-

287 1244 398 1288 vada
433 1248 710 1302 pretemptat,
758 1245 897 1289 sicam‘
925 1245 1135 1289 latrocinii
1173 1247 1300 1302 tegit,
1345 1245 1568 1302 figurativa
1602 1246 1845 1291 inductione

287 1322 440 1379 illudit,
473 1323 670 1367 corticem
701 1323 879 1379 denique
909 1323 1014 1367 lucis
1036 1327 1231 1380 ostentat,
1263 1337 1344 1380 quo
1364 1323 1631 1381 postmodum
1649 1323 1844 1370 tenebra·-

286 1414 382 1444 rum
410 1400 614 1444 medullas
645 1400 889 1444 subinferat.
936 1400 1051 1445 Inter
1081 1386 1161 1458 que
1191 1402 1332 1445 omnia
1362 1401 1542 1446 sollicita
1559 1401 1734 1458 spiritus
1753 1405 1844 1447 tru-

286 1478 531 1524 tinatissimi
561 1478 811 1522 discretione
841 1478 1043 1522 utendum
1073 1479 1274 1535 arbitror,
1309 1493 1363 1523 ne
1394 1479 1505 1535 quod
1534 1482 1707 1536 putatur
1733 1479 1844 1524 anfi-

288 1555 446 1611 dotum,
476 1555 627 1600 veneni
657 1559 820 1600 acescat
848 1556 893 1599 in
924 1556 1132 1613 poculum.
1184 1555 1365 1608 Queritis
1394 1556 1550 1613 itaque,
1582 1570 1636 1600 an
1663 1556 1842 1614 placeat,

286 1636 335 1676 ut
364 1632 591 1677 Ierusalem
611 1632 946 1690 proficiscamini.
992 1633 1137 1677 Laudo
1159 1634 1269 1690 quod
1290 1634 1486 1690 queritis;
1517 1634 1604 1678 iam
1623 1635 1736 1679 enim
1754 1635 1842 1679 dis-

287 1711 444 1755 cretiva
473 1711 645 1768 spiritus
677 1711 1007 1755 consideratione
1035 1712 1099 1755 uti
1129 1711 1342 1755 videmini.
1387 1711 1568 1756 Adicitis
1598 1725 1761 1770 quoque
1789 1712 1843 1757 de

286 1788 502 1833 Abraham
530 1789 880 1846 peregrinatione,
916 1789 967 1833 de
997 1788 1149 1832 Lazari
1179 1789 1409 1844 euangelici
1438 1789 1551 1833 illius
1580 1793 1841 1848 paupertate,

288 1880 464 1923 quorum
495 1866 667 1911 alterius
699 1867 891 1922 exulatu,
924 1866 1095 1910 alterius
1125 1867 1330 1911 tenuitate
1358 1867 1729 1912 consummationis
1756 1870 1842 1912 ter-

286 1944 448 1988 minum
487 1945 629 1988 sortiri
669 1945 937 2000 desideratis,
975 1948 1022 1988 ut
1059 1944 1284 1988 secundum
1323 1944 1579 2002 apostolum,
1617 1945 1717 1990 dum
1745 1944 1841 2004 plus

285 2021 499 2077 laboratis,
530 2022 625 2080 plus
655 2022 859 2067 mercedis
891 2022 1120 2079 accipiatis.
1165 2022 1246 2066 Ast
1273 2035 1363 2078 ego,
1393 2022 1440 2066 ni
1459 2022 1596 2079 fallor,
1625 2022 1842 2080 utriusqus

285 2102 434 2157 typum
463 2113 537 2144 vos
567 2101 651 2144 iam
682 2101 847 2158 pridem
876 2100 1055 2156 gessisse
1086 2099 1292 2155 existimo,
1324 2112 1419 2143 cum
1440 2100 1660 2156 universis,
1689 2099 1840 2157 quibus

285 2177 432 2221 mundi
460 2177 583 2222 huius
613 2177 783 2221 fulcitur
804 2178 994 2234 ambicio,
1026 2179 1071 2222 in
1092 2177 1436 2235 concupiscentiis
1457 2191 1506 2222 ac
1525 2177 1691 2235 pompis
1710 2177 1841 2223 seculi

286 2255 629 2299 abrenunciastis.
691 2255 755 2301 De
791 2259 906 2300 terra
943 2256 1098 2314 quippe
1132 2259 1274 2300 vestra
1310 2268 1404 2300 cum
1434 2254 1648 2300 Abraham
1677 2255 1837 2312 existis,

285 2345 394 2388 cum,
426 2346 506 2389 que
535 2333 638 2377 foris
667 2333 961 2390 possederatis,
991 2337 1160 2378 terrena
1189 2333 1298 2377 bona
1316 2332 1557 2389 reliquistis.
1602 2332 1668 2377 De
1686 2345 1838 2388 cogna-

285 2410 399 2454 tione
428 2414 570 2455 vestra
601 2410 768 2467 existis,
805 2424 920 2467 cum,
951 2424 1032 2468 que
1061 2410 1278 2454 nobiscum
1307 2413 1413 2454 orta>
1428 2413 1539 2466 sunt,
1570 2409 1689 2454 viciis
1719 2409 1838 2455 abre—

283 2488 526 2538 nunciastis.
573 2487 638 2532 De
658 2488 781 2532 domo
800 2489 935 2546 patris
957 2488 1117 2544 existis,
1146 2501 1254 2544 cum,
1282 2487 1434 2546 spretis
1455 2486 1646 2535 omnibus
1664 2490 1840 2545 propter

283 2565 434 2622 Deum,
456 2569 618 2610 vosmet
636 2566 777 2624 ipsum
797 2566 1048 2622 abnegastis.
1086 2566 1245 2610 Domus
1267 2565 1378 2610 enim
1396 2564 1529 2622 patris
1549 2564 1684 2608 nostri
1695 2565 1837 2622 ipsum

285 2647 349 2687 est
377 2657 449 2687 cor
477 2647 681 2699 nostrum,
713 2644 909 2700 quoniam
939 2647 1060 2702 pater
1088 2647 1232 2688 noster
1261 2643 1422 2687 habitat
1451 2642 1495 2685 in
1524 2641 1656 2685 nobis.
1711 2641 1837 2687 Pater

284 2724 426 2765 noster
454 2722 615 2778 primus
645 2721 834 2765 diabolus
864 2722 944 2765 fuit
973 2721 1201 2766 secundum
1229 2720 1504 2774 nativitatem,
1536 2733 1618 2775 qua
1647 2719 1738 2764 nati
1765 2733 1835 2764 su-

283 2811 398 2852 mus;
428 2803 549 2856 pater
577 2802 719 2843 noster
749 2799 953 2843 secundus
980 2798 1095 2843 Deus
1116 2802 1181 2842 est
1199 2797 1425 2842 secundum
1444 2796 1721 2853 nativitatem,
1752 2810 1836 2854 qua

284 2876 420 2919 renati
451 2890 614 2930 sumus;
652 2880 694 2921 et
723 2876 813 2920 vult
842 2880 1015 2933 uterque
1045 2880 1165 2934 pater
1194 2875 1382 2919 habitare
1411 2874 1456 2918 in
1484 2872 1581 2917 filiis
1612 2875 1714 2930 suis,
1745 2873 1834 2919 dia-

366 2978 394 3000 s·
416 2970 452 3000 sb
475 2970 669 3010 obinopinato
692 2983 717 3001 c.
