1924 3288
586 220 786 253 wmALm
815 219 1037 253 musvrom
1064 218 1135 250 188.
1564 203 1652 248 219

82 319 245 366 toribus
273 317 503 374 libertatis,
534 316 642 361 nihil
672 331 698 361 a
726 319 869 361 vestra
899 315 1158 360 sublimitate
1186 313 1346 358 factum
1377 325 1469 357 esse
1498 311 1545 355 in
1574 311 1653 355 hae
1685 312 1779 350 1148

83 412 212 444 eausa
238 397 483 452 violentum,
514 395 622 440 nihil
650 395 880 451 insolitum,
911 393 1019 438 nihil
1049 395 1196 438 eontra
1224 392 1437 437 iusticiam
1460 393 1504 435 et
1523 389 1652 434 liber·
1675 362 1752 394 N0v'
1771 362 1791 394 ⁵

82 480 216 523 tatem
251 475 502 520 universalis
541 473 790 529 aecclesiae,
829 472 936 517 nihil
966 474 1114 516 contra
1143 471 1367 529 privilegia
1398 473 1441 514 et
1471 468 1652 525 dignita-

82 559 171 601 tem
198 554 422 600 Fuldensis
444 552 702 597 monasterii.
754 552 881 606 Quia,
914 551 1088 607 inquam
1119 551 1234 608 quod
1263 566 1291 593 a
1317 550 1487 593 domino
1508 556 1651 592 nostro

80 651 202 694 papa
229 633 493 692 prohibitum
530 640 607 685 est,
647 646 699 673 ne
729 632 780 674 de
810 630 1018 673 Fuldensi
1046 630 1365 686 conqreqatione
1394 629 1441 671 in
1464 627 1656 685 presenti

84 713 262 758 articulo
292 713 350 756 ad
377 713 562 768 reqimen
592 709 748 767 aliquis
779 716 1069 761 assumeretur,
1109 709 1160 750 de
1190 722 1310 750 sacro
1329 706 1456 763 fonte
1484 705 1653 763 requlae

83 794 220 836 sancti
236 791 459 835 Benedicti
475 790 665 832 manavit
684 813 741 819 —
765 802 843 844 que
856 788 1056 844 precipit,
1088 794 1148 839 ut,
1181 787 1221 828 si
1250 800 1421 828 concors
1451 786 1498 828 in
1528 783 1653 826 malis

84 871 350 929 conyreyatio
382 882 614 925 personam
650 867 771 909 viciis
811 867 898 908 suis
936 865 1252 907 consentientem
1284 863 1432 920 eliqere
1461 862 1653 915 voluerit,

85 951 324 1008 episcopus,
362 947 421 989 ad
450 947 568 989 cuius
599 946 797 988 diocesim
828 943 942 986 locus
965 944 1180 1000 pertinere
1208 943 1394 995 videtur,
1427 956 1514 984 non
1543 942 1658 984 sinat

82 1041 315 1086 pravorum
336 1024 557 1083 prevalere
588 1037 831 1066 consensum
852 1048 908 1054 —
932 1021 1072 1064 electio
1102 1035 1199 1064 vero
1230 1029 1383 1074 vestra,
1417 1034 1525 1077 quae
1546 1034 1655 1077 pro-

84 1107 196 1150 xime
226 1105 470 1148 auctoritate
499 1101 731 1160 apostolica
748 1101 845 1157 fuit
874 1108 1052 1152 cassata,
1090 1099 1230 1156 qualis
1248 1098 1403 1155 fuerit,
1441 1099 1657 1141 dominum

85 1192 275 1228 nostrum
305 1196 490 1240 papam,
532 1182 608 1238 qui
641 1188 772 1223 vester
812 1179 1006 1237 specialis
1037 1178 1232 1221 dominus
1265 1185 1324 1220 est
1354 1185 1392 1219 et
1421 1178 1655 1234 episcopus,

86 1271 174 1306 tota
201 1262 371 1319 reqione
401 1260 606 1302 clamante
634 1267 673 1301 et
696 1260 790 1315 ipso
820 1258 941 1301 electo
963 1258 1253 1309 annuntiante,
1285 1270 1371 1298 non
1393 1255 1516 1298 latuit
1523 1271 1538 1306 ,-
1568 1256 1660 1312 ipse

86 1355 184 1384 vero
215 1340 361 1383 electus
391 1346 535 1392 vester,
570 1337 709 1394 qualis
728 1336 850 1393 foret
875 1338 922 1378 in
943 1336 1114 1392 lonqum
1131 1334 1327 1391 futurus,
1359 1335 1407 1376 in
1426 1334 1658 1391 principiis

87 1421 190 1473 suis,
223 1433 303 1476 que
332 1417 456 1460 valde
484 1418 635 1459 nociva
653 1415 795 1472 fuere,
830 1423 1025 1472 patenter
1057 1414 1232 1466 edocuit,
1267 1414 1344 1470 qui
1373 1412 1548 1455 consilio
1580 1412 1659 1454 ad-

87 1499 228 1540 vocati
264 1505 303 1540 et
332 1496 538 1539 laicorum
568 1495 627 1537 ad
657 1494 982 1551 disperqendum
1011 1507 1098 1535 non
1128 1493 1187 1535 ad
1214 1491 1542 1548 recolliqendum
1570 1498 1659 1534 ute-

89 1576 212 1619 batur
219 1590 234 1626 ,·
287 1583 325 1618 et
376 1575 491 1617 sacri
541 1587 719 1616 canones
767 1572 973 1624 locuntur,
1022 1571 1136 1627 quod
1170 1570 1447 1627 privileyium
1481 1577 1662 1612 meretur

88 1655 295 1707 mittere,
338 1654 415 1710 qui
442 1652 665 1710 privileqii
694 1651 880 1694 abutitur
911 1649 1098 1692 libertate
1104 1664 1119 1700 ,-
1156 1663 1243 1691 non
1274 1650 1407 1705 iqitur
1437 1655 1575 1690 vestra
1606 1647 1659 1690 li-

89 1733 226 1775 bertas
255 1731 452 1774 subversa
483 1738 542 1773 est
570 1737 631 1773 set
659 1737 858 1781 correcta,
893 1729 996 1785 quia
1023 1742 1099 1770 nec
1122 1735 1264 1784 potest
1293 1741 1378 1770 esse
1400 1726 1536 1769 honor
1558 1725 1659 1783 leqi-

89 1812 234 1864 timus,
284 1811 361 1866 qui
391 1808 533 1865 fuerit
576 1809 628 1851 de
661 1808 1004 1865 prevaricatione
1040 1805 1228 1849 collatus.
1282 1805 1522 1848 Prohibitio
1561 1804 1661 1847 haec

90 1897 293 1945 tanquam
321 1888 530 1929 medicina
560 1894 706 1929 contra
735 1885 1007 1928 vehementem
1025 1884 1217 1927 morbum
1237 1884 1295 1926 ad
1314 1891 1474 1940 tempus
1493 1883 1661 1926 indulta

91 1975 162 2020 est,
194 1980 281 2008 non
310 1965 497 2007 valitura
527 1964 698 2016 diutius,
731 1965 818 2006 nisi
840 1964 1044 2020 quamdiu
1063 1964 1284 2005 necessitas
1306 1962 1534 2004 duraverit.
1581 1961 1660 2004 Dc-

91 2046 178 2088 euit
205 2057 447 2101 semperque
478 2042 616 2085 licebit
646 2042 839 2084 Romano
863 2041 1077 2099 pontifici,
1103 2054 1190 2098 pro
1220 2054 1362 2082 rerum
1393 2039 1594 2096 qualitate
1625 2048 1663 2082 et

91 2131 323 2180 temporum
359 2123 559 2164 varietate
596 2134 804 2162 canonum
839 2121 1022 2176 riqorem
1057 2119 1267 2161 intendere
1296 2117 1362 2160 vel
1390 2119 1594 2160 remittere
1625 2125 1663 2160 et

91 2215 203 2244 nova
231 2201 416 2243 remedia
444 2200 564 2241 novis
593 2198 749 2241 morbis
780 2198 986 2240 adhibere.
1033 2197 1188 2249 Porro,
1223 2197 1337 2253 quod
1364 2197 1423 2239 ad
1453 2196 1661 2238 electionis

91 2286 250 2322 vestrae
293 2279 571 2321 sinceritatem
603 2276 924 2333 procurandam
960 2277 1193 2318 visitatores
1232 2291 1260 2317 a
1298 2275 1392 2317 sede
1429 2274 1663 2331 apostolica

93 2358 333 2399 transmissi
368 2364 484 2408 sunt,
524 2355 764 2397 veneranda
798 2368 1014 2397 sacron
1044 2354 1300 2396 decretorum
1331 2353 1558 2395 auctoritas
1588 2367 1659 2394 ca-

94 2436 292 2478 nonicum
322 2449 407 2477 esse
437 2434 640 2491 plurimis
671 2434 906 2489 scripturae
935 2433 1113 2488 paqinis
1151 2432 1416 2474 demonstrat.
1462 2429 1554 2472 Nec
1585 2429 1659 2472 ab·

94 2513 285 2556 horrere'
315 2512 381 2555 vel
409 2513 634 2570 aspernari
662 2510 860 2553 debuistis
891 2510 995 2552 duos
1025 2509 1123 2552 illos
1154 2509 1342 2561 abbates,
1374 2509 1488 2559 viros
1518 2509 1662 2564 utique

93 2590 331 2648 reliqiosos,
373 2592 601 2648 sapientes,
645 2588 796 2646 quibus
831 2588 1036 2630 visitandi
1071 2602 1175 2630 cura
1211 2595 1249 2630 et
1270 2587 1481 2643 precipua
1511 2599 1660 2628 consu-

97 2669 212 2711 lendi
235 2668 429 2725 facultas
466 2677 525 2711 est
554 2667 775 2719 attributa,
816 2667 906 2708 sine
936 2680 1115 2722 quorum
1137 2665 1354 2722 presentia
1384 2671 1422 2705 et
1449 2671 1555 2706 nutu
1583 2678 1661 2706 nos

96 2747 179 2789 duo
218 2761 293 2789 nec
339 2746 559 2789 consilium
595 2760 671 2788 nee
708 2758 950 2787 consensum
979 2743 1155 2800 prebere
1184 2742 1480 2800 presumimus.
1537 2740 1663 2794 Quod

96 2838 193 2867 vero
224 2833 535 2868 sacrosanctum
565 2832 603 2867 et
633 2823 794 2866 dulcem
825 2822 1026 2865 libertatis
1057 2821 1222 2865 titulum
1244 2829 1358 2865 tanto
1373 2819 1563 2876 pondere
1584 2833 1659 2876 op-

90 2903 274 2959 ponitis,
308 2917 417 2959 pace
455 2904 640 2945 omnium
677 2902 832 2944 dictum
868 2902 941 2953 sit,
981 2900 1168 2943 velamen
1197 2903 1342 2958 potius
1382 2910 1440 2946 est
1467 2902 1662 2946 maliciae

100 2994 226 3037 quami
246 2981 418 3023 assertio
438 2982 649 3030 iusticiae3
673 2980 872 3036 quoniam
897 2978 1007 3021 alius
1029 2978 1242 3021 castellum
1260 2980 1308 3022 in
1315 2979 1521 3036 faucibus
1539 2995 1659 3026 mon-

194 3065 221 3087 a.
249 3055 414 3087 abhorrere
435 3068 462 3087 c.
