1924 3288
508 234 706 265 wmALm
734 233 983 265 nms'ronAn
1012 233 1082 263 220.
1106 233 1177 263 221.
1542 221 1628 264 339

62 341 204 373 rorum
233 331 347 373 statu
378 331 420 372 et
449 328 674 373 aecclesiae
693 332 858 373 vestrae
877 328 1123 372 habitudine
1145 328 1287 385 aliqua
1305 327 1424 372 vobis
1446 328 1628 372 scribere

63 405 388 464 supersedimus,
419 420 516 451 cum
538 408 584 451 in
604 407 812 465 proximo,
843 407 887 450 id
909 410 973 451 est
993 405 1460 473 circapurificationem
1480 406 1628 450 beatae

61 483 220 528 Mariae
234 481 256 540 ¹,
288 488 331 529 01
353 485 556 529 adventus
579 486 722 529 domni
741 485 853 541 regis
874 485 928 529 ad
948 488 1090 542 partes
1111 484 1408 540 Lotharingiae
1429 487 1471 528 et
1491 487 1629 528 vester

62 561 117 606 ad
145 576 222 606 nos
251 562 412 607 reditus
444 567 699 621 expectetur.
799 563 973 608 Interim
1005 567 1144 608 autem
1172 563 1443 619 benignitatis
1463 565 1630 606 vestrae

61 641 374 685 mansuetudini
401 641 616 685 humiliter
647 641 945 698 significamus,
977 642 1088 698 quod
1118 645 1292 700 propter
1320 640 1515 685 karitatis
1534 640 1629 683 uni-

61 721 194 763 tatem
231 722 273 763 et
309 720 511 776 gratiam,
553 733 680 777 quam
719 719 773 762 ad
803 718 1099 764 Corbeiensem
1138 720 1338 764 habemus
1370 719 1628 774 aecclesiam,

62 797 299 841 venientem
337 798 391 845 ad
430 812 506 842 nos
544 798 720 841 fratrem
757 800 949 840 nostrum
987 796 1057 854 L.,
1099 797 1364 842 Corbeiensis
1405 797 1630 841 aecclesiae

62 873 215 931 filium,
251 875 393 920 debita
422 876 712 934 compassione
742 875 985 931 collegimus
1017 879 1060 919 et
1091 876 1304 933 aliquanto
1335 881 1525 934 tempore
1555 889 1630 920 no-

62 953 225 998 biscum
254 953 531 1009 detinuimus3
563 955 631 998 cui
663 954 743 998 etsi
771 954 910 997 minus
941 954 1245 1012 impendimus,
1278 969 1405 1012 quam
1437 955 1525 998 eius
1555 967 1631 1012 po-

62 1033 246 1090 poscerit
280 1034 528 1089 necessitas,
567 1035 710 1076 tamen
746 1032 934 1087 fraterne
970 1032 1055 1089 ipsi
1085 1033 1359 1089 contulimus,
1401 1033 1512 1089 quod
1541 1032 1632 1090 pati

63 1111 202 1168 potuit
229 1125 371 1155 rerum
400 1115 640 1155 nostrarum
672 1110 894 1166 exiguitas.
955 1110 1013 1153 Et
1043 1111 1263 1167 quoniam,
1301 1111 1503 1154 orationis
1533 1114 1631 1154 voto

64 1189 290 1246 completo,
327 1189 379 1233 ad
409 1188 548 1233 locum
576 1188 848 1246 professionis
882 1202 1004 1244 suae,
1037 1189 1091 1232 ad
1122 1188 1368 1232 aecclesiam
1399 1202 1506 1245 quae
1537 1202 1633 1232 eum

63 1267 242 1311 nutrivit
279 1271 321 1311 et
359 1266 482 1323 aluit,
521 1267 660 1311 redire
699 1267 926 1324 disposuit,
968 1266 1203 1310 sanctitatis
1234 1271 1399 1311 vestrae
1430 1267 1632 1324 pietatem

65 1347 223 1390 attente
275 1358 518 1402 exoramus,
571 1345 766 1402 quatinus
816 1345 1038 1403 peticionis
1090 1348 1260 1389 nostrae
1304 1346 1546 1390 interventu
1592 1348 1634 1388 et

65 1423 250 1467 omnium
281 1427 472 1467 nostrum
501 1437 579 1481 pro
620 1438 667 1468 eo
704 1423 855 1467 humili
886 1423 1171 1467 satisfactione
1206 1423 1268 1467 ita
1298 1437 1465 1468 omnem
1495 1427 1634 1481 prete-

63 1502 137 1545 riti
170 1501 373 1559 temporis
402 1516 558 1545 noxam
587 1502 834 1557 remittatis,
874 1505 923 1545 ut
952 1501 1108 1557 absque
1139 1501 1343 1557 gravioris
1375 1515 1509 1560 penae
1540 1516 1634 1546 sen-

63 1580 202 1624 tencia
245 1580 424 1623 fratrum
469 1594 639 1624 suorum
685 1580 859 1635 collegio
906 1593 1001 1624 eum
1044 1580 1115 1637 pie
1153 1580 1399 1624 restituatis.
1471 1579 1636 1624 Sufficit

64 1671 245 1715 namque
276 1658 328 1714 ei,
359 1661 480 1716 pater
510 1658 747 1714 karissime,
780 1658 833 1701 ad
864 1658 1052 1701 omnium
1083 1671 1329 1702 excessuum
1361 1672 1529 1702 suorum
1562 1672 1634 1702 ve-

65 1736 181 1780 niam
217 1736 367 1780 hiemis
405 1736 545 1791 gravis
583 1737 788 1794 asperitas
821 1739 863 1780 et
891 1736 985 1780 viae
1015 1735 1216 1792 longioris
1247 1750 1332 1780 non
1362 1750 1495 1794 parva
1526 1735 1634 1779 diffi-

66 1813 213 1858 cultas.
276 1813 413 1865 Quare
442 1814 596 1857 iterum
627 1817 751 1870 atque
780 1815 936 1863 iterum
967 1814 1273 1871 supplicamus,
1309 1818 1358 1857 ut
1387 1815 1441 1857 ad
1470 1815 1634 1858 miseri-

67 1892 254 1936 cordiam
284 1895 327 1936 et
355 1892 545 1948 requiem
575 1892 614 1936 ei
643 1891 783 1936 valeat
812 1895 982 1936 nostrae
1013 1892 1234 1949 peticionis
1265 1892 1522 1937 intercessio.

71 2045 188 2093 221.
217 2049 432 2091 Amelmus
470 2048 683 2106 episcopus
717 2048 1055 2106 Havelberyensis
1092 2049 1280 2092 Wibaldo
1318 2049 1555 2106 respondet,
1594 2064 1636 2090 se

217 2126 500 2183 Havelberyae
539 2141 621 2168 esse
661 2134 785 2184 quam
820 2127 864 2169 in
903 2128 1021 2169 curia
1051 2126 1184 2168 malle.
1246 2127 1316 2168 De
1346 2125 1535 2169 Heinrici
1565 2142 1635 2168 ar-

218 2204 465 2261 chiepiscopi
498 2203 733 2260 Moyuntini
770 2205 828 2247 ad
861 2220 904 2247 se
941 2205 1095 2247 litteris.
1157 2203 1378 2258 Hortatur,
1417 2211 1463 2246 ut
1498 2219 1636 2261 reyem

219 2282 430 2325 custodiat.
1419 2280 1492 2335 (Μ.
1516 2281 1635 2335 235.)

188 2370 414 2424 W(ibaldo)
435 2369 666 2413 venerabili
691 2370 845 2426 abbati,
867 2370 1083 2413 carissimo
1106 2370 1200 2426 sibi,
1221 2369 1510 2425 A(nshelmus)
1533 2384 1636 2427 pau-

71 2462 147 2506 per
168 2447 324 2492 Christi
350 2448 558 2491 orationes
581 2447 831 2490 cottidianas
863 2451 905 2491 et
935 2448 1180 2504 obsequium
1211 2448 1405 2491 cottidie¹¹
1426 2451 1634 2505 paratum.

191 2525 428 2582 Carissime,
461 2525 668 2582 scripsisti
698 2523 826 2568 mihi²
846 2525 1111 2569 familiariter
1137 2529 1178 2569 01
1197 2525 1401 2579 breviter3
1436 2529 1499 2568 set
1517 2525 1636 2580 mihi,

73 2603 207 2648 multa
238 2604 288 2647 de
318 2606 361 2647 te
393 2607 435 2647 et
465 2603 516 2647 de
547 2617 614 2646 me
646 2602 752 2646 scire
782 2602 951 2658 volenti,
983 2616 1118 2659 pauca
1145 2617 1231 2646 non
1263 2602 1487 2646 sufficiunt.
1544 2602 1637 2645 Uti-

73 2695 172 2726 nam
203 2695 280 2739 per
309 2681 496 2724 triduum
521 2681 672 2725 saltem
693 2680 819 2723 simul
850 2680 1102 2735 sederemus,
1135 2684 1177 2723 et
1206 2681 1252 2722 in
1283 2680 1420 2723 medio
1446 2683 1637 2723 nostrum

74 2763 216 2803 noster
255 2756 549 2803 cancellarius³
587 2759 770 2814 sederet,
809 2761 856 2800 ut
892 2761 1039 2801 mutua
1069 2757 1343 2801 collocutione
1372 2757 1418 2800 in
1450 2758 1637 2801 omnium

75 2840 265 2881 nostrum
303 2837 502 2880 noticiam
531 2837 713 2891 veniret,
753 2836 863 2891 quod
899 2835 1054 2891 singuli
1083 2836 1197 2879 intra
1227 2849 1272 2879 se
1302 2834 1491 2879 clausum
1521 2838 1637 2880 tene-

171 2942 197 2963 a.
225 2934 270 2964 sic
291 2944 328 2962 ex
350 2941 469 2971 semper
491 2938 650 2962 correctum
672 2938 716 2962 est
737 2933 767 2961 in
789 2931 848 2961 cod

170 2991 202 3026 1.
229 2990 314 3027 circ.
332 2989 438 3026 Febr.
456 2990 489 3026 2.
589 2990 623 3026 2.
648 2989 695 3026 V.
712 2999 770 3034 ep.
787 2990 856 3025 211
882 2998 993 3034 supra
1015 2998 1051 3034 p.
1069 2988 1149 3024 230.
1246 2989 1280 3024 3.
1307 2987 1507 3025 Arnoldus.

1276 3053 1354 3091 22⁴e

1654 330 1748 366 1150

1667 380 1729 410 Ian.

1662 2383 1755 2419 1150
