1924 3288
530 204 730 236 wmALm
759 202 1008 234 nmsromn
1037 200 1097 232 129
1109 200 1224 231 -131.
1579 185 1664 229 207

98 314 172 346 cor
199 299 477 346 contritorum
500 298 735 344 vivificetur
765 302 808 343 et
835 298 1010 356 spiritus
1038 297 1291 340 merentium
1310 294 1531 339 relevetur.
1578 292 1667 336 Nos
1695 294 1788 331 1148

98 380 212 425 enim
242 393 404 438 queque
434 379 622 423 fraterna
652 381 695 422 et
726 376 965 422 amicabilia
996 375 1047 420 de
1077 375 1196 420 vobis
1229 387 1461 433 speramus.
1709 343 1774 375 (Μ’

104 540 219 588 130.
250 542 342 587 Odo
370 543 498 586 abbas
520 541 565 585 S.
591 542 773 598 Remi-fii
792 540 1005 583 Remensis
1029 537 1218 581 Wibaldo
1241 537 1292 580 de
1314 536 1525 595 Stephano
1550 550 1668 578 mon·

249 620 351 664 acho
383 621 450 664 die
480 620 539 664 14
568 635 621 662 m.
649 618 837 662 Octobri-s·
865 624 1027 660 ‘mortuo
1058 617 1276 674 siynfficat.
1451 611 1525 668 (M.
1552 612 1668 666 110.)

218 709 462 755 Reverendo
496 709 611 767 patri
641 711 683 752 et
713 707 847 751 amico
873 705 1102 760 W(ibaldo)
1135 705 1217 749 Dei
1247 705 1385 760 gratia
1416 703 1561 748 Sancti
1589 702 1670 746 Re·
1696 708 1790 744 1148

100 787 226 833 macli
270 787 503 832 venerabili
546 786 689 831 abbati
729 789 772 830 et
809 785 999 829 eiusdem
1039 784 1265 828 aecclesiae
1301 783 1436 841 priori
1474 781 1671 838 omnique
1711 757 1777 788 θα·

100 867 325 912 0011νο111111
353 866 485 910 frater
517 864 642 920 O(do)
674 864 822 908 eadem
852 864 991 919 gratia
1013 862 1136 906 Beati
1165 858 1371 917 Remigii¹
1389 860 1561 904 humilis
1591 859 1672 902 mi-

20 991 22 993 ,
99 946 247 1002 nister,
280 945 389 989 sicut
420 944 593 988 cedrum
622 942 776 987 Libani
806 941 1083 999 multiplicari
1112 941 1159 984 in
1189 941 1312 984 domo
1343 939 1529 983 Domini.

148 1042 151 1044 ·
221 1023 329 1068 Cum
349 1022 472 1067 nobis
494 1023 550 1066 sit
576 1021 809 1077 insolitum,
841 1021 1027 1064 maxime
1046 1019 1249 1063 fratribus
1271 1022 1313 1063 et
1334 1019 1481 1062 amicis
1500 1017 1672 1072 nostris,

103 1102 272 1160 aliquod
308 1102 529 1146 sinistrum
558 1101 774 1144 insinuare
804 1099 873 1143 vel
902 1098 1124 1154 mandare,
1162 1101 1326 1153 tamen,
1361 1097 1560 1154 quoniam
1589 1098 1674 1139 ter-

102 1181 239 1225 minos
269 1180 442 1225 Domini
478 1178 635 1223 nullius
675 1181 739 1222 est
773 1177 1022 1233 terminare,
1062 1177 1334 1232 mandamus,
1373 1175 1550 1218 fratrem
1581 1173 1674 1217 Ste-

101 1259 303 1318 phanum,
334 1261 528 1303 nostrum
558 1256 812 1301 monachum
832 1259 875 1300 et
894 1259 1096 1311 vestrum,
1128 1255 1344 1298 hominem
1365 1254 1539 1309 exisse⁸‚
1572 1267 1674 1310 qua-

101 1338 233 1382 tinus*
255 1338 294 1382 ei
331 1337 441 1382 sicut
477 1340 520 1381 et
555 1349 633 1379 nos
673 1335 920 1392 obsequium
957 1333 1209 1392 persolvatis
1250 1337 1291 1377 et
1322 1333 1466 1377 domui
1494 1335 1674 1387 vestrae,

103 1430 184 1473 que
214 1429 326 1460 nunc
355 1418 470 1460 caret
489 1415 721 1472 provisore,
753 1414 805 1457 de
825 1419 964 1460 cetero
984 1412 1255 1471 provideatis.
1303 1412 1556 1469 Depositum
1575 1424 1675 1454 vero

103 1493 231 1550 illius,
264 1494 376 1551 quod
405 1493 499 1551 ipso
531 1493 716 1536 dictante
747 1506 877 1549 supra
898 1494 1045 1549 pectus
1067 1491 1156 1535 eius
1178 1491 1385 1549 scriptum
1406 1494 1483 1546 est,
1514 1491 1561 1533 in
1580 1490 1675 1533 istis

104 1571 310 1630 plicatum
354 1572 508 1615 litteris
553 1571 672 1615 vobis
712 1570 1055 1614 transmittimus.
1112 1569 1271 1614 Valete.
1394 1568 1538 1612 Pridie
1578 1568 1676 1612 Idus

105 1649 298 1695 Octobris
344 1650 449 1695 obiit
489 1649 727 1708 Stephanus
774 1648 1002 1693 monachus
1047 1648 1263 1706 professus
1314 1647 1458 1692 Sancti
1494 1647 1677 1703 Remigii

104 1727 366 1773 Francorum
396 1727 589 1787 apostoli.

113 1871 228 1919 131.
258 1873 303 1917 S.
327 1872 551 1916 monachus
573 1871 828 1916 stabulensis
857 1871 1045 1915 Wibaldo
1077 1872 1297 1928 respondet
1327 1872 1377 1914 de
1405 1870 1570 1914 Godino
1601 1870 1677 1913 vil-

258 1952 442 1995 licationi
471 1950 720 2008 imponendo
754 1957 791 1992 et
821 1950 872 1991 de
895 1951 1116 2007 pasnayiis
1148 1950 1369 2006 eoeiyendis.
1463 1946 1534 2002 (M.
1561 1947 1676 2002 109.)

225 2041 408 2085 Domino
448 2043 490 2084 01
528 2039 642 2097 patri
680 2051 755 2082 suo
792 2038 1017 2081 karissimo
1047 2037 1276 2093 W(ibaldo)
1314 2037 1546 2082 venerabili
1583 2036 1678 2081 Sta·
1704 2041 1797 2078 1148

106 2119 272 2164 bulensi
295 2123 338 2164 et
358 2117 602 2163 Gorbeiensi
634 2116 776 2160 abbati
804 2116 935 2159 frater
958 2115 999 2160 S.
1022 2115 1104 2160 Dei
1135 2120 1177 2160 et
1207 2130 1284 2160 sua
1313 2116 1604 2160 misericordia
1633 2116 1679 2159 id

109 2198 222 2255 quod
251 2201 328 2254 est,
365 2196 628 2242 obedientiae
659 2194 974 2250 subiectionem,
1007 2194 1242 2238 dilectionis
1273 2194 1552 2250 devotionem,
1584 2207 1678 2238 ora-

108 2277 272 2320 tionum
300 2275 671 2334 participationem
701 2276 757 2329 et,
788 2275 836 2316 ut
864 2271 1049 2317 breviter
1073 2273 1232 2316 dictum
1254 2273 1323 2329 sit,
1355 2287 1400 2317 se
1420 2273 1562 2331 ipsum
1583 2285 1679 2316 cum

110 2355 197 2399 suis
229 2354 435 2398 omnibus.

227 2431 414 2476 Litterae
451 2430 683 2475 humilitati
720 2442 839 2473 meae
877 2442 1012 2486 nuper
1049 2442 1075 2472 a
1112 2431 1255 2473 vestra
1292 2428 1583 2484 magnitudine
1614 2427 1678 2471 di-

109 2514 248 2555 rectae
286 2513 450 2554 tantam
486 2509 592 2552 mihi
628 2508 717 2552 vim
755 2510 796 2551 et
834 2506 1053 2550 audaciam
1090 2507 1136 2550 in
1175 2506 1357 2550 Domino
1396 2506 1677 2562 contulerunt,

110 2592 158 2633 ut
188 2589 373 2633 securius
402 2587 613 2632 ambulem
642 2586 915 2642 noverimque
944 2584 1092 2642 procul
1118 2584 1257 2640 dubio,
1291 2587 1464 2627 extunc
1482 2598 1551 2627 res
1572 2583 1678 2626 mihi

111 2667 354 2725 prosperius
400 2666 560 2710 cedere.
616 2664 698 2708 Pro
742 2663 892 2720 quibus
931 2662 1089 2718 gratias
1127 2665 1293 2706 vestrae
1331 2661 1572 2706 celsitudini
1611 2675 1677 2705 re-

110 2745 263 2800 ferens,
294 2744 373 2788 hoc
393 2743 530 2788 solum
550 2743 688 2787 Deum
709 2741 1040 2798 omnipotentem
1061 2739 1240 2798 supplex
1261 2740 1454 2797 deposco,
1482 2743 1530 2782 ut
1548 2739 1678 2783 talem

113 2836 182 2867 me
210 2823 349 2867 facere
379 2822 588 2878 dignetur,
621 2821 692 2879 qui
723 2822 863 2864 vestro
894 2818 1166 2863 contubernio
1198 2821 1240 2862 01
1269 2821 1358 2862 tam
1388 2817 1500 2861 dulci
1528 2817 1679 2862 exhor-

209 2971 241 3006 1.
268 2969 470 3007 Remensis.
