1924 3288
527 191 727 221 wmALm
755 189 1004 222 EPISTOLAE
1037 189 1106 219 178.
1130 188 1199 219 1⁷9.
1558 176 1644 220 299

84 286 239 343 abbati,
270 285 504 330 dilectionis
536 289 577 330 et
606 286 877 342 benignitatis
910 285 963 330 ad
994 285 1135 330 omnia
1158 285 1350 329 devotam
1374 286 1415 328 et
1435 287 1645 342 promtam
1673 287 1764 324 1149

84 364 395 410 exhibitionem.

200 442 337 487 Fideli
373 442 662 486 ammonitioni
693 445 735 486 et
764 443 834 500 pie
865 441 1082 486 devocioni
1110 444 1287 497 vestrae,
1319 454 1445 498 quam
1473 440 1520 483 in
1548 454 1646 497 pro-

81 521 260 566 fectione
289 524 435 565 nostra
466 521 519 565 ad
549 521 748 564 domnum
777 534 933 578 papam
962 520 1083 564 nobis
1115 519 1377 575 exhibuistis,
1405 533 1491 563 non
1512 518 1648 562 solum

82 600 240 656 gratias
270 600 514 655 referimus,
553 613 698 643 verum
736 599 864 643 etiam
903 613 977 643 suo
1008 599 1098 643 loco
1138 602 1180 643 et
1215 602 1405 655 tempore
1442 598 1648 653 condigna

83 678 222 736 operis
253 678 510 723 exhibitione
539 678 792 736 respondere
821 677 961 735 parati
992 691 1148 721 sumus.
1250 677 1374 720 quta
1396 676 1648 734 peticionem

83 759 224 801 autem
260 756 389 812 legati
418 757 550 800 vestri
588 757 795 800 actionem
834 756 1094 812 quorundam
1130 756 1420 811 negociorum,
1459 767 1565 811 quae
1596 767 1649 798 ex

81 837 281 893 precepto
319 835 463 878 domni
501 848 609 892 pape
643 834 910 892 presentibus
942 833 1215 890 suffraganeis
1245 833 1401 877 nostris
1431 833 1648 876 Erfordie⁰

82 913 354 957 tractavimus
387 916 429 957 et
457 914 797 968 terminavimus,
834 912 952 956 vobis
990 913 1254 956 innotescere
1278 926 1494 956 curamus.
1556 910 1649 954 Pri-

82 1005 199 1035 mum
229 991 460 1049 capitulum
490 995 581 1036 erat
610 992 661 1035 de
693 991 875 1048 quodam
906 991 1056 1035 abbate
1087 991 1138 1035 de
1158 990 1350 1046 Burgilin
1363 987 1386 1046 ¹,
1418 990 1491 1046 qui
1512 989 1649 1047 queri-

82 1070 268 1114 moniam
297 1069 478 1114 habebat
501 1069 700 1113 adversus
723 1070 918 1114 comitem
940 1066 1174 1125 Sizonem²,
1208 1069 1318 1125 quod
1339 1068 1519 1125 quedam
1540 1068 1651 1112 bona

83 1148 308 1193 aecclesiae
347 1162 446 1192 suae
476 1147 680 1192 violenter
716 1148 884 1192 tulisset
923 1151 965 1191 et
1001 1148 1274 1205 pertinaciter
1302 1150 1482 1201 teneret3
1525 1160 1649 1203 quam

84 1241 110 1271 a
147 1227 300 1271 domno
338 1240 452 1284 papa
487 1227 608 1270 nobis
638 1227 871 1270 iniunctam
902 1226 1075 1270 consilio
1107 1229 1149 1270 et
1181 1226 1336 1269 auxilio
1366 1226 1546 1269 fratrum
1575 1239 1650 1268 no-

83 1309 282 1362 strorum,
312 1306 524 1362 utrimque
543 1305 655 1349 facta
672 1319 777 1363 pace
799 1308 842 1349 et
871 1304 1106 1360 concordia,
1138 1304 1469 1354 terminavimus.
1578 1303 1651 1348 Se-

84 1384 267 1428 cundum
298 1386 389 1428 erat
419 1384 470 1427 de
502 1384 653 1428 comite
673 1384 741 1440 H.,
774 1384 846 1441 qui
875 1397 1052 1428 uxorem
1083 1397 1201 1426 suam
1226 1383 1443 1426 dimiserat
1463 1389 1505 1427 et
1525 1382 1651 1426 aliam

84 1462 401 1520 superduxerat.
441 1462 583 1506 'Huius
614 1463 771 1518 negotii
801 1462 898 1506 talis
931 1465 1022 1506 erat
1052 1462 1173 1505 actio.
1219 1461 1408 1505 Domnus
1431 1461 1650 1505 Hildenes-

83 1541 293 1585 hemensis
333 1537 576 1598 episcopus³
616 1541 849 1597 asserebat,
898 1541 1008 1597 quod
1044 1540 1156 1584 inter
1192 1541 1334 1598 ipsum
1373 1543 1415 1584 et
1451 1540 1649 1597 priorem,

85 1632 211 1676 quam
246 1632 324 1677 pro
362 1633 494 1663 uxore
531 1619 733 1675 habebat,
773 1622 946 1676 propter
986 1619 1274 1674 cognationem
1312 1619 1512 1662 canonica
1541 1619 1653 1662 facta

84 1701 176 1742 erat
206 1698 439 1755 separatio3
472 1700 549 1754 set,
583 1698 694 1754 quod
715 1697 765 1741 de
787 1697 965 1753 incestu,
998 1712 1122 1754 quem
1153 1711 1248 1741 cum
1278 1700 1406 1754 nepte
1436 1711 1512 1740 sua
1539 1710 1651 1740 com-

83 1777 275 1832 miserat,
313 1777 591 1834 penitentiam
621 1776 874 1833 suscepisset
901 1775 970 1819 vel
998 1776 1250 1833 peregisset,
1286 1789 1372 1819 non
1403 1774 1650 1819 affirmabat.

83 1854 204 1898 Unde
233 1854 434 1898 fratribus
465 1854 621 1897 nostris
653 1854 983 1909 decernentibus,
1022 1854 1133 1910 quod
1164 1857 1260 1897 ante
1289 1856 1504 1911 peractam
1534 1853 1652 1910 peni-

84 1932 262 1976 tentiam
290 1932 608 1975 matrimonium
638 1932 883 1976 contrahere
905 1945 982 1975 nec
1001 1935 1145 1989 posset
1163 1945 1242 1976 nec
1261 1932 1444 1987 deberet,
1475 1931 1651 1987 Magun-

84 2011 188 2055 tiam
220 2011 273 2054 ad
303 2010 498 2054 sinodum
527 2013 716 2054 nostram
744 2011 790 2053 in
819 2010 1014 2067 proxima
1043 2011 1150 2054 feria
1180 2010 1362 2053 secunda
1390 2012 1488 2067 post
1508 2023 1650 2053 ascen-

86 2089 246 2133 sionem
276 2086 472 2132 Domini⁴
510 2089 563 2132 ad
594 2089 922 2132 satisfactionem
954 2102 1048 2132 eum
1079 2089 1333 2132 vocavimus.
1454 2087 1652 2132 Preterea

85 2163 483 2211 Heresveldensem‘b
516 2164 746 2223 abbatem⁵,
779 2167 896 2222 quia,
935 2166 1173 2210 inconsulta
1204 2166 1404 2224 aecclesia
1433 2169 1579 2210 nostra
1611 2170 1652 2210 et

87 2246 243 2302 absque
280 2246 408 2290 verbo
446 2249 590 2289 nostro
628 2244 879 2288 Fuldensem
918 2245 1149 2301 suscipiens
1189 2245 1420 2299 abbatiam,
1463 2244 1515 2288 ab
1554 2244 1650 2288 obe-

87 2324 246 2367 dientia
274 2327 420 2367 nostra
450 2338 495 2368 se
526 2323 745 2379 alienavit,
778 2323 978 2367 fratribus
1010 2323 1166 2366 nostris
1197 2323 1497 2367 sanctientibus
1527 2336 1650 2366 voca-

86 2402 236 2446 vimus.
357 2402 504 2446 Preter
534 2402 637 2445 haec
666 2401 800 2444 multa
830 2404 970 2457 erant,
1010 2415 1116 2458 quae
1147 2401 1311 2457 singula
1340 2401 1512 2457 longum
1543 2404 1652 2445 esset

88 2493 350 2535 enumerare3
383 2483 448 2524 set
476 2480 580 2524 haec
610 2494 684 2523 vos
714 2479 848 2534 magis
881 2479 987 2523 scire
1017 2480 1268 2524 coniecimus
1299 2479 1550 2524 desiderare.

94 2604 206 2651 179.
238 2608 452 2650 Conradus
476 2606 550 2650 ΙΙΙ
580 2622 656 2649 rex
692 2606 880 2650 Wibaldo
918 2607 1143 2667 siyrcfflcat,
1182 2623 1224 2649 se
1262 2607 1327 2648 die
1363 2606 1421 2649 29
1458 2622 1511 2648 m.
1543 2606 1652 2649 Maii

233 2680 504 2722 Ratisbonam
532 2679 774 2736 pervenisse.
1435 2676 1506 2729 (M.
1535 2678 1649 2730 162.)

206 2761 456 2816 C(onradus)
488 2760 570 2804 Dei
599 2760 736 2816 gratia
764 2759 1049 2804 Romanorum
1078 2774 1154 2804 rex
1193 2764 1393 2816 augustus
1424 2759 1649 2815 W(ibaldo)
1675 2766 1767 2822 1149

183 2854 210 2875 a.
237 2844 360 2875 Erfodie
382 2857 408 2875 c.
490 2845 520 2874 b.
541 2844 794 2874 Hereveldensem
817 2856 842 2873 c.
1683 2815 1753 2845 Μαι

187 2898 215 2932 1.
242 2907 357 2942 prope
381 2897 516 2942 lenam,
542 2896 657 2933 dioec.
677 2895 852 2933 cicensis.
932 2895 967 2931 2.
992 2895 1046 2931 III
1070 2895 1117 2932 de
1141 2896 1396 2941 Kevernburg.
1478 2897 1512 2932 3.
1537 2896 1649 2932 Bern-

89 2955 236 2993 hardus.
260 2985 262 2987 .
330 2956 364 2992 4.
394 2957 483 2992 1149
507 2957 590 2992 Mai.
610 2957 667 2991 16.
764 2956 796 2991 5.
824 2954 1047 2991 Heinricum.
