1924 3288
303 187 386 231 166
763 197 962 229 wmALm
988 195 1236 228 srrs'rom
1263 195 1314 227 92.
1333 196 1385 228 es.

183 295 276 333 1148
299 293 523 352 inponetis,
553 296 603 337 ut
631 291 826 336 videlicet
853 294 994 335 vestro
1024 290 1256 348 privilegi0,
1289 303 1394 347 quae
1419 291 1466 335 in
1490 291 1569 336 hac
1587 290 1849 338 memorabili

300 372 478 416 duarum
516 369 812 415 aecclesiarum
849 369 1140 413 coniunctione
1167 365 1309 413 vestra
1335 369 1612 426 permissione
1638 369 1850 427 utrimque

300 449 458 507 scripta
495 448 562 492 vel
605 447 718 491 facta
755 449 871 503 sunt,
918 446 973 490 ad
1009 449 1256 504 perpetuam
1293 459 1587 491 successorum.
1611 450 1850 492 nostrorum

298 526 543 571 memoriam
582 523 835 568 confirmetis
874 527 916 568 et
948 524 1028 568 hoc
1055 524 1342 568 testimonium
1370 524 1416 568 in
1444 527 1622 582 utraque
1649 523 1852 569 needed:

300 604 543 660 diligenter,
596 602 704 645 sicut
746 615 839 645 rem
883 602 1054 658 dignam
1096 602 1318 658 memoria,
1364 602 1603 647 conservari
1642 602 1850 660 precipis·-

298 683 367 726 tis.
457 679 762 724 Nichilominus
802 693 965 736 quoque
1001 693 1217 736 rogamus,
1256 682 1324 736 ut,
1366 679 1563 737 quoniam
1601 679 1656 724 ad
1682 678 1850 725 laudem

298 759 379 803 Dei
419 762 462 802 et
500 758 554 801 ad
587 757 819 802 remedium
851 758 1086 801 animarum
1113 761 1354 802 nostrarum
1382 757 1491 801 hanc
1514 750 1851 806 'coniunctionem

298 836 390 880 fieri
434 835 760 893 postulavimus,
806 835 962 879 sanctis
1005 836 1134 879 etiam
1172 835 1362 893 patronis
1397 835 1616 892 utriusque
1653 834 1851 880 ecclesiae

300 914 569 957 alterutrum·
600 913 747 968 dignos
776 912 954 957 honores
974 913 1147 970 inpendi
1166 913 1443 968 constituatis,
1475 913 1684 970 quatinus,
1713 912 1788 970 qui
1803 912 1852 956 in

298 994 476 1048 utraque
506 991 708 1035 aecclesia
729 1004 896 1035 oramus
915 1003 993 1048 pro
1013 991 1192 1035 invicem
1210 994 1260 1034 ut
1278 989 1500 1046 salvemur,
1529 990 1684 1036 iunctis
1701 989 1851 1034 utrim-

300 1083 380 1126 que
416 1069 663 1126 patrociniis
701 1069 755 1113 ad
791 1068 1121 1125 consequendam
1161 1068 1341 1112 salutem
1380 1082 1506 1125 quam
1535 1068 1748 1125 querimus
1777 1067 1851 1112 ad-

299 1147 501 1191 iuvemur.
547 1146 718 1191 Placeat
754 1159 852 1202 ergo
890 1145 1031 1202 vobis,
1069 1149 1118 1189 ut
1152 1145 1204 1190 ob
1233 1146 1565 1190 recordationem
1592 1145 1852 1203 posteritatis

300 1225 466 1280 signum
497 1224 665 1281 aliquod
695 1227 738 1268 et
765 1223 1008 1267 memoriale
1037 1224 1083 1267 in
1111 1223 1339 1268 festivitate
1366 1224 1583 1280 utriusque
1611 1223 1781 1282 patroni
1796 1223 1852 1268 ὼ

299 1303 631 1361 possessionibus
669 1302 886 1358 utriusque
925 1300 1123 1345 ecclesiae
1162 1302 1355 1345 statuatis
1393 1305 1436 1346 et
1471 1301 1551 1345 hoc
1589 1301 1726 1346 studio
1761 1291 1851 1359 pie-

298 1381 398 1424 tatis
435 1383 524 1424 tam
561 1383 746 1424 vestram
783 1393 909 1436 quam
943 1382 1217 1436 patronorum
1246 1380 1493 1424 memoriam
1522 1379 1634 1437 apud
1663 1378 1850 1424 subditos

298 1461 459 1503 vestros
489 1461 737 1516 perpetuam
764 1456 942 1501 faciatis.

304 1610 385 1658 93.
420 1612 678 1656 Corbeienses
705 1613 892 1656 Wibaldo
922 1613 1104 1655 scribunt
1131 1612 1183 1655 de
1204 1612 1368 1655 inim-iis
1388 1612 1466 1655 sibi
1491 1611 1626 1654 illatis.
1670 1610 1851 1668 Rogant,

416 1691 567 1733 redeat.
1668 1685 1740 1742 (Μ.
1765 1686 1851 1742 77.)

183 1784 275 1820 1148
418 1779 645 1823 Carissimo
675 1779 787 1836 patri
818 1781 861 1823 et
882 1778 1051 1822 domino
1069 1776 1300 1821 venerabili
1320 1776 1561 1821 Corbeiensi
1591 1775 1733 1821 abbati
1747 1775 1853 1831 wfi-

300 1857 440 1911 baldo)
471 1856 522 1901 E.
538 1857 668 1915 prior,
698 1856 985 1911 A(delbertus)
1015 1855 1254 1913 prepositus
1284 1854 1493 1911 ceterique
1521 1854 1673 1898 fian-es
1703 1857 1746 1899 et
1771 1853 1852 1898 mi-

299 1934 537 1979 nisteriales
567 1934 830 1980 corbeiensis
862 1933 1098 1989 aecclesiae,
1129 1932 1327 1990 quicquid
1354 1931 1468 1989 patri
1504 1931 1655 1976 dilecto
1684 1930 1776 1988 filii,
1809 1934 1854 1976 et

301 2014 469 2057 domino
498 2011 642 2056 fideles
672 2011 794 2056 servi.

420 2090 554 2142 Quam
585 2079 682 2146 egre
712 2092 755 2133 et
784 2102 910 2146 quam
940 2088 1124 2145 graviter
1153 2090 1196 2132 et
1225 2100 1352 2144 quam
1379 2085 1698 2130 intolerabiliter
1727 2086 1853 2131 susti·

301 2182 474 2212 neamus
512 2171 602 2211 tam
632 2168 874 2211 diuturnam
909 2166 1042 2211 vestri
1071 2165 1324 2221 absentiam,
1354 2177 1438 2208 non
1467 2176 1689 2221 possumus
1717 2177 1852 2221 neque

303 2246 503 2290 audemus
549 2245 603 2289 ad
646 2245 878 2303 perfectum
913 2244 1032 2288 vobis
1069 2244 1304 2299 insinuare,
1345 2255 1399 2286 ne
1435 2241 1544 2285 forte
1579 2241 1775 2286 nimietas
1810 2244 1854 2287 et

302 2323 599 2382 importunitas
636 2326 782 2367 nostra
819 2322 1162 2380 equanimitatem
1197 2323 1382 2364 vestram
1417 2318 1566 2363 debeat
1593 2318 1851 2375 perturbare.

303 2402 603 2446 Verumtamen
630 2400 847 2456 noveritis,
879 2400 990 2457 quod
1019 2399 1220 2443 aecclesia
1246 2400 1404 2452 nostra,
1435 2408 1560 2452 quam
1589 2395 1789 2441 tuendam
1811 2399 1855 2442 et

303 2480 529 2536 regendam
558 2479 604 2522 in
633 2482 821 2535 tempore
850 2476 1132 2521 tribulationis
1164 2489 1263 2520 suae
1286 2473 1540 2531 suscepistis,
1571 2476 1614 2517 et
1632 2487 1758 2530 quam
1776 2487 1853 2532 per

303 2556 635 2601 misericordiam
653 2555 735 2600 Dei
764 2555 816 2599 de
844 2554 989 2599 multis
1019 2554 1230 2598 laboribus
1250 2550 1497 2597 sublevastis
1528 2553 1570 2594 et
1595 2564 1673 2608 per
1698 2550 1853 2596 multos

303 2635 468 2679 labores
502 2637 664 2678 vestros
698 2633 884 2677 honestis
913 2630 1206 2676 incrementis*
1237 2644 1264 2674 a
1291 2630 1359 2674 die
1387 2627 1659 2686 promotionis
1689 2631 1853 2674 vestrae

304 2713 611 2757 indesinenter⁰
630 2711 861 2769 provehere
890 2709 1124 2765 studuistis,
1154 2709 1256 2752 haec
1283 2707 1329 2751 in
1358 2705 1547 2750 absentia
1578 2709 1720 2750 vestra
1746 2705 1854 2751 mul·

304 2794 395 2833 tum
423 2790 510 2833 iam
536 2787 786 2832 tribulatur·¹
815 2790 869 2843 et,
901 2788 938 2831 si
969 2786 1125 2842 absque
1153 2785 1351 2830 dilatione
1382 2782 1421 2826 ei
1450 2795 1533 2826 non
1564 2783 1852 2840 subveneritis,

305 2867 436 2910 multo
468 2866 647 2923 amplius
671 2864 951 2909 tribulabitur.
1000 2863 1214 2920 Siquidem
1234 2861 1408 2905 domnus
1428 2859 1676 2917 Folcwinus,
1705 2860 1752 2904 in
1771 2874 1851 2918 quo

399 2958 427 2979 a
456 2961 494 2978 a..
517 2948 765 2987 altemtrimque?
851 2947 881 2977 b.
908 2944 1085 2977 iumentis
1108 2957 1134 2975 0.
1215 2952 1242 2974 c.
1268 2942 1467 2974 messinam:
1488 2955 1514 2973 c.
1597 2943 1627 2973 a.
1648 2940 1804 2983 prmum
1824 2955 1851 2974 ο.
