1924 3288
518 187 717 219 wmALm
745 185 995 218 EPISTOLAE
1022 184 1093 215 283.
1116 183 1186 215 284.
1549 171 1635 214 411

72 284 303 331 rescalcum
322 284 466 329 domni
485 284 596 339 regis
618 282 795 338 habetis,
826 281 994 340 placare
1015 281 1290 325 studeremus.
1328 279 1415 324 Nos
1435 279 1638 323 honorem
1664 283 1756 319 1150

73 367 260 410 vostrum
290 363 385 421 plus
417 363 652 419 diligentes,
685 375 811 418 quam
841 360 1118 418 peticionibus
1151 373 1295 404 eorum
1324 358 1637 415 acquiescentes

73 456 148 495 seu
168 442 510 487 incommoditati
541 440 699 498 captivi
729 439 842 483 illius
874 438 1189 496 compatientes,
1221 451 1438 481 monemus
1469 436 1638 481 celsitu-

73 521 216 566 dinem
251 524 458 576 vestram,
495 522 544 563 ut
580 519 709 563 verba
744 517 905 561 insulsa
945 516 1085 560 stolidi
1127 520 1168 561 et
1205 516 1419 560 temerarii
1455 515 1638 559 hominis

72 602 237 644 tantum
267 599 432 657 pondus
463 599 510 642 in
539 597 662 641 corde
683 599 824 640 vestro
851 610 936 639 non
967 595 1160 639 habeant.
1208 593 1327 638 Licet
1348 594 1460 638 enim
1480 607 1639 651 procax

73 677 130 722 sit
167 680 210 722 et
245 677 407 722 insulsa
444 676 572 720 verba
608 675 817 733 proferat,
864 678 1008 718 tamen
1044 674 1260 729 regnantis
1299 673 1496 716 maiestas
1536 686 1638 729 quo-

73 755 295 801 dammodo
327 755 481 799 offendi
509 754 675 799 videtur
705 754 751 797 in
782 766 844 810 eo,
877 752 988 810 quod
1015 755 1162 809 captus
1183 752 1228 795 in
1248 751 1427 795 vinculis
1451 752 1476 796 a
1494 751 1638 809 proxi-

71 834 154 880 mis
183 834 333 879 vicinis
363 837 542 878 tenetur.
589 832 709 876 Unde
739 845 936 887 rogamus
967 830 1332 875 mansuetudinem
1362 833 1560 886 vestram,
1591 832 1640 873 ut

71 926 150 971 pro
181 912 341 956 domini
370 912 505 956 nostri
534 911 646 967 regis
676 911 833 955 honore
864 913 906 954 et
924 912 1066 953 vestra
1093 909 1419 953 clementissima
1438 909 1640 965 bonitate,

72 994 218 1036 nostra
248 1005 411 1048 quoque
442 990 591 1034 humili
621 989 934 1044 intercessione,
965 988 1278 1032 misericordiae
1298 991 1463 1032 vestrae
1496 1001 1641 1031 aurem

72 1070 266 1128 precibus
301 1070 457 1114 nostris
487 1068 720 1124 inclinetis,
759 1071 802 1112 et
829 1067 1061 1123 hominem,
1104 1067 1216 1123 quod
1246 1066 1333 1110 solo
1364 1066 1491 1110 verbo
1522 1069 1640 1123 pote-

73 1147 165 1204 stis,
197 1161 223 1192 a
251 1148 430 1192 vinculis
462 1147 711 1203 absolutum,
742 1147 922 1190 liberum
953 1160 1043 1190 esse
1073 1146 1265 1190 iubeatis.
1315 1145 1496 1203 Tempus
1529 1145 1641 1189 enim

74 1227 166 1283 erit,
199 1227 364 1283 quando
395 1227 642 1284 oportunius
672 1226 724 1270 de
754 1225 910 1269 iniuria
929 1225 1048 1269 vobis
1083 1225 1134 1269 ab
1157 1225 1251 1282 ipso
1271 1223 1392 1268 illata
1411 1223 1640 1268 vindictam

72 1318 292 1363 reposcere
320 1305 526 1363 poteritis.

77 1461 194 1510 284.
218 1463 431 1507 Wibaldus
446 1462 634 1506 Arnoldo
655 1462 893 1519 praeposito
913 1461 1144 1504 Coloniensi
1165 1467 1203 1503 et
1220 1461 1360 1518 reyiae
1382 1462 1522 1504 curiae
1543 1476 1641 1503 can-

225 1542 390 1585 cellario
421 1542 579 1596 scribit,
614 1541 722 1583 diem
751 1547 922 1594 statuat,
956 1555 1036 1598 quo
1070 1555 1160 1582 eum
1192 1540 1421 1594 conveniat,
1455 1547 1501 1582 ut
1530 1540 1641 1596 ἱερα-

223 1621 344 1663 tionis
388 1619 672 1677 suscipiendae
714 1633 840 1661 causa
894 1618 952 1661 ad
998 1619 1156 1661 curiam
1194 1618 1530 1661 Ratisbonensem
1577 1618 1644 1660 die

223 1697 281 1742 29
304 1698 555 1755 Septembris
585 1697 829 1740 coniunctim
860 1704 1089 1739 occurrant.
1427 1694 1499 1749 (M.
1524 1695 1642 1749 263.)

194 1787 426 1832 Karissimo
448 1786 615 1830 domino
637 1789 679 1830 et
699 1786 832 1829 amico
854 1799 928 1829 suo
949 1784 1172 1840 A(rnoldo)
1195 1787 1363 1829 sanctae
1384 1785 1644 1829 Coloniensis

77 1867 276 1912 ecclesiae
306 1866 456 1909 maiori
485 1864 700 1922 preposito
726 1864 867 1919 regiae
888 1863 1028 1907 curiae
1049 1863 1296 1907 cancellario
1317 1864 1447 1908 frater
1467 1863 1643 1918 W(ibal-

77 1945 172 2000 dus)
202 1945 284 1989 Dei
322 1943 459 2000 gratia
496 1943 560 1999 id,
604 1942 715 1999 quod
753 1945 818 1987 est
850 1942 896 1986 in
927 1941 1128 1986 aecclesia
1157 1942 1381 1998 catholica,
1420 1956 1465 1986 se
1496 1946 1538 1987 et
1568 1957 1644 1986 sua

76 2025 284 2069 universa.

197 2102 403 2146 Tenorem
446 2096 706 2144 litterarum¹
748 2098 907 2142 domini
952 2099 1087 2142 nostri
1131 2098 1243 2154 regis
1280 2102 1370 2143 tam
1409 2113 1461 2142 ex
1498 2102 1642 2143 nostro

77 2180 229 2225 nuncio
261 2193 388 2236 quam
419 2191 471 2222 ex
501 2177 715 2235 capellano
748 2178 935 2221 eiusdem
967 2177 1127 2220 domini
1157 2178 1310 2234 nostri,
1343 2178 1452 2221 sicut
1482 2178 1643 2235 accepi-

78 2272 186 2315 mus,
216 2258 339 2316 plene
368 2255 649 2300 intellexistis.
695 2255 825 2300 Porro
855 2269 932 2299 nos
963 2255 1062 2300 licet
1091 2256 1136 2299 in
1166 2253 1265 2299 hac²
1298 2259 1340 2300 et
1369 2257 1414 2299 in
1436 2255 1644 2300 Saxonica

78 2326 193 2381 terra
228 2335 425 2380 maximis
457 2337 500 2378 et
529 2334 787 2390 gravissimis
818 2335 929 2378 curis
961 2338 1218 2390 coartemur,
1256 2334 1356 2378 licet
1385 2335 1538 2378 fratres
1568 2349 1642 2378 no-

80 2418 188 2459 stros
218 2414 264 2458 in
302 2412 530 2457 defectibus
561 2426 669 2469 pene
698 2412 1031 2457 intolerabilibus
1062 2413 1369 2469 relinquamus,
1402 2416 1558 2468 tamen,
1590 2427 1643 2457 ne

79 2494 310 2550 imputetur
349 2491 493 2546 nobis,
534 2491 646 2547 quod
682 2491 815 2534 honor
851 2495 894 2535 et
927 2491 1110 2546 dignitas
1142 2495 1183 2535 et
1214 2495 1435 2548 provectus
1466 2491 1644 2534 Romani

80 2571 248 2628 imperii
278 2584 354 2627 per
383 2583 460 2614 nos
491 2569 745 2627 impediatur
776 2572 848 2612 aut
877 2570 1127 2625 retardetur,
1158 2570 1297 2626 parati
1329 2583 1471 2612 sumus
1496 2569 1644 2612 volun-

80 2649 160 2693 tati
196 2649 354 2692 domini
388 2649 523 2692 nostri
553 2647 814 2702 satisfacere,
855 2647 935 2691 etsi
963 2661 1048 2690 non
1079 2647 1307 2691 secundum
1337 2647 1477 2702 regiae
1508 2647 1644 2701 digni-

80 2727 180 2771 tatis
219 2726 530 2782 excellentiam,
569 2729 710 2769 tamen
746 2738 822 2782 pro
853 2725 1145 2782 possibilitatis
1176 2729 1343 2768 nostrae
1374 2728 1572 2781 prompta
1602 2727 1644 2768 et

83 2805 312 2848 abundanti
348 2804 641 2849 benivolentia.
706 2803 852 2846 Tutius
892 2804 1005 2847 enim
1034 2803 1112 2846 hoc
1142 2807 1331 2860 tempore
1363 2806 1405 2846 et
1434 2802 1642 2847 salubrius

177 2899 210 2934 1.
242 2898 287 2935 V.
306 2908 364 2944 ep.
381 2898 452 2934 280
474 2908 586 2943 supra
609 2908 644 2943 p.
663 2897 746 2932 408.
840 2897 873 2932 2.
904 2907 949 2934 eo
973 2896 1232 2943 intelligimus,
1264 2896 1359 2933 hanc
1384 2896 1577 2942 epistolam
1602 2896 1641 2933 in

83 2958 302 2995 monasterio
327 2956 536 2995 Stabulensi
564 2957 738 3004 scriptam
766 2966 858 2994 esse.

1717 1791 1810 1827 1150

1669 1842 1745 1879 Aug.
1758 1851 1802 1871 ex.
1819 1858 1851 1861 —

1695 1883 1778 1922 Sept.
1792 1884 1832 1914 in.
