1924 3288
493 197 692 228 wmALm
720 196 969 229 nmsromn
999 194 1143 227 52-54.
1518 184 1598 227 131

156 290 448 337 Benedicimus
469 292 607 336 Deum
638 292 743 336 coeli
773 292 825 336 de
855 295 1019 336 vestro*
1042 294 1361 347 vestrorumque
1390 290 1530 334 reditu
1561 294 1603 334 et

39 370 262 429 sospitate3
293 370 451 426 gratias
483 370 645 425 agimus
675 371 788 427 patri
817 370 1201 414 misericordiarum
1225 369 1276 413 de
1296 368 1462 413 reddita
1481 368 1602 412 nobis

39 447 91 492 de
120 447 239 492 vobis
276 447 442 492 leticiae
481 451 524 492 et
560 447 703 504 gaudii
741 448 996 504 integritate.
1047 448 1112 492 De
1141 461 1261 492 mora
1291 450 1433 491 autem
1462 450 1604 490 vestra

38 539 124 570 non
152 539 375 584 possumus
405 540 490 570 non
521 527 701 582 gravari,
734 527 832 583 quia
863 527 1146 571 consolatione
1176 526 1414 583 presentiae
1437 528 1603 569 vestrae

38 603 242 648 refoveri*
262 604 469 660 volumus,
501 605 573 661 qui
603 604 747 648 multis
777 618 863 648 non
887 608 975 648 tam
996 606 1107 648 curis
1130 618 1256 661 quam
1276 604 1484 662 pressuris
1506 617 1604 647 con-

40 682 241 739 cutimur,
281 695 329 726 ac
363 682 540 740 proinde
571 683 706 738 magis
736 684 996 740 presentiam
1026 687 1211 727 vestram
1243 696 1368 739 quam
1398 682 1605 739 rescripta

39 760 337 805 desideramus.
385 760 587 804 Habitum
624 763 762 804 terrae
798 764 968 805 nostrae
1007 765 1097 805 tam
1135 761 1304 818 scriptis
1345 775 1470 818 quam
1507 760 1606 804 viva

39 851 139 884 voce
168 838 304 895 geruli
332 838 456 882 huius
486 838 743 894 intelligetis.

44 980 125 1029 53.
159 983 276 1027 Βουο
300 985 567 1042 praepositus
589 982 843 1027 stabulensis
867 984 1054 1028 Wibaldo
1088 984 1139 1027 de
1168 984 1320 1026 eisdem
1338 984 1460 1027 rebus
1478 983 1605 1039 siyni-

151 1063 270 1122 fleat.
1421 1058 1493 1114 (M.
1517 1059 1605 1112 39.)

158 1150 341 1196 Domino
387 1164 461 1195 suo
498 1149 691 1195 Wibaldo
736 1150 967 1195 venerabili
1006 1150 1247 1195 Stabulensi
1294 1149 1437 1194 abbati
1475 1149 1607 1192 frater

40 1227 168 1286 Bovo,
200 1229 421 1286 quicquid⁰
452 1229 565 1286 patri
594 1228 718 1273 filius.

160 1307 209 1351 In
252 1321 407 1363 magna
452 1307 647 1363 angustia
685 1310 727 1352 et
764 1307 1010 1365 inportabili
1049 1307 1202 1351 damno
1242 1309 1339 1364 post
1375 1305 1607 1349 discessum

41 1388 228 1430 vestrum
264 1386 413 1443 positi,
457 1385 790 1429 desiderabiliter
829 1389 1016 1430 vestrum
1055 1388 1326 1444 expectamus
1367 1384 1606 1439 adventum,

43 1464 142 1521 quia
171 1477 256 1507 non
286 1463 422 1508 solum
461 1463 512 1507 ab
551 1464 763 1508 extraneis
795 1463 1021 1520 affligimur
1052 1468 1116 1508 set
1147 1464 1276 1508 etiam
1307 1477 1333 1506 a
1362 1462 1519 1506 nostris
1543 1462 1608 1505 in-

42 1541 369 1587 misericorditer
398 1542 512 1585 intus
545 1545 586 1586 et
608 1546 729 1586 extra
749 1542 1041 1600 opprimimur.
1090 1542 1138 1586 In
1158 1542 1283 1586 rebus
1303 1541 1470 1596 vestris,
1503 1554 1609 1597 quae

43 1620 155 1664 circa
182 1634 259 1663 nos
291 1623 402 1675 sunt,
435 1623 638 1676 quantum
664 1619 828 1664 fidelius
850 1634 1023 1678 possum
1045 1620 1225 1664 elaboro.
1273 1620 1322 1663 In
1342 1619 1610 1677 prepositura

45 1702 199 1754 autem,
231 1698 283 1742 de
314 1711 397 1755 qua
426 1698 538 1742 vices
568 1701 731 1742 vestras
764 1713 855 1755 ago,
887 1698 1017 1742 nichil
1046 1699 1206 1742 fructus
1237 1712 1306 1742 me
1338 1711 1461 1753 agere
1486 1711 1610 1754 posse

44 1776 200 1832 sciatis,
238 1776 337 1832 quia
365 1789 450 1819 non
481 1775 617 1820 solum
647 1777 673 1820 a
702 1777 825 1820 Rad.‘¹
857 1781 899 1821 et
927 1777 1141 1821 Machario
1171 1777 1218 1820 in
1248 1776 1514 1831 Condustrio,
1547 1778 1612 1819 set

45 1857 88 1899 et
117 1868 143 1898 a
172 1854 324 1898 comite
354 1854 608 1899 Namucensi
647 1858 689 1898 et
727 1855 814 1899 suis
846 1855 1099 1899 adversariis
1130 1855 1176 1898 in
1205 1854 1453 1912 Haspannia
1480 1853 1613 1911 preda

46 1935 88 1977 et
116 1932 308 1976 incendio
338 1935 568 1977 vastamur.

49 2074 129 2121 54.
164 2076 328 2135 Aloifus
366 2079 493 2121 abbas
523 2077 741 2120 Fuldensis
771 2078 1005 2121 Wibaldum
1043 2077 1402 2120 commendaticias
1439 2077 1497 2119 ad
1530 2092 1610 2134 pa-

157 2170 263 2212 pam
293 2155 448 2198 litteras
478 2162 610 2212 φοραί.
1426 2151 1497 2207 (Μ.
1521 2153 1610 2207 32.)

165 2242 359 2288 Wibaldo
396 2243 628 2288 venerabili
666 2244 711 2287 in
751 2243 918 2288 Christo
956 2243 1199 2288 Corbeiensi
1238 2243 1381 2287 abbati
1410 2242 1611 2297 A(lolfus)

46 2320 216 2364 humilis
246 2322 439 2379 provisor
468 2321 691 2366 Fuldensis
723 2322 885 2366 cenobii
915 2322 1104 2366 debitum
1133 2322 1344 2366 fraternae
1375 2321 1611 2366 dilectionis

47 2402 90 2443 et
119 2399 333 2443 orationis.

166 2476 335 2529 Quanta
377 2477 635 2533 benignitate
673 2476 807 2521 dolori
844 2480 987 2522 nostro
1025 2478 1446 2532 condescendissetis,
1494 2479 1611 2520 actus

47 2553 244 2599 declarat.
297 2554 403 2599 Cum
434 2556 546 2599 enim
576 2556 713 2613 primo
745 2569 915 2599 causam
945 2558 1133 2600 nostram
1164 2555 1427 2613 concepistis,
1458 2554 1611 2598 litteris

47 2633 198 2677 vestris
237 2646 314 2676 nos
353 2633 561 2677 consolari
590 2633 804 2689 voluistis,
844 2647 950 2690 quae
978 2637 1096 2678 tanto
1127 2634 1278 2678 maiori
1307 2632 1491 2676 remedio
1522 2632 1611 2675 fue-

48 2714 168 2767 runt,
207 2724 287 2767 quo
320 2711 345 2754 a
374 2714 491 2755 tanto
523 2712 614 2755 viro
653 2711 767 2755 mitti
803 2714 1043 2768 potuerunt.
1107 2711 1256 2756 Gratia
1284 2712 1426 2766 itaque
1455 2713 1610 2766 vestra,

47 2789 285 2846 parturiens
322 2788 443 2832 nobis
480 2803 677 2844 magnam
713 2788 1027 2845 confidentiam,
1066 2790 1139 2834 dat
1169 2804 1195 2833 a
1224 2789 1341 2834 vobis
1373 2789 1613 2846 inquirendi

47 2866 212 2910 consilii
243 2870 285 2910 et
316 2866 463 2910 auxilii
495 2867 750 2923 singularem
780 2868 1013 2923 materiam,
1044 2871 1092 2911 ut
1124 2868 1148 2911 a
1177 2867 1394 2923 religionis
1425 2870 1611 2911 amatore

144 2971 171 2992 a.
199 2963 300 2992 vestra
321 2974 346 2991 c.
430 2962 460 2992 b.
489 2962 618 2993 rofoveri
640 2976 666 2994 c.
750 2972 776 2993 c.
805 2963 945 3002 quicquic
966 2975 992 2993 c.
1077 2962 1107 2992 d.
1134 2962 1209 2993 Rad'
1232 2974 1257 2992 c.

1276 3021 1328 3056 9*

1676 292 1767 329 1147

1625 344 1697 382 post
1712 342 1796 381 Sept.
1810 343 1828 372 8

1669 1151 1760 1186 1147

1628 1202 1699 1239 post
1717 1201 1801 1239 Sept.
1813 1200 1832 1229 8

1638 2248 1728 2282 1147

1636 2297 1719 2335 Sept.
1734 2296 1799 2326 Oct.
