1924 3288
629 165 773 196 IN'ITIA
802 164 1126 197 EPISTOLARUM

73 311 177 356 Quod
201 311 357 349 maxime
381 310 429 347 de
453 310 558 348 nobis
608 337 615 346 .
667 338 675 346 .
726 338 733 346 .

726 397 734 405 .
783 371 852 407 519

71 371 176 415 Quod
199 372 403 418 negocium,
427 381 493 417 pro
518 381 589 417 quo
608 397 614 405 .
667 397 674 405 .

71 430 177 475 Quod
199 431 332 477 omnia,
358 441 451 477 quae
476 430 524 467 ad
547 457 555 466 .
606 457 613 465 .
665 457 673 465 .
722 442 728 449 ·

72 490 177 534 Quod
199 501 266 537 per
289 490 461 527 sublimes
489 516 732 525 .....

72 550 178 594 Quod
200 560 259 586 res
282 553 427 587 vestrae
450 549 631 596 prosperis
664 575 672 584 .
723 576 731 584 .

71 609 177 653 Quod
199 610 292 646 tanti
316 613 354 646 et
377 613 452 646 tam
485 635 730 644 .....

69 669 175 713 Quod
196 679 265 706 vos
288 668 550 706 benedictionis
603 689 626 704 ,ι
663 694 671 703 .
722 695 731 703 .

69 728 246 772 Quoniam
271 728 385 766 abbas
408 732 552 766 vester.
602 755 612 765 .
662 755 670 763 .
721 755 729 763 .

69 787 245 832 Quoniam
270 799 452 835 cognosco
476 798 535 825 me
603 814 611 823 .
662 814 669 822 .
720 814 728 822 .

69 847 246 891 Quoniam
271 849 424 885 ecclesie
448 850 594 884 nostrae
660 874 668 882 .
708 874 727 883 ,.

720 933 727 941 .
778 908 847 943 163

69 907 245 951 Quoniam
269 908 445 944 hactenus
468 911 642 954 paternae
660 932 668 942 .

68 967 246 1011 Quoniam
270 969 307 1004 in
331 966 623 1004 tribulationibus
661 993 668 1001 .
721 993 727 1000 .

68 1026 245 1074 Quoniam
269 1028 498 1064 lacrimarum
543 1053 551 1061 .
606 1053 614 1061 .
661 1053 668 1061 .
719 1053 726 1061 .

68 1087 244 1130 Quoniam
269 1088 464 1124 multorum
486 1113 728 1121 .....

68 1146 256 1194 Quoniam,
280 1150 384 1194 pater
407 1146 597 1182 karissime
661 1171 669 1180 .
720 1172 728 1180 .

721 1232 728 1239 .
776 1205 845 1241 401

68 1205 245 1249 Quoniam
268 1210 354 1242 tuae
378 1205 605 1242 discretionis
661 1232 668 1239 .

67 1265 244 1308 Quoniam
267 1267 412 1302 virtutis
436 1269 580 1302 vestrae
603 1292 609 1299 .
662 1292 668 1299 .
719 1292 727 1299 .

67 1325 243 1368 Quoniam
267 1336 334 1362 vos
357 1326 437 1362 Rex

66 1386 197 1422 Bacio
222 1385 362 1422 consilii
387 1388 424 1421 et
447 1384 603 1420 instituti
655 1410 664 1418 .
718 1410 726 1419 .

718 1470 724 1477 .
775 1444 845 1480 308

65 1444 394 1490 Recognoscentes,
419 1445 457 1480 in
481 1442 648 1480 omnibus

65 1503 357 1550 Recognovimus
380 1504 419 1540 in
441 1503 570 1540 litteris
600 1529 608 1537 .
658 1528 667 1538 .
717 1530 726 1538 .

718 1589 725 1596 .
773 1563 844 1598 420

718 1649 725 1656 .
774 1623 844 1658 370

717 1708 725 1716 .
774 1682 842 1717 327

65 1563 290 1599 Recordatur
313 1563 482 1600 discretio
506 1565 631 1600 vestra
659 1589 667 1597 .

64 1622 288 1659 Recordatur
311 1622 481 1659 nobilitas
505 1626 570 1658 tua
599 1649 607 1656 .

65 1682 178 1718 Recte
202 1683 408 1728 meministi,
432 1681 543 1718 frater
600 1708 607 1715 .
659 1708 666 1716 .

64 1741 254 1778 Reddituri
277 1742 453 1778 rationem
483 1767 725 1775 .....

64 1800 235 1837 Reditum
258 1805 420 1838 vestrum
445 1800 492 1836 ad
542 1827 548 1835 .
601 1827 608 1835 .
658 1826 665 1834 .
718 1827 725 1835 .

65 1859 258 1897 Referente
283 1860 416 1896 domno
442 1860 601 1896 Folwino
658 1886 666 1894 .
717 1886 723 1894 .

65 1919 262 1965 Regalibus
285 1930 352 1956 vos
376 1922 594 1965 occupatum
659 1946 666 1954 .
717 1947 724 1954 .

64 1979 193 2025 Regali
216 1979 450 2015 excellentiae
474 1989 540 2025 per
599 2005 607 2013 .
659 2006 665 2013 .
717 2006 724 2014 .

717 2065 725 2073 .
776 2040 843 2075 118

64 2038 206 2075 Relatio
230 2037 381 2075 fratrum
406 2038 581 2075 Corbeiae
600 2065 607 2072 .
658 2064 666 2072 .

64 2097 328 2143 Religiosorum
353 2098 512 2134 virorum
537 2101 594 2134 est
659 2124 666 2132 .
718 2125 725 2132 .

718 2184 725 2191 .
777 2158 843 2194 169

64 2157 310 2203 Reprehendit
334 2168 401 2193 nos
425 2156 590 2194 fortassis
661 2184 665 2190 .

64 2216 310 2253 Rescribimus
333 2215 550 2253 fraternitati
598 2244 605 2251 .
658 2243 665 2251 .
716 2243 724 2251 .

64 2276 300 2312 Reverendus
324 2279 428 2322 pater
453 2279 491 2311 et
540 2303 547 2310 .
599 2302 606 2310 .
658 2302 666 2310 .
717 2302 724 2310 .

716 2362 722 2369 .
773 2336 841 2371 331

63 2335 246 2371 Reversus
270 2335 316 2371 de
342 2335 490 2371 Colonia
539 2361 546 2369 .
598 2361 606 2369 .

63 2394 337 2440 Rogaveramus
362 2394 619 2440 experientiam
658 2421 665 2428 .
716 2421 723 2428 .

65 2452 231 2490 sabbato
256 2457 340 2500 post
364 2454 565 2490 discessum
600 2480 607 2488 .
657 2480 664 2488 .
715 2480 722 2487 .

65 2512 207 2549 Salutat
229 2523 296 2550 vos
321 2514 379 2549 ille

62 2571 290 2608 Sanctissimi
314 2573 454 2618 imperii
480 2598 723 2606 .....

711 2657 717 2665 .
774 2632 842 2666 112

66 2689 258 2727 Sanctitati
280 2695 425 2727 vestrae
451 2701 594 2727 omnem
655 2715 663 2723 .
715 2716 722 2724 .

714 2776 722 2784 .
773 2750 841 2786 169

773 2809 841 2844 115
863 2828 866 2882 Ι
889 2808 1145 2846 Sollicitudinis
1169 2813 1313 2846 vestrae
1337 2808 1448 2845 verbo
1478 2835 1485 2843 .

773 2869 841 2904 144
863 2888 865 2929 i
889 2868 1126 2905 Sollicitudini
1150 2873 1293 2905 vestrae
1318 2869 1430 2904 artius
1480 2895 1486 2902 .

715 2954 721 2961 .
771 2928 840 2965 505
862 2932 865 2976 ξ
889 2927 1086 2966 Succenset
1109 2928 1214 2965 nobis
1239 2929 1349 2965 etiam
1419 2955 1426 2962 .
1478 2955 1485 2962 .
1537 2955 1543 2962 .

66 2630 255 2667 Sanctitati
279 2635 424 2668 vestrae
449 2635 574 2668 notum
596 2657 603 2664 .
655 2657 662 2664 .

66 2748 256 2786 Sanctitati
279 2755 422 2787 vestrae
446 2750 618 2796 plurimas
656 2776 663 2783 .

66 2807 256 2845 Sanctitati
279 2814 423 2846 vestrae
447 2809 676 2855 suggerimus
714 2834 722 2843 .

66 2865 256 2903 Sanctitati
279 2873 423 2905 vestrae
448 2869 534 2905 totis
596 2896 603 2903 .
655 2895 662 2903 .
715 2895 722 2903 .

66 2924 245 2972 Sapientis
269 2931 335 2974 est,
359 2929 604 2974 propositum.
655 2955 661 2961 .

422 2538 723 2548 ......

781 269 850 298 1³⁸8·

784 312 853 347 225

782 431 852 466 599

781 491 851 526 399

779 550 851 585 464

779 610 850 645 460

779 669 849 704 343

777 729 848 764 498

778 789 846 824 381

801 848 847 883 65

778 967 847 1003 206

801 1027 847 1062 62

779 1087 845 1122 117

777 1147 847 1182 222

775 1265 846 1301 449

775 1325 845 1360 467

777 1385 844 1420 176

774 1503 844 1539 443

775 1741 844 1777 215

776 1801 843 1836 188

773 1860 843 1896 436

773 1921 843 1956 379

774 1980 844 2015 332

799 2100 844 2134 79

773 2217 843 2252 389

772 2276 842 2311 402

772 2395 842 2430 456

772 2454 842 2490 429

773 2513 842 2548 328

772 2572 842 2608 568

772 2690 841 2726 575

900 310 1098 348 Scribimus
1122 310 1190 347 tibi
1214 321 1260 346 en

900 370 1051 417 Scripsit
1076 371 1212 407 dudum
1238 370 1443 406 maiestati.
1494 395 1503 404 .

899 430 1051 476 Scripsit
1074 430 1178 467 nobis
1203 430 1357 466 eruditio
1375 456 1383 464 .
1434 455 1442 464 .
1493 454 1502 463 .
1553 454 1561 463 .

899 489 1049 536 Semper
1073 490 1271 535 apostolica
1295 489 1402 526 sedes
1433 514 1442 523 .
1493 514 1501 523 .
1552 514 1559 522 .

899 548 1050 595 Semper
1074 550 1184 586 moris
1208 549 1324 586 nostri
1373 575 1380 583 .
1433 575 1440 582 .
1492 574 1499 582 .
1551 573 1558 582 .

898 608 1124 645 Serenissimi
1148 610 1383 654 imperatores
1433 633 1440 642 .
1492 633 1500 642 .

897 667 1091 704 Serenitati
1114 672 1258 705 vestrae
1283 666 1448 714 significo
1491 692 1499 700 .
1550 692 1558 700 .

896 727 934 764 Si
960 728 1007 763 ad
1031 728 1193 774 regenda

896 786 934 823 Si
958 787 1153 823 assiduitas
1178 786 1456 823 familiaritatem
1489 811 1496 820 .
1547 811 1555 819 .

895 846 934 883 Si
958 857 1040 883 cum
1065 847 1273 893 integritate
1312 873 1319 881 .
1371 872 1378 880 .
1430 872 1438 880 .
1489 871 1497 880 .

896 906 997 943 Sicut
1022 907 1120 953 apud
1143 910 1304 943 vestram
1370 931 1378 940 .
1429 932 1436 939 .
1489 931 1496 939 .
1548 931 1555 939 .

895 965 997 1003 Sicut
1020 978 1044 1002 a
1067 970 1207 1003 rectore

895 1026 998 1063 Sicut
1021 1026 1184 1072 dignatio
1208 1028 1332 1062 vestra
1369 1050 1377 1059 .
1430 1050 1437 1058 .
1491 1050 1498 1058 .

895 1085 998 1122 Sicut
1022 1086 1162 1122 diutina
1186 1084 1352 1121 absentia
1372 1109 1379 1117 .
1430 1109 1438 1117 .
1491 1109 1497 1116 .
1549 1109 1556 1117 .

895 1145 997 1182 Sicut
1021 1146 1165 1182 divinae
1189 1142 1495 1191 preordinationi.
1548 1169 1554 1176 .

894 1204 996 1241 Sicut
1020 1205 1144 1242 divina
1168 1203 1350 1240 ordinavit
1369 1229 1376 1237 .
1429 1228 1437 1236 .
1489 1228 1496 1236 .
1548 1228 1554 1236 .

895 1263 996 1300 Sicut
1020 1264 1144 1301 divina
1168 1262 1350 1300 ordinavit
1370 1289 1376 1296 .
1430 1288 1436 1295 .
1488 1288 1495 1295 .

894 1323 996 1360 Sicut
1019 1324 1056 1360 in
1080 1324 1296 1360 detrimento
1370 1348 1377 1356 .
1430 1347 1436 1355 .

894 1382 996 1419 Sicut
1019 1382 1218 1419 infidelium
1242 1385 1383 1418 mentes
1428 1407 1435 1416 .
1487 1406 1494 1414 .
1547 1407 1554 1415 .

894 1442 996 1479 Sicut
1019 1443 1057 1478 in
1081 1443 1210 1479 litteris
1233 1442 1366 1479 vestris
1430 1468 1436 1474 .
1488 1467 1495 1474 .
1547 1466 1554 1474 .

894 1502 995 1539 Sicut
1018 1503 1112 1539 inter
1135 1512 1194 1538 me
1219 1505 1256 1538 et

895 1561 997 1598 Sicut
1019 1561 1209 1598 manifeste
1234 1565 1376 1598 vestra.
1428 1587 1435 1595 .
1487 1587 1494 1595 .
1545 1586 1553 1594 .

895 1620 997 1657 Sicut-
1019 1621 1125 1658 nobis
1149 1621 1382 1667 significastis
1427 1647 1434 1654 .
1487 1646 1495 1654 .
1546 1646 1554 1654 .

896 1680 997 1717 Sicut
1020 1680 1129 1717 officii
1154 1681 1267 1717 nostri

896 1740 997 1776 Sicut
1019 1741 1190 1787 parvitati
1215 1750 1318 1776 meae
1368 1766 1375 1773 .
1427 1765 1434 1773 .

895 1799 997 1836 Sicut
1018 1800 1245 1846 paternitatis
1269 1802 1434 1835 vestrae.
1487 1826 1493 1831 .
1545 1824 1552 1832 .

894 1859 996 1896 Sicut
1018 1870 1083 1906 per
1108 1860 1178 1895 alia
1200 1858 1415 1895 fraternitati
1486 1884 1493 1892 .
1546 1884 1552 1892 .

894 1918 996 1955 Sicut
1018 1919 1179 1965 propicia
1203 1919 1374 1955 divinitas
1427 1944 1435 1952 .
1487 1944 1493 1951 .
1545 1943 1552 1952 .

893 1978 995 2014 Sicut
1018 1982 1163 2015 vestrae
1189 1977 1394 2014 celsitudini
1426 2004 1432 2011 .
1485 2003 1492 2011 .
1543 2003 1550 2011 .

893 2038 931 2074 Si
956 2038 1189 2074 excellentiae
1214 2042 1356 2075 vestrae
1426 2064 1432 2070 .
1485 2063 1492 2070 .
1543 2062 1551 2070 .

892 2097 1145 2144 Significamus
1171 2097 1399 2134 universitati
1425 2122 1432 2130 .
1484 2122 1491 2129 .
1542 2122 1550 2129 .

891 2156 1145 2203 Significamus
1169 2157 1285 2203 vobis,
1310 2156 1407 2202 quod
1426 2183 1431 2190 .
1483 2182 1490 2190 .

891 2216 929 2252 Si
953 2217 990 2252 in
1014 2217 1119 2253 vobis
1143 2227 1217 2253 non
1240 2215 1454 2252 remanserit
1484 2242 1490 2249 .
1542 2241 1549 2250 .

891 2275 1116 2312 Sinceritatis
1140 2279 1285 2312 vestrae
1310 2276 1432 2321 apices
1482 2301 1489 2308 .
1542 2301 1548 2308 .

891 2335 1114 2372 Sinceritatis
1138 2339 1282 2371 vestrae
1306 2335 1442 2370 litteras
1483 2361 1490 2368 .
1541 2360 1547 2368 .

891 2394 1095 2431 Sinceritati
1117 2398 1202 2430 tuae
1226 2398 1374 2430 notum.
1426 2419 1433 2428 .
1484 2420 1491 2428 .
1541 2419 1549 2428 .

891 2454 928 2490 Si
952 2458 1075 2491 nostre
1100 2454 1314 2500 parvitatis.
1365 2480 1372 2487 .
1423 2479 1430 2486 .
1482 2479 1489 2487 .

891 2513 929 2549 Si
952 2514 1133 2559 palatinus
1157 2523 1279 2550 comes
1305 2539 1312 2547 .
1364 2539 1371 2547 .
1422 2538 1430 2546 .
1482 2538 1488 2545 .

890 2572 928 2608 Si
953 2573 1167 2609 universalis
1191 2572 1389 2609 aecclesiae
1422 2598 1428 2605 .
1481 2598 1487 2605 .

890 2631 928 2667 Si
952 2632 1047 2668 vivis
1072 2635 1110 2668 et
1131 2633 1232 2668 vales

889 2690 927 2727 Si
953 2702 1018 2727 vos
1043 2702 1125 2727 cum
1151 2692 1267 2727 salute
1304 2717 1310 2725 .
1361 2717 1368 2725 .
1421 2717 1428 2724 .
1479 2717 1486 2725 .

889 2749 1014 2786 Solent
1038 2750 1200 2787 homines
1225 2750 1312 2786 artis
1362 2776 1369 2783 .
1420 2776 1427 2783 .
1480 2776 1486 2783 .
1538 2776 1545 2783 .

1538 2835 1545 2843 .
1594 2810 1664 2845 445

1538 2869 1664 2905 ,466

1311 991 1319 999 ι
1371 991 1379 999 0
1429 990 1438 999 ο
1492 990 1500 998 ι

1594 153 1678 196 621

1612 268 1682 296 pag.

1612 311 1681 346 205

1554 369 1679 405 ,427

1612 428 1681 463 140

1609 488 1679 523 566

1632 548 1679 582 82

1551 633 1558 641 .
1608 607 1679 642 579

1607 666 1678 702 595

1608 725 1676 761 158

1605 785 1675 821 376

1605 845 1676 881 563

1605 904 1675 940 409

1606 964 1677 999 490

1551 1050 1557 1057 .
1606 1024 1676 1059 302

1605 1083 1675 1119 317

1606 1142 1675 1178 103

1606 1202 1675 1238 102

1548 1288 1555 1295 .
1606 1262 1676 1297 102

1547 1347 1555 1355 .
1605 1321 1675 1356 210

1604 1381 1675 1416 300

1603 1440 1673 1476 459

1605 1500 1674 1535 160

1605 1559 1673 1595 155

1605 1619 1674 1655 140

1602 1679 1672 1714 329

1545 1765 1552 1773 .
1602 1739 1672 1774 522

1601 1798 1672 1833 479

1602 1857 1673 1893 554

1601 1918 1670 1953 366

1601 1977 1670 2012 298

1600 2036 1670 2071 383

1599 2096 1667 2131 341

1543 2183 1550 2190 .
1600 2156 1669 2192 605

1622 2216 1667 2250 81

1599 2275 1667 2310 211

1599 2335 1668 2370 136

1597 2394 1667 2430 449

1597 2454 1666 2489 361

1596 2514 1667 2549 560

1539 2572 1666 2608 .489

1596 2632 1666 2668 380

1595 2691 1666 2727 564

1596 2750 1665 2786 194

1593 2929 1663 2965 330
