1924 3288
299 224 386 269 324
742 234 940 267 wmALm
968 234 1219 267 EPISTOLAE
1245 234 1317 265 204.
1338 234 1410 266 205.

161 333 253 370 1149
295 331 435 389 ipsum
464 330 673 375 sententia
703 329 831 386 digna
860 330 948 374 suis
979 330 1218 375 excessibus
1247 329 1496 386 feriendum,
1519 329 1610 376 11101
1638 332 1853 389 1110οῖ111οῂ

142 383 270 414 ⁸⁰⁹²ae
294 409 456 453 iestatis
485 408 638 463 legatio
667 408 941 465 prevenisset.
990 406 1064 452 Set
1090 408 1283 466 precibus
1303 408 1389 452 tuis
1409 410 1612 464 quantum
1629 419 1853 466 possumne

293 486 504 541 inclinati,
542 499 716 529 manum
756 489 946 529 nostram
982 486 1029 530 in
1065 486 1375 543 presentiarum
1405 485 1457 530 ab
1487 485 1626 543 ipsius
1651 484 1854 542 dampna·-

292 563 407 607 tione
436 563 690 607 retraximus
721 566 763 608 et
792 577 925 620 usque
953 563 1007 607 ad
1027 563 1292 620 dominicam,
1324 577 1407 620 qua
1427 566 1619 608 cantatur
1647 563 1743 622 qu
1762 577 1855 606 m

285 650 438 699 pastor
477 642 608 685 bonus
620 637 645 695 ¹,
684 639 874 685 inducias
905 642 946 686 ei
975 642 1270 686 concessimus.
1316 640 1424 693 Quia
1453 655 1552 697 ergo
1584 639 1855 722 excellenff'ae

292 721 390 762 tuae
429 731 573 775 preces
614 718 770 775 absque
807 719 927 775 gravi
957 722 1127 763 sanctae
1159 718 1383 763 aecclesiae
1413 722 1456 763 et
1486 718 1732 777 disciplinae
1761 729 1854 763 000-

293 795 550 840 clesiasticae
585 795 743 841 lesione
780 796 826 840 in
862 796 942 841 hoc
981 810 1034 841 ex
1063 800 1151 841 toto
1183 796 1383 841 exaudire
1412 796 1700 854 nequivimus,
1737 787 1856 852 regia

293 874 570 931 equanimiter
599 874 822 918 clementia
849 874 980 930 ferat,
1020 878 1063 919 01
1090 874 1179 930 his,
1212 888 1292 932 que
1322 877 1491 918 sanetae
1520 873 1733 918 Romanae
1762 885 1854 918 aec-

292 951 444 996 clesiae
487 952 615 996 matri
653 955 751 996 tuae
789 952 1056 1008 incumbunt,
1102 952 1220 996 cuius
1265 952 1528 1010 omnipotens
1566 951 1774 995 Dominus
1810 953 1854 994 te

292 1030 510 1074 constituit
546 1030 828 1085 defensorem,
868 1030 977 1073 sicut
1012 1030 1064 1074 de
1093 1029 1350 1086 benignitate
1379 1033 1454 1073 tua
1483 1041 1721 1086 speramus,
1759 1030 1854 1072 tan-

293 1121 419 1164 quam
459 1107 677 1165 piissimus
713 1107 906 1151 iusticiae
944 1110 1107 1151 amator
1143 1107 1350 1151 intendas.
1471 1106 1683 1151 Dilectum
1718 1104 1854 1150 fllium

291 1189 483 1229 nostrum
502 1185 748 1229 Heinricum
775 1185 983 1229 iuniorem
1003 1199 1146 1242 regem
1174 1185 1221 1229 in
1240 1185 1422 1229 Domino
1452 1184 1696 1229 salutamus.
1740 1182 1854 1228 Data

290 1261 490 1308 Laterani
519 1264 548 1307 4
577 1263 670 1308 Kal.
693 1263 950 1308 Decembris.

294 1403 411 1475 205.
436 1406 648 1451 Wibaldus
679 1407 870 1451 Conrado
889 1406 966 1450 ΠΙ
983 1408 1073 1465 νερί
1102 1408 1252 1461 scribit,
1284 1421 1327 1449 se
1356 1421 1432 1449 nee
1459 1406 1656 1449 nuncium
1682 1419 1758 1448 nec
1785 1404 1852 1449 lic·

439 1491 548 1528 teras
593 1486 680 1527 eius
725 1485 938 1541 accepisse.
999 1484 1070 1528 De
1113 1485 1299 1527 restituta
1345 1484 1431 1526 eiu-s·
1474 1484 1650 1527 sanitate
1685 1483 1851 1540 ,qauda-

438 1561 559 1617 Petit,
590 1562 670 1605 sibi
698 1562 919 1605 subveniat.
1635 1557 1708 1614 (Μ.
1733 1558 1852 1614 203.)

174 1658 266 1695 1149
409 1649 558 1693 11101110
596 1649 893 1706 triumphatori
931 1649 957 1693 έι
993 1649 1083 1694 1)00
1121 1652 1339 1705 coronato,
1380 1648 1645 1693 serenissimo
1683 1648 1852 1693 domino

183 1708 247 1739 ¹³⁹⁰
291 1740 366 1770 suo
403 1726 628 1782 C(onrado)
667 1726 848 1783 glorioso
888 1726 1173 1771 Romanorum
1215 1727 1462 1784 imperatori
1505 1729 1680 1783 augusto
1721 1726 1852 1771 110101·

291 1804 542 1860 W(ibaldus)
572 1804 654 1849 Dei
683 1804 821 1860 gratia
849 1804 894 1848 id
932 1805 1044 1861 quod
1080 1808 1145 1849 est
1172 1805 1218 1849 in
1249 1805 1450 1850 aecclesia
1478 1804 1704 1861 catholica,
1739 1803 1851 1849 salu·

291 1885 379 1927 tem
407 1883 453 1927 in
484 1897 547 1939 eo,
579 1883 651 1940 qui
680 1882 855 1926 mandat
884 1881 1040 1926 salutes
1071 1882 1194 1927 Iacob
1203 1879 1231 1926 '.

410 1960 535 2004 quta
570 1960 823 2018 beneplaciti
859 1961 991 2004 vestri
1028 1961 1275 2004 mandatum
1311 1959 1623 2019 expectavimus
1651 1959 1852 2004 nuncium

291 2041 478 2082 vestrum
509 2041 552 2082 et
579 2037 743 2081 litteras
772 2040 949 2094 vestras,
989 2052 1179 2095 quorum,
1219 2038 1393 2082 decurso
1422 2041 1626 2096 tempore,
1657 2050 1754 2082 cum
1781 2049 1851 2083 ac-

291 2115 547 2173 cepissemus
577 2118 787 2171 neutrum,
818 2116 938 2170 gravi
966 2116 1158 2159 mesticia
1189 2119 1231 2160 et
1259 2116 1423 2172 ingenti
1451 2115 1692 2160 confusione
1721 2114 1851 2160 animi

293 2191 431 2237 affecti
450 2193 618 2237 fuimus.
660 2192 734 2236 Set
751 2192 918 2237 rediens
943 2193 996 2237 ad
1024 2190 1123 2238 nos³
1139 2178 1320 2238 a‘vestra
1339 2196 1456 2240 curia
1473 2196 1604 2239 frater
1622 2189 1851 2238 Iohannes‘

292 2270 479 2315 dolorem
515 2274 707 2315 nostrum
736 2269 965 2327 plurimum
996 2271 1195 2316 abstersit
1225 2274 1268 2316 et
1297 2269 1482 2314 animam
1510 2274 1700 2315 nostram
1727 2269 1851 2316 valde

292 2348 555 2404 exhilaravit,
586 2361 639 2392 ex
661 2361 710 2392 eo
730 2347 937 2404 videlicet,
970 2349 1079 2405 quod
1109 2363 1184 2394 vos
1215 2349 1268 2393 de
1297 2346 1540 2392 infirmitate
1568 2351 1710 2393 vestra
1735 2351 1850 2393 recte

291 2425 553 2471 convaluisse
581 2425 810 2470 nunciavit.
857 2425 1158 2471 Verumtamen
1189 2426 1242 2470 de
1261 2426 1428 2482 negotio
1447 2428 1592 2470 nostro
1610 2424 1741 2471 nichil
1758 2438 1848 2481 cer-¹

291 2508 403 2561 tum,
441 2503 571 2548 nichil
607 2502 791 2548 salutare
824 2505 1099 2548 renunciavit.
1150 2504 1208 2548 Et
1236 2516 1348 2548 nunc
1376 2502 1561 2559 graviter
1589 2502 1850 2562 imliroperat

291 2582 412 2627 nobis
442 2581 707 2627 Corbeiensis
737 2580 913 2625 ecclesia
942 2582 1074 2638 quod,
1107 2595 1222 2638 cum,
1261 2581 1371 2626 bona
1400 2594 1476 2638 spe
1506 2581 1532 2625 a
1560 2584 1701 2626 vestra
1727 2594 1848 2626 mnn-

292 2660 512 2704 suetudine
547 2658 740 2715 inducta,
778 2662 967 2703 nostram
1003 2660 1256 2717 parvitatem
1293 2659 1348 2703 ad
1384 2658 1572 2714 regimen
1610 2672 1734 2703 suum
1768 2671 1847 2717 pro

292 2737 552 2795 beneplacito
585 2740 722 2782 vestro
753 2735 937 2792 elegerit,
968 2750 1053 2781 non
1083 2737 1218 2781 solum
1249 2737 1429 2792 gratiam
1453 2739 1496 2780 01
1517 2735 1847 2780 misericordiam

291 2818 514 2859 consecuta
550 2827 635 2858 non
673 2813 749 2870 sit,
788 2817 852 2858 set
888 2814 1016 2859 etiam
1050 2815 1269 2859 thesauros
1306 2827 1403 2858 suos
1439 2816 1481 2858 et
1509 2812 1696 2858 laborem
1723 2826 1846 2858 suum

290 2891 491 2936 damnose
522 2892 721 2936 amiserit.
766 2890 824 2935 Et
853 2891 1050 2948 quoniam
1079 2892 1378 2948 intelleximus,
1408 2904 1481 2935 vos
1507 2891 1562 2935 15
1583 2890 1729 2936 diebus
1748 2893 1846 2935 01110

386 2980 419 3016 1.
445 2980 538 3016 1150
561 2979 650 3025 Apr.
669 2979 728 3015 30.
814 2980 847 3016 2.
874 2979 933 3016 Ps.
950 2979 1008 3026 43,
1025 2979 1060 3017 5.
1148 2981 1181 3016 3.
1207 2979 1410 3018 corbeiam.
1492 2978 1527 3015 4.
1551 2977 1843 3016 Fritheselensis.
