1924 3288
503 161 702 192 WIBALDI
730 160 982 193 nms'ronffl
1010 160 1082 191 837.
1106 160 1178 191 388.
1537 149 1624 192 467

59 253 177 302 337.
205 255 345 301 Sumo
384 257 609 301 Damnum
644 273 720 301 rex
759 258 942 301 Comadi
974 257 1051 301 III
1079 258 1189 315 reqis
1226 256 1473 316 colloquium
1507 258 1625 314 petit.

203 335 276 378 Ad
304 334 452 379 Slavos
482 335 585 378 bello
616 335 871 378 lacessendos
902 335 1104 379 hortatur.
1408 332 1480 388 (Μ.
1504 333 1624 387 318.)

173 415 400 479 C(onrado)
421 423 502 468 Dei
522 425 660 479 gratia
678 423 867 468 Romano
894 424 1143 481 imperatori
1173 423 1354 480 glorioso
1386 426 1428 467 et
1458 436 1626 481 semper
1652 430 1744 466 1151

55 504 232 558 augusto
256 500 409 558 Sueno,
441 501 630 546 eiusdem
659 505 764 546 nutu
784 502 1004 546 Danorum
1033 516 1124 559 rex,
1155 501 1329 546 filialem
1359 501 1626 546 dilectionem

55 582 99 624 et
126 578 313 625 debitam
343 580 657 624 subiectionem.

172 657 345 716 Inpensi
363 657 555 702 beneficii
575 657 678 701 haut
697 658 933 713 immemor,
965 658 1236 715 paternitatis
1257 661 1422 702 vestrae
1445 657 1627 702 clemen-

53 735 140 780 tiae
169 749 336 794 semper
365 736 523 792 gratias
565 736 748 791 agimus3
788 726 1060 793 omniumque
1098 739 1459 780 remuneratorem
1489 735 1628 780 Deum

53 813 210 869 iugiter
239 827 476 870 exoramus,
507 817 568 869 ut,
599 813 674 858 ubi
692 817 862 857 nostrae
893 815 1116 871 parvitatis
1136 815 1383 859 vicissitudo
1414 814 1627 870 defecerit,

55 904 220 935 summa
249 905 326 935 sua
354 892 645 936 misericordia
682 891 916 936 retribuere
947 892 1156 948 dignetur.
1206 892 1455 936 Serenitatis
1488 896 1629 937 autem

55 972 222 1014 vestrae
251 973 428 1027 experta
457 970 656 1014 dulcedo·
687 970 888 1027 accipiat,
931 970 1128 1026 quoniam
1158 971 1205 1014 in
1235 974 1378 1015 vestra
1407 971 1629 1015 maiestate

55 1047 384 1092 manutentionis
413 1051 584 1092 nostrae
617 1048 844 1092 anchoram
866 1049 891 1092 a
909 1049 1126 1105 primevae
1148 1049 1385 1092 iuventutis
1401 1048 1505 1094 flore
1533 1048 1629 1093 fixi-

54 1138 149 1169 mus
181 1128 224 1170 et
251 1125 575 1170 immutabiliter
605 1140 697 1170 esse
727 1125 858 1170 fixam
888 1129 986 1184 post
1006 1126 1146 1170 Deum
1176 1140 1343 1185 semper
1365 1131 1628 1185 exoptamus,

56 1203 177 1260 eique
206 1204 296 1247 vita
324 1204 477 1248 comite
508 1204 703 1248 decenter
732 1218 866 1261 usque
897 1204 1184 1258 desideramus
1195 1204 1224 1248 ¹’.
1273 1204 1480 1250 Convenit
1500 1206 1631 1261 igitur

55 1281 304 1339 paternitati
330 1285 518 1338 vestrae,
555 1281 634 1325 filii
671 1282 822 1326 honori
859 1282 1082 1339 providere
1122 1285 1183 1338 et,
1223 1283 1261 1326 si
1299 1284 1371 1340 qui
1411 1284 1466 1328 ad
1495 1284 1631 1328 nostri

56 1358 383 1403 destructionem
403 1360 664 1416 emerserint,
686 1373 831 1404 eorum
851 1360 1135 1405 temeritatem
1156 1374 1435 1418 compescere.
1478 1360 1630 1405 Curiae

57 1442 198 1481 autem
235 1437 428 1482 decorem
458 1442 500 1482 et
531 1438 852 1482 desiderabilem
875 1438 1144 1482 celsitudinis
1175 1443 1343 1483 vestrae
1373 1439 1536 1483 vultum
1567 1440 1630 1484 vi-

57 1515 156 1560 dere
193 1516 432 1573 cupientes,
472 1516 622 1560 intime
660 1529 905 1574 precamur,
947 1519 1153 1573 quatenus
1192 1521 1235 1561 et
1270 1517 1411 1561 locum
1449 1518 1631 1562 adeundi

56 1594 322 1638 commodum
353 1597 396 1638 et
424 1597 592 1652 tempus
624 1598 854 1651 apparatus
885 1594 1083 1638 idoneum
1115 1595 1344 1651 designetis
1373 1599 1415 1640 et
1436 1610 1629 1640 securum

57 1672 256 1716 ducatum
292 1671 415 1716 nobis
453 1673 700 1730 procuretis.
770 1671 864 1715 Hiis
903 1686 1004 1716 vero
1044 1673 1190 1717 amicis
1227 1674 1384 1717 nostris
1422 1673 1629 1731 fidelibus,

57 1749 253 1794 videlieet
282 1749 435 1793 domno
455 1750 674 1794 Bremensi
705 1749 1021 1806 archiepiscopo
1035 1747 1046 1767 ¹
1077 1754 1119 1794 et
1139 1748 1206 1795 O.²
1236 1752 1484 1808 marchioni,
1515 1753 1630 1808 lega-

56 1828 217 1872 tionem
252 1831 442 1871 nostram
479 1828 788 1883 commisimus,
830 1830 879 1870 ut
917 1824 1057 1871 ducis³
1094 1829 1270 1872 insidias
1309 1829 1628 1874 declinaremus.

57 1906 217 1951 Valete.
256 1905 314 1950 Et
343 1906 556 1963 principes
577 1909 740 1950 vestros
773 1905 826 1948 ad
849 1904 1072 1949 Slavorum
1095 1906 1410 1963 depressionem
1434 1908 1628 1952 excitate.

56 1984 115 2028 Et
144 1996 272 2042 super
300 1984 417 2040 haec,
450 1997 556 2040 quae
587 1983 715 2040 digna
743 1983 953 2039 videntur,
984 1984 1216 2029 rescribite.

62 2142 179 2191 338.
208 2145 402 2189 Kanutus
431 2146 608 2190 deiectus
629 2146 851 2190 Damon-um
880 2162 956 2190 rex
979 2147 1162 2190 Conradi
1179 2146 1253 2190 HI
1273 2148 1383 2204 reqis
1412 2162 1532 2204 opem
1554 2148 1631 2190 im-

202 2224 357 2282 plorat.
1414 2223 1487 2278 (M.
1511 2224 1630 2278 319.)

178 2311 404 2367 C(onrado)
443 2311 525 2355 Dei
562 2312 699 2367 gratia
731 2311 1017 2357 Romanorum
1053 2313 1300 2371 imperatori
1339 2317 1516 2370 augusto
1546 2313 1631 2358 Ka—

59 2393 186 2435 nutus
216 2403 292 2434 rex
323 2389 542 2434 Danorum
572 2390 763 2434 salutem.

179 2467 385 2520 Quoniam
421 2481 496 2511 vos
533 2466 625 2510 Rex
667 2481 814 2523 regum
861 2468 915 2512 ad
954 2468 1034 2512 hoc
1074 2469 1293 2513 constituit
1332 2472 1374 2513 et
1410 2483 1539 2512 unum
1578 2483 1630 2513 ex

60 2545 204 2590 multis
237 2545 362 2601 elegit
390 2545 656 2602 nominisque
687 2545 753 2588 sui
783 2545 917 2601 gloria
946 2546 1173 2602 decoravit,
1210 2551 1258 2590 ut
1287 2550 1409 2604 pater
1438 2547 1631 2592 iusticiae

60 2622 254 2681 filiusque
282 2623 399 2681 pacis
428 2622 599 2678 fieretiS,
635 2623 786 2667 merito
817 2623 976 2668 debetis
1006 2625 1052 2667 in
1083 2625 1276 2669 omnibus
1307 2625 1518 2668 iusticiam
1539 2638 1631 2669 cor-

60 2700 258 2745 roborare
290 2704 331 2745 et
360 2701 515 2745 iniuste
546 2699 712 2744 afflictis
744 2700 894 2745 solatia
923 2702 1134 2746 adhibere.
1194 2702 1355 2747 Privati
1386 2703 1516 2758 igitur
1545 2716 1630 2747 non

158 2807 185 2827 a.
214 2796 332 2827 ducedo
355 2809 379 2827 c.
465 2795 495 2827 b.
523 2798 568 2827 sic
590 2796 659 2826 cod.

158 2856 190 2890 1.
216 2854 415 2891 Hartwico.
513 2854 549 2890 2.
573 2864 621 2889 an
645 2853 843 2900 G(onrado)
869 2854 1073 2892 marchioni
1096 2855 1300 2892 Misnensi‘?
1405 2856 1438 2892 3.
1465 2855 1630 2893 Heinrici

62 2913 206 2951 [noum.

1266 2979 1345 3017 30³²·

1659 2322 1748 2357 1151
