1884 3242
608 198 895 232 TRANSLAno
925 198 961 231 8.
982 199 1076 230 v1'r1
1593 187 1622 230 9

61 295 245 342 mxime
282 293 563 340 venerabilem
600 295 739 338 virum
769 294 1009 350 Walonem,
1056 293 1127 351 qui
1171 293 1303 338 frater
1340 297 1431 338 erat
1467 294 1621 351 prioris
1646 296 1717 333 814

60 372 294 419 Malhardi
331 376 374 417 et
408 373 454 416 in
484 372 631 417 diebus
662 372 807 416 Karoli
835 373 1101 430 imperatoris
1131 386 1308 428 magnae
1338 372 1476 416 fuerat
1503 375 1625 429 pote*

61 451 204 507 statis,
241 451 454 507 omnibus,
493 451 566 507 qui
603 454 723 494 erant
760 451 806 494 in
843 451 1001 508 palatio
1031 450 1353 495 venerabiliores
1362 457 1390 506 ⁰,
1427 453 1470 494 et
1509 450 1624 494 omni

60 528 301 588 provinciae
332 528 587 573 Saxonioaeb
622 528 859 587 praelatus,
899 529 972 573 sed
1010 532 1057 573 ut
1092 528 1337 586 praescivit,
1379 528 1489 585 quod
1527 542 1624 572 eum

61 607 233 664 quidam
262 607 461 652 infestare
490 606 659 662 vellent,
690 609 738 650 ut
759 610 1016 663 accusarent,
1046 610 1216 664 portum
1235 606 1481 650 monasterii
1500 606 1625 664 petiit

60 684 202 742 ibique
230 698 326 730 cum
355 685 487 729 multo
517 685 655 728 studio
685 684 889 728 Domino⁰
922 685 1079 729 servire
1115 685 1310 729 decrevit.
1356 684 1479 729 Hunc
1501 698 1623 742 prae-

59 762 172 807 fatus
204 763 312 808 abba
339 763 715 807 familiarissimum
735 762 894 806 habuit.
942 762 1108 807 Interea
1126 763 1368 807 recordatus
1389 763 1480 821 ipse
1502 763 1623 819 abba,

62 840 228 898 qualem
257 841 374 899 prior
393 840 659 885 Adalhardus
690 840 837 884 habuit
855 840 1112 884 voluntatem
1136 842 1186 885 de
1207 842 1514 886 constructione
1534 855 1624 885 mo-

60 919 237 964 nasterii
272 919 318 963 in
349 917 556 962 Saxoniae
585 919 798 976 partibus,
837 918 984 962 habuit
1015 919 1235 963 consilium
1265 933 1360 963 cum
1392 920 1624 964 senioribus

61 997 263 1042 fratribus
283 1000 334 1059 *et
359 1010 455 1041 cum
474 996 555 1052 his,
587 997 659 1053 qui
681 997 732 1041 ab
752 996 837 1040 illis
858 997 1049 1054 partibus
1069 1001 1284 1053 venerant,
1317 998 1370 1041 ad
1390 1002 1626 1042 extremum

62 1088 159 1120 cum
188 1075 303 1120 omni
322 1075 656 1131 congregatione,
689 1075 868 1132 qualiter
887 1075 967 1119 hoc
987 1075 1041 1119 ad
1059 1075 1315 1133 perfectumd
1336 1076 1623 1121 adduceretur.

61 1153 293 1211 Visumque
324 1157 388 1198 est
418 1154 623 1209 omnibus,
654 1154 813 1197 iustum
845 1167 948 1209 esse,
979 1156 1027 1197 ut
1055 1153 1164 1197 hanc
1193 1167 1284 1197 rem
1313 1154 1518 1198 indicaret
1546 1155 1626 1199 im-

61 1232 261 1290 peratori,
292 1235 342 1276 ut
371 1245 466 1276 cum
496 1231 586 1275 61118
616 1230 735 1275 fieret
764 1232 942 1289 imperio
975 1235 1017 1275 et
1045 1231 1273 1276 voluntate.

181 1309 358 1355 Factum
397 1314 461 1354 est
499 1313 639 1354 autem
671 1310 816 1354 eodem
845 1313 1057 1367 tempore,
1095 1313 1142 1354 ut
1173 1310 1463 1355 serenissimus
1493 1311 1626 1369 impe-

62 1391 179 1434 rator
206 1388 455 1433 Ludowicus
480 1388 654 1432 haberet
684 1388 887 1446 placitum
907 1389 952 1432 in
974 1387 1171 1444 Saxonia,
1202 1388 1248 1432 in
1267 1388 1358 1432 loco
1382 1390 1455 1446 qui
1475 1390 1628 1434 dicitur
1650 1397 1720 1433 815

62 1466 396 1523 Patherbrunna,
427 1467 474 1511 in
504 1466 685 1511 secundo
718 1480 826 1510 anno
846 1467 966 1522 regni
987 1467 1066 1523 sui,
1097 1467 1399 1511 incarnationis
1419 1482 1519 1512 vero
1539 1468 1627 1512 Do·
1660 1447 1714 1477 Μ’

62 1545 168 1589 1111111
197 1545 542 1602 octingentesimo
565 1542 724 1589 decimo
747 1545 904 1602 quinto.
953 1545 1069 1588 Tunc
1090 1546 1266 1589 accessit
1284 1546 1498 1603 praefatus
1521 1546 1628 1591 abba

64 1623 118 1668 ad
147 1637 244 1668 eum
274 1627 317 1668 et
346 1623 509 1667 locutus
539 1626 604 1667 est
635 1624 673 1667 61
704 1637 799 1667 011111
830 1622 1002 1667 consilio
1025 1623 1219 1680 suadens,
1250 1627 1298 1668 ut
1319 1624 1373 1668 ad
1391 1624 1627 1682 profectum

63 1701 315 1746 christianae
344 1701 558 1758 religionis
589 1702 635 1745 in
666 1702 812 1746 eadem
831 1701 1050 1759 provincia
1078 1702 1382 1746 monasterium
1402 1703 1625 1747 monacho-

62 1793 158 1824 rum
192 1783 434 1825 construere
463 1780 638 1824 iuberet.
701 1779 820 1831 Quod
849 1792 945 1823 cum
974 1779 1190 1837 piissimus
1220 1781 1416 1838 princeps
1447 1781 1626 1837 benigne

65 1858 337 1916 suscepisset,
368 1858 528 1916 placuit
557 1871 768 1902 accersere
800 1857 1043 1915 episcopum
1078 1859 1248 1903 nomine
1279 1859 1590 1903 Hathumarum
1602 1857 1624 1916 ¹,

65 1936 120 1980 ad
148 1937 267 1980 cuius
297 1936 506 1980 dioecesin
534 1936 774 1994 pertinebat
802 1935 932 1992 100118,
963 1936 1036 1980 11111
1066 1937 1393 1981 construendum
1424 1941 1514 1982 erat
1536 1952 1626 1982 mo-

63 2014 308 2071 nasterium,
329 2017 378 2058 ut
397 2027 494 2058 cum
515 2014 604 2058 eius
623 2013 743 2058 fieret
763 2014 940 2072 imperio
962 2017 1004 2058 et
1023 2014 1250 2059 voluntate.
1298 2015 1450 2072 Sicque
1469 2016 1628 2060 factum

66 2096 143 2149 est,
173 2096 223 2136 111
251 2093 305 2137 611
336 2107 387 2137 66
416 2093 485 2136 die
516 2095 559 2136 et
588 2088 785 2149 deinceps
816 2091 964 2148 religio
994 2093 1294 2137 monachorum
1327 2094 1457 2138 etiam
1486 2095 1533 2138 in
1561 2109 1627 2138 re-

65 2171 186 2227 gione
215 2170 424 2215 Saxonica
454 2173 734 2215 succresceret
763 2174 887 2227 atque
917 2169 1150 2227 proficeret.
1195 2171 1357 2215 Eodem
1379 2172 1445 2216 die
1465 2173 1629 2216 remisit

65 2249 242 2293 domnus
279 2249 510 2307 imperator
548 2249 684 2293 eidem
723 2249 865 2293 abbati
904 2263 1025 2293 omne
1066 2249 1304 2305 servitium,
1345 2250 1456 2306 quod
1491 2251 1546 2294 ad
1582 2265 1627 2295 se

65 2327 315 2385 pertinebat,
346 2330 394 2371 ut
422 2326 596 2371 liberius
628 2330 819 2371 sanctum
850 2341 954 2385 opus
984 2327 1161 2385 implere
1190 2328 1403 2384 quivisset.

184 2404 333 2463 Coepit
370 2408 511 2449 autem
550 2404 770 2449 aedificare
806 2405 852 2448 in
880 2405 972 2450 loco
1004 2405 1076 2462 qui
1106 2405 1258 2449 dicitur
1287 2405 1493 2449 Hethis02.
1545 2405 1628 2450 Ubi

66 2496 162 2527 cum
197 2497 275 2541 per
316 2497 390 2528 sex
428 2486 471 2528 61
507 2497 555 2527 60
594 2483 775 2541 amplius
808 2497 939 2528 annos
968 2483 1250 2540 laborassent,
1289 2483 1396 2527 nihil
1425 2483 1627 2542 proficere
1651 2489 1721 2526 815
1731 2489 1840 2526 -822

158 2605 185 2627 a.
207 2596 387 2627 venerabilis
409 2597 438 2627 2.
506 2596 536 2627 b.
557 2596 713 2636 provincia
735 2596 882 2627 Saxonica
903 2597 931 2626 2.
954 2597 983 2627 3.
1051 2605 1076 2627 c.
1097 2596 1163 2627 Deo
1186 2597 1214 2627 2.
1281 2596 1311 2627 d.
1331 2596 1499 2636 perfectum
1519 2598 1630 2636 scripsi

63 2661 120 2689 pro
141 2649 309 2689 profectum
332 2651 361 2680 1.
384 2651 413 2680 2.
435 2651 464 2680 3.
548 2659 574 2680 e.
596 2649 709 2680 Hechis
732 2650 761 2686 1,
782 2649 878 2681 Hechi
901 2651 928 2680 3.

161 2720 196 2755 1.
219 2719 485 2756 Hathumarum
510 2730 568 2765 ep.
585 2719 923 2756 Paderbornensem
947 2730 1047 2767 „non
1077 2720 1189 2766 longo
1212 2719 1401 2765 tempore“
1425 2721 1511 2765 post
1533 2729 1626 2756 mor-

66 2781 170 2815 tuum
191 2779 360 2816 Carolum
373 2780 421 2816 M.
433 2779 521 2824 imp.
539 2779 685 2824 obiisse,
702 2779 814 2815 docet
822 2779 1028 2816 Translatio
1041 2779 1076 2816 S.
1091 2779 1230 2816 Liborii
1244 2780 1351 2824 (Mon.
1368 2777 1432 2816 SS.
1446 2779 1510 2816 IV.
1526 2779 1626 2827 151);

66 2838 132 2875 8611
157 2838 194 2874 111
210 2838 298 2876 Vita
313 2839 522 2876 Meinwerci
539 2850 636 2876 mors
653 2840 733 2876 eius
749 2839 796 2875 ad
816 2849 950 2875 annum
967 2839 1038 2875 804
1054 2838 1222 2875 refertur.
1319 2840 1353 2875 2.
1379 2849 1488 2885 quem
1505 2838 1625 2876 locum

67 2897 105 2933 in
121 2897 263 2945 Solling
279 2899 376 2935 saltu
392 2898 505 2936 fuisse
525 2898 659 2946 ferunt,
684 2901 814 2945 postea
828 2899 1010 2936 Neustadt
1028 2902 1211 2936 vocatum.
1247 2899 1294 2936 V.
1311 2898 1474 2952 Wigand
1489 2898 1625 2937 Gesch.

66 2967 103 2993 v.
121 2957 265 3005 Corvey
287 2958 317 2995 Ι.
342 2959 401 2995 68.
