1924 3288
292 191 378 236 184
800 200 1000 233 wmALm
1026 200 1246 233 masma
1265 200 1337 232 108.

172 300 266 338 1148
290 311 370 355 que
407 297 461 342 H.
492 297 648 342 decano
686 300 729 342 et
765 295 958 340 omnibus
997 295 1195 341 ecclesiae
1233 299 1403 341 sanctae
1431 294 1591 342 Mariae
1627 296 1847 355 meique

289 374 506 420 Lamberti
543 375 752 419 canonicis
790 373 922 418 frater
947 372 1165 419 Wibaldus
1195 373 1278 418 Dei
1314 374 1452 430 gratia
1482 373 1747 420 Stabulensis,
1769 382 1852 422 {oo-³

290 452 442 498 clesiae
472 467 630 508 servus,
663 451 816 509 spiritu
845 450 1010 495 consilii
1039 455 1083 496 et
1111 451 1370 496 fortitudinis
1400 452 1643 498 abundem·
1684 458 1687 460 ’
1820 494 1821 499 ,
1847 478 1853 489 ·

408 530 525 583 Quod
559 530 680 574 iuxta
707 529 969 573 vocationem
998 532 1185 574 vestram
1215 530 1269 574 ad
1298 530 1521 586 collegium
1546 533 1735 576 vestr-um
1759 543 1851 590 neq

289 609 502 664 venimus,
533 606 673 663 gravis
703 619 780 650 nos
811 607 1028 664 occupatio
1059 607 1258 663 detinuit,
1289 607 1485 652 videlicet
1511 611 1686 666 propter
1714 607 1851 654 reios-.-
1907 602 1917 623 ²

289 686 486 730 mandam
515 698 663 742 pacem
691 684 804 728 inter
831 684 1022 729 homines
1052 687 1191 730 terrae
1220 688 1403 742 nostrae,
1435 699 1614 742 quorum
1639 685 1852 732 discordi·

288 762 590 820 multiplicibus
637 765 679 806 et
722 762 920 805 maximis
966 762 1227 807 detrimentis
1267 763 1511 807 aecclesiam
1545 765 1773 821 nostram‚-;
1796 767 1852 809 1111

289 841 407 884 vobis
436 841 543 884 bene
571 842 719 883 notum
750 842 833 894 est,
869 839 955 883 iam
986 840 1059 884 diu
1088 842 1394 898 conquassavit.
1441 840 1740 887 Verumtamen
1768 841 1851 887 etsi

290 931 463 975 corpore
503 917 718 972 absentee,
757 917 949 961 venimus
979 920 1122 962 tamen
1152 919 1325 976 spiritu,
1364 918 1557 963 venimus
1585 922 1729 965 mente
1754 922 1850 964 inus·-

290 1009 416 1052 quam
454 995 595 1038 devoti
634 997 698 1038 et‘
729 995 968 1039 obedientes
1005 994 1083 1039 filii
1119 997 1268 1040 matris
1304 999 1472 1040 nostrae
1501 995 1745 1041 Leodiensis
1781 1009 1848 1042 ec-

289 1073 453 1128 clesiae,
484 1072 567 1116 Dei
596 1073 944 1129 omnipotentiam
975 1077 1209 1130 exorantes,
1239 1077 1288 1117 ut
1309 1074 1402 1132 ipse
1421 1077 1610 1118 conterat
1629 1064 1847 1119 sathanam

290 1150 367 1194 sub
396 1150 573 1208 pedibus
602 1150 755 1194 vestris
787 1154 829 1194 et
857 1151 1007 1195 liberet
1036 1165 1110 1195 vos
1142 1151 1194 1195 ab
1223 1152 1462 1209 inportunis
1493 1155 1535 1196 et
1562 1151 1686 1196 malis
1711 1151 1847 1197 homi-

289 1228 434 1284 nibus,
476 1228 549 1284 qui
579 1226 800 1285 superfluis
832 1231 875 1272 et
903 1229 1023 1272 vanis
1053 1229 1309 1274 novitatibus
1339 1230 1568 1286 primatum
1599 1232 1642 1274 et
1670 1229 1848 1286 gloriam

291 1319 390 1349 suae
419 1306 568 1349 matris
599 1305 789 1350 scindere
819 1309 862 1350 et
891 1309 1079 1350 evertere
1108 1307 1312 1351 nituntur.
1359 1307 1474 1351 Haec
1497 1310 1595 1351 sunt
1613 1306 1854 1363 genimina*¹

289 1383 532 1440 viperarum
542 1380 567 1439 ¹,
607 1397 712 1439 quae
749 1387 930 1428 matrem
959 1385 1231 1440 extinguunt,
1272 1385 1373 1428 dum
1407 1399 1477 1429 eas
1509 1385 1563 1428 ad
1590 1385 1724 1430 vitam
1750 1396 1850 1444 pto-

291 1461 418 1516 ducit,
451 1474 557 1517 quae
586 1461 769 1505 reddunt
796 1461 956 1505 malum
985 1475 1063 1519 pro
1090 1461 1219 1516 bono3
1250 1462 1444 1520 populus,
1475 1463 1660 1519 inquam,
1691 1464 1764 1520 qui
1782 1464 1848 1508 in-

290 1541 500 1582 crassatus
534 1538 816 1582 recalcitravit
845 1542 887 1583 et
915 1553 992 1596 per
1021 1539 1198 1583 nimiam
1225 1540 1571 1595 ingratitudinem
1601 1541 1757 1586 oblitus
1783 1545 1855 1588 est

290 1616 566 1660 benefactoris
598 1617 675 1660 sui.
726 1615 942 1673 Siquidem
972 1603 1223 1662 cathedralis
1254 1617 1475 1674 aecclesia,
1513 1619 1559 1662 111
1589 1632 1674 1676 qua
1700 1632 1776 1664 vos
1804 1622 1850 1667 et

290 1694 452 1751 priores
491 1697 534 1738 et
568 1694 758 1738 canonici
789 1695 911 1751 estis,
950 1698 1109 1739 ceteras
1139 1695 1185 1739 in
1214 1695 1318 1739 urbe
1346 1696 1634 1753 preposituras
1664 1697 1720 1741 ad
1747 1711 1873 1743 suae·

292 1772 508 1828 dignitatis
541 1775 830 1828 aug-mentum,
867 1773 922 1816 ad
951 1787 1051 1816 suae
1081 1772 1382 1828 magnitudinis
1412 1778 1724 1831 ornamentum,
1752 1779 1850 1820 11111..

291 1864 418 1907 quam
448 1850 626 1907 quedam
656 1849 846 1907 speciosa
873 1850 1112 1906 luminaria,
1144 1850 1331 1894 extruxit
1351 1855 1394 1895 et
1413 1851 1697 1909 amplificavit,
1726 1864 1779 1897 ac
1793 1852 1856 1906 <bf

289 1928 473 1985 propriis
503 1927 623 1971 bonis
655 1928 856 1985 episcopii
884 1929 1024 1986 prima
1052 1927 1327 1972 fundamenta
1345 1929 1446 1973 iecit
1466 1942 1515 1973 ac
1534 1929 1853 1988 deincepspro··

290 2006 477 2050 vehendo
508 2005 710 2049 canonica
739 2005 950 2063 stipendia
979 2009 1022 2050 et
1051 2005 1210 2050 cultum
1240 2006 1594 2052 aecclesiasticum
1622 2008 1850 2065 ordinavit,'

290 2087 339 2127 ut
376 2083 571 2128 videlicet
607 2083 742 2127 clerus
772 2083 864 2128 Deo
904 2083 1090 2128 serviens
1128 2086 1171 2127 et
1205 2084 1356 2128 merito
1393 2087 1436 2128 et
1470 2087 1658 2130 numero
1678 2086 1727 2130 in
1758 2085 1855 2131 suis·

292 2161 564 2206 conventibus
595 2164 829 2217 augeretur.
875 2161 1015 2218 Atque
1044 2161 1157 2205 idem
1182 2161 1299 2205 fuere
1317 2165 1500 2206 rectores
1521 2163 1594 2220 qui
1612 2163 1849 2209 conditores

291 2253 422 2296 usque
454 2239 509 2283 ad
537 2242 683 2283 nostra
711 2238 896 2283 infelicia
923 2242 1128 2296 tempora,
1157 2238 1204 2282 in
1224 2238 1372 2295 quibus
1391 2240 1478 2284 iam
1498 2241 1615 2284 venit
1632 2241 1846 2299 discessio,

292 2321 340 2361 ut
369 2317 579 2362 reveletur
607 2316 679 2361 ille
708 2315 819 2360 filius
849 2316 1118 2374 perdicionis,
1150 2316 1222 2374 qui
1251 2316 1465 2362 extollitur
1494 2331 1620 2376 super
1647 2320 1773 2364 omne
1786 2319 1846 2376 id,

293 2395 403 2453 quod
434 2395 586 2439 dicitur
606 2394 721 2439 Deus
742 2397 815 2438 aut
834 2394 945 2451 quod
964 2394 1127 2438 colitur.
1171 2394 1375 2439 Discessit
1394 2395 1548 2452 quippe
1568 2396 1702 2440 omnis
1721 2396 1845 2441 homo

294 2473 346 2517 ab
375 2473 564 2528 homine,
599 2472 662 2516 ita
690 2475 739 2516 ut
766 2472 840 2516 vix
871 2472 952 2516 duo
983 2473 1245 2517 consentiant
1274 2473 1326 2517 de
1356 2472 1469 2517 omni
1498 2486 1565 2528 re,
1597 2476 1722 2531 atque
1750 2474 1845 2519 ideo

293 2551 408 2595 Deus
437 2553 559 2608 pater
588 2563 675 2594 non
705 2550 876 2594 exaudit
904 2564 981 2594 nos
1012 2554 1192 2595 orantes.
1243 2549 1467 2606 Discessit,
1498 2550 1690 2607 inquam,
1721 2551 1844 2597 homo

295 2629 347 2673 ab
377 2628 559 2684 homine,
592 2628 789 2685 quoniam
820 2627 1012 2672 discessit
1036 2628 1061 2672 a
1080 2628 1268 2684 caritate,
1299 2628 1490 2673 discessit
1516 2628 1569 2673 ab
1594 2629 1843 2686 obedientia,

296 2706 489 2750 discessit
525 2719 552 2750 a
586 2706 769 2763 pudore,
809 2705 1002 2750 discessit
1036 2719 1062 2750 6
1089 2706 1343 2762 reverentia,
1383 2708 1426 2750 et
1454 2709 1553 2750 sunt
1580 2706 1769 2751 homines
1797 2718 1851 2752 se·

294 2784 407 2841 ipsos
424 2786 626 2840 amantes,
642 2787 933 2828 coacervantes
948 2784 1171 2840 magistros
1190 2784 1425 2843 prurientes
1441 2784 1610 2828 auribus
1619 2781 1646 2829 ¹.
1668 2784 1843 2830 Verum-

391 2894 417 2915 a.
446 2886 477 2915 et
501 2900 533 2904 —
559 2884 704 2915 ecclesiae
725 2895 815 2915 crasa
836 2890 914 2915 sunt.
995 2884 1025 2915 b.
1053 2885 1172 2923 gemina
1192 2897 1218 2916 c.

390 2948 423 2985 1.
447 2946 574 2985 Matth.
590 2948 647 2994 23,
663 2948 722 2986 33.
816 2948 851 2985 2.
875 2948 898 2985 2
913 2946 1074 2985 Timoth.
1089 2948 1124 2995 4,
1144 2948 1180 2986 3.
