1924 3262
611 229 811 260 wmALm
838 227 1059 260 nms'ronA
1086 227 1135 257 12.
1223 262 1225 264 ,
1602 214 1656 258 91

213 324 333 380 Quod
363 326 400 369 si
430 325 524 382 quis
556 325 679 370 dictis
709 324 835 369 fidem
867 323 1142 380 derogaverit,
1173 322 1294 367 testis
1324 325 1388 366 est
1408 321 1556 365 civitas
1577 320 1660 365 Pu-
1687 324 1778 360 1137

93 402 282 460 teolana,
317 403 531 461 Aliphana
562 417 610 447 ac
641 403 854 459 Telesina,
897 417 1003 460 quae
1033 401 1140 446 nihil
1171 401 1285 445 aliud
1314 401 1398 444 nisi
1430 400 1529 458 quia
1559 400 1659 444 olim
1702 374 1766 404 θεῖ’

93 481 210 528 fuere
240 482 542 526 demonstrant.
592 481 676 526 Sed
697 484 739 525 et
761 481 867 525 aliae
898 482 1022 526 urbes
1055 494 1180 538 quam
1209 479 1418 538 plurimae
1449 482 1523 523 aut
1551 479 1660 522 raris

94 563 170 606 aut
196 559 325 605 nullis
354 560 661 605 habitatoribus
690 559 942 603 incoluntur.
990 558 1099 603 Nam
1124 562 1165 603 et
1184 558 1321 615 hodie,
1354 558 1391 601 si
1413 571 1495 614 qua
1515 571 1661 615 super-

94 642 212 695 sunt,
252 639 428 684 subinde
465 638 728 692 desolantur3
771 638 879 681 sicut
918 641 960 681 et
998 638 1050 681 de
1088 637 1258 681 civitate
1294 636 1514 694 Capuana,
1555 650 1662 693 quae

95 717 196 762 olim
225 721 323 776 post
351 718 499 762 urbem
519 715 751 760 Romanam
781 716 911 759 totius
943 715 1199 773 Campaniae
1231 718 1273 759 et
1303 718 1430 773 caput
1459 718 1502 759 et
1528 714 1663 771 gloria

96 796 251 852 extitit,
277 796 478 840 fecerunt.
522 794 632 838 Nam
652 798 877 852 postquam
900 807 993 838 eam
1012 794 1252 838 hominibus
1274 793 1531 850 deleverunt,
1561 807 1661 837 auro

95 877 139 919 et
169 877 341 931 argento
373 873 672 931 spoliaverunt,
703 887 757 916 ne
776 872 846 916 vel
870 873 923 916 ad
946 872 1095 916 horam
1114 872 1231 916 locus
1251 872 1462 930 impietati
1482 872 1661 928 cederet,

94 952 214 997 illam
241 952 436 997 incendio
467 954 772 1007 cremaverunt,
806 954 848 995 et
879 951 1095 1007 antiquam
1125 950 1242 994 illam
1271 951 1498 1006 ingenuam
1520 964 1568 995 ac
1587 965 1663 994 no-

94 1031 223 1076 bilem
260 1030 500 1075 libertatem
537 1030 583 1073 in
620 1029 866 1073 servitutem
903 1029 1176 1085 redegerunt,
1226 1029 1580 1086 praecipuosquefl
1618 1029 1664 1073 in

96 1110 386 1168 captivitatem
416 1109 640 1164 duxerunt,
674 1121 722 1151 ac
753 1121 916 1163 aurum,
949 1110 1183 1163 argentum,
1216 1121 1403 1163 gemmas
1436 1121 1485 1151 ac
1511 1110 1663 1164 vestes,

97 1191 141 1233 et
170 1187 367 1245 quicquid
394 1187 641 1245 pretiosum,
680 1186 879 1243 quicquid
909 1199 1053 1229 carum
1082 1186 1347 1241 invenerunt,
1381 1189 1662 1243 asportarunt.

97 1265 204 1319 Quia
238 1279 338 1310 vero
376 1266 579 1323 quosdam
621 1264 777 1308 aulicos
815 1264 947 1308 vestri
983 1263 1251 1322 triumphalis
1290 1264 1460 1322 imperii
1489 1264 1593 1308 latet
1623 1267 1665 1309 et

95 1344 342 1389 incredibile
377 1344 462 1388 illis
493 1343 660 1388 videtur
694 1342 832 1399 istud,
873 1342 985 1399 quod
1015 1342 1311 1398 describimuS‚
1348 1342 1431 1386 huc
1461 1342 1497 1386 si
1526 1342 1667 1400 placet

96 1426 394 1481 properantes,
440 1422 658 1466 invenient
702 1436 849 1466 verum
895 1435 987 1465 esse
1033 1421 1143 1477 quod
1180 1421 1438 1478 scripsimus.
1502 1420 1667 1473 Quanta

98 1504 239 1545 autem
278 1504 320 1545 et
360 1500 501 1558 qualia
539 1500 772 1545 intulerunt
809 1499 894 1557 ipsi
932 1502 974 1543 et
1005 1499 1091 1542 dux
1121 1499 1291 1542 illorum
1322 1498 1542 1543 Casinensi
1573 1512 1665 1543 coe-

96 1579 222 1624 nobio
259 1582 302 1623 et
329 1582 427 1637 post
456 1581 646 1623 vestrum
677 1582 719 1622 et
749 1582 846 1622 ante
875 1581 1064 1622 vestrum
1096 1577 1342 1634 adventum,
1383 1578 1541 1622 referre
1573 1577 1665 1634 quis

96 1657 264 1701 valeat?
311 1657 395 1702 Sed
423 1671 477 1702 ne
505 1657 726 1701 videamur
755 1657 835 1701 hoc
864 1657 1121 1700 intentatum
1149 1655 1409 1713 relinquere,
1451 1652 1667 1714 aliquanta

97 1736 177 1780 hac
206 1749 259 1780 ex
287 1739 411 1794 parte
441 1736 690 1792 describam,
721 1739 770 1779 ut
798 1735 958 1792 liquido
988 1738 1131 1779 vestra
1149 1734 1308 1778 invicta
1327 1735 1560 1792 imperialis
1583 1735 1665 1780 cle-

98 1814 258 1858 mentia
294 1817 462 1870 noscat,
504 1818 709 1871 quantum
745 1827 857 1858 nunc
893 1827 971 1871 pro
1001 1813 1181 1857 Romani
1217 1813 1386 1871 imperii
1421 1814 1516 1858 odio
1548 1814 1666 1858 Casi-

98 1906 274 1937 nensem
302 1892 504 1936 infestent
527 1892 759 1948 ecclesiam,
791 1905 887 1936 cum
907 1895 996 1935 tam
1014 1892 1270 1948 immaniter,
1291 1895 1380 1935 tam
1399 1892 1664 1950 impiissime,

98 1974 188 2015 tam
217 1971 466 2026 gravissime
495 1970 614 2014 illam
643 1970 855 2027 persecuti
886 1973 995 2013 sunt.

219 2048 354 2107 Capta
383 2062 566 2106 namque
596 2048 766 2092 civitate
797 2047 1010 2106 Capuana,
1044 2047 1323 2105 Seniorectus,
1357 2049 1429 2105 qui
1461 2052 1559 2093 ante
1589 2062 1666 2093 nos

99 2130 265 2172 vestrae
295 2141 486 2172 camerae
515 2128 703 2183 regimen
732 2128 889 2183 tenuit,
929 2126 980 2170 ab
1020 2140 1068 2170 eo
1107 2130 1301 2170 evocatus
1341 2130 1384 2171 et
1421 2130 1568 2171 contra
1598 2141 1667 2171 ca-

100 2219 257 2250 nonum
296 2206 484 2261 decreta,
529 2209 675 2250 contra
704 2206 877 2249 Domini
914 2205 1050 2248 nostri
1080 2204 1175 2248 Iesu
1209 2204 1366 2248 Christi
1405 2208 1447 2249 et
1478 2205 1667 2249 omnium

102 2284 388 2342 apostolorum
419 2298 468 2328 ac
492 2284 627 2342 patris
647 2283 864 2328 Benedicti
884 2286 1111 2340 praecepta
1132 2287 1394 2327 sacramento
1415 2284 1666 2328 constrictus

103 2365 178 2407 est.
227 2361 311 2406 Sed
341 2375 437 2406 cum
468 2362 604 2406 adhuc
633 2363 717 2405 ista
747 2362 835 2405 eius
865 2362 911 2404 in
943 2361 1130 2405 eiusdem
1159 2362 1271 2416 regis
1303 2362 1443 2405 animo
1474 2375 1559 2405 non
1580 2362 1666 2405 suf-

101 2439 286 2496 ficerent,
318 2440 493 2484 abstulit
523 2441 574 2484 de
601 2440 856 2483 monasterio
880 2452 1027 2483 aureos
1051 2473 1060 2482 .
1080 2473 1090 2482 .
1109 2472 1119 2482 .
1139 2472 1149 2482 .
1196 2439 1424 2495 Postquam
1444 2454 1543 2484 vero
1564 2440 1667 2484 haec

103 2518 243 2562 omnia
272 2532 350 2576 pro
381 2532 456 2562 suo
486 2518 593 2563 velle
625 2517 829 2575 explevit,
869 2517 1052 2560 destinat
1082 2517 1378 2561 cancellarium
1409 2531 1552 2573 suum,
1594 2518 1666 2575 qui

101 2597 405 2649 monasterium
435 2597 489 2640 ad
519 2600 704 2641 castrum
735 2595 886 2639 exinde
915 2595 1154 2639 faciendum
1185 2598 1402 2652 caperent,
1439 2595 1665 2640 monachos

102 2674 201 2718 inde
238 2674 421 2718 eicerent
465 2678 506 2719 et
541 2675 785 2718 universum
821 2673 1067 2716 monasterii
1103 2673 1346 2717 thesaurum
1391 2676 1666 2730 cunctamque

104 2751 406 2809 supellectilem
436 2766 532 2796 cum
562 2765 736 2809 corpore
766 2751 880 2795 beati
899 2751 1118 2795 Benedicti
1149 2751 1229 2795 sibi
1252 2751 1297 2794 in
1320 2750 1507 2794 Siciliam
1527 2755 1665 2796 trans-

102 2830 330 2874 mitterent.
379 2830 498 2881 Quod
526 2830 721 2873 monachi
750 2830 1069 2886 persentientes,
1097 2829 1302 2873 rebellare
1333 2832 1375 2873 et
1402 2830 1536 2885 magis
1557 2831 1665 2874 mori

105 2921 231 2965 quam
261 2911 452 2951 sanctum
480 2907 619 2952 locum
656 2908 756 2951 dare
787 2907 1026 2951 decernunt.
1134 2907 1322 2951 Audiens
1354 2910 1514 2964 autem,
1554 2909 1665 2965 quod

201 3012 228 3033 a.
255 3005 286 3034 et
305 3004 484 3043 praecipuos
505 3012 640 3043 quosque
664 3003 772 3035 Chron.
794 3004 866 3035 cas.
