1884 3242
625 172 912 204 TRANSLAno
944 173 979 204 s.
1001 173 1095 203 vrr1
1616 162 1643 204 5

77 268 307 314 nasterium
338 268 570 313 beatissimi
599 268 798 325 martyris
830 268 1025 326 Dionysii
1060 267 1114 311 ad
1142 267 1372 322 regendum
1403 271 1644 310 sanctorum
1669 271 1858 307 752-768

77 350 242 392 coetum
289 347 588 391 monachorum
639 349 892 402 susceperat.
971 346 1052 389 Hic
1097 359 1191 389 cum
1236 358 1388 400 magno
1436 345 1642 389 desiderio

77 428 301 481 aestuaret,
333 425 513 482 qualiter
542 424 796 468 beatissimis
823 424 1079 481 martyribus
1111 424 1313 467 honorem
1345 423 1531 467 debitum
1563 424 1642 466 im-

75 503 258 562 pendere
277 503 497 561 potuisset,
525 516 611 546 non
633 505 696 546 est
717 505 936 545 contentus
958 515 1103 546 eorum
1123 515 1299 559 corpora
1319 501 1408 544 sola
1429 501 1640 558 amplecti,

77 581 227 639 quibus
264 580 455 625 sedulum
494 580 717 624 exhibebat
756 578 960 635 officium,
1009 580 1083 623 sed
1127 579 1366 637 praefatum
1405 579 1641 636 principem

76 659 181 703 adiit
209 659 455 717 petivitque,
486 661 534 701 ut
565 671 660 701 eum
690 656 865 700 Romam
895 658 958 701 ire
988 657 1274 714 permitteret,
1307 660 1512 713 quatenus
1542 657 1641 702 inde

75 740 315 782 sanctorum
345 749 522 793 corpora
552 735 606 779 ad
634 735 872 792 praefatum
902 735 1205 778 monasterium
1237 734 1398 791 aliqua,
1431 736 1540 778 sicut
1570 749 1640 778 cu-

74 815 199 874 pidus
219 818 323 871 erat,
353 814 582 858 transferre
605 813 823 871 potuisset.
870 812 990 864 Quod
1009 813 1204 870 princeps
1226 813 1442 870 piissimus
1462 813 1641 857 libenter

75 893 295 952 accipiens,
326 906 412 936 non
443 891 578 935 solum
607 891 822 935 licentiam
853 891 969 934 dedit
999 891 1074 934 sed
1104 894 1146 934 et
1166 891 1323 946 gratias
1353 905 1431 948 pro
1462 891 1539 934 tali
1570 891 1640 934 de-

74 971 228 1016 siderio
265 970 422 1015 retulit.
474 970 534 1013 At
573 983 670 1013 vero
708 969 959 1013 venerabilis
1000 969 1108 1012 abba
1146 972 1338 1012 strenuos
1379 982 1428 1011 ac
1468 969 1639 1012 devotos

74 1049 155 1094 sibi
185 1049 397 1093 adiutores
429 1051 471 1091 et
501 1048 635 1091 socios
658 1047 711 1090 ad
731 1047 810 1090 1100
831 1061 935 1104 opus
957 1047 1243 1104 peragendum
1265 1046 1502 1103 quaerebat.
1535 1047 1641 1091 Erat

73 1128 236 1172 interea
265 1127 331 1171 vir
358 1126 490 1170 laicus
522 1126 595 1170 sed
627 1125 820 1180 devotus,
862 1125 1048 1168 eiusdem
1089 1125 1252 1168 abbatis
1292 1125 1639 1181 consanguineus,

73 1205 158 1263 qui,
189 1204 367 1248 multam
386 1204 544 1248 habens
565 1204 842 1248 hereditatem
863 1216 912 1246 ac
931 1202 1150 1259 familiam,
1178 1202 1312 1246 filium
1332 1217 1417 1246 11011
1437 1203 1639 1258 habebat3

72 1283 183 1328 unde
213 1284 397 1338 cogitare
428 1282 577 1340 coepit,
610 1282 815 1339 quomodo
846 1281 1123 1325 hereditatem
1151 1295 1269 1325 suam
1290 1281 1473 1324 Domino
1495 1295 1640 1325 conse-

72 1364 253 1416 craret⁶3
286 1361 458 1405 audiens
488 1374 587 1404 vero
615 1360 702 1403 iam
723 1359 825 1403 dicti
846 1359 1009 1403 abbatis
1031 1359 1299 1415 desiderium,
1331 1359 1483 1416 petivit
1504 1359 1554 1403 ab
1577 1373 1639 1415 eo,

71 1443 120 1484 ut
138 1453 280 1484 secum
301 1452 397 1483 eum
415 1439 478 1483 ire
498 1437 798 1496 permitteretb.
832 1437 934 1489 Qui0
955 1438 1064 1481 votis
1086 1437 1174 1481 eius
1196 1438 1475 1494 congaudens,
1498 1451 1640 1481 secum

70 1518 133 1563 ire
162 1517 389 1575 praecepit.
501 1516 579 1560 Cui
611 1529 705 1560 cum
734 1516 950 1573 praefatus
980 1516 1045 1559 vir
1077 1529 1199 1559 omne
1230 1515 1486 1559 desiderium
1516 1530 1640 1559 suum

72 1596 319 1654 aperuisset,
350 1595 493 1639 divina
523 1595 749 1638 comitante
779 1595 917 1650 gratia
946 1594 1030 1638 tale
1057 1597 1306 1651 repererunt
1326 1593 1560 1650 consilium,
1592 1597 1640 1637 ut

71 1673 364 1732 corpusculum
393 1673 626 1717 beatissimi
655 1672 777 1730 pueri
808 1685 856 1716 ac
877 1672 1152 1716 sacratissimi
1171 1672 1370 1729 martyris
1392 1671 1482 1715 Viti
1503 1686 1528 1715 a
1547 1671 1638 1715 1000

72 1766 153 1809 quo
183 1752 368 1809 positum
399 1748 511 1795 erat¹
539 1750 725 1806 tolleret,
765 1753 889 1807 atque
925 1751 970 1794 in
1006 1750 1179 1808 praedio
1211 1763 1286 1793 suo
1318 1750 1638 1806 diligentissime

70 1833 259 1888 poneret,
291 1829 509 1874 ecclesiam
530 1843 692 1885 quoque
713 1829 801 1872 eius
821 1829 983 1872 nomini
1012 1829 1248 1872 fabricaret.
1297 1828 1425 1884 Quae,
1459 1829 1638 1872 donante

72 1908 154 1952 sibi
183 1907 387 1963 Domino,
429 1907 571 1951 omnia
609 1906 845 1964 complevit.
909 1906 998 1959 Quo
1029 1907 1074 1950 in
1104 1907 1218 1962 loco,
1259 1906 1404 1950 divina
1433 1906 1639 1962 largiente

72 1986 305 2042 clementia,
336 1999 412 2043 per
443 1985 555 2029 beati
576 1985 665 2028 Viti
694 1985 894 2042 martyris
925 1985 1078 2029 merita
1097 1985 1255 2028 multae
1275 1985 1476 2028 hactenus
1500 1988 1638 2029 osten-

72 2064 227 2109 duntur
255 2065 433 2108 virtutes
466 2067 589 2120 atque
623 2063 754 2119 signa.
801 2062 1020 2107 Praefatus
1051 2077 1150 2107 vero
1183 2063 1291 2107 abba
1310 2063 1528 2107 transtulit
1548 2077 1638 2106 cor-

70 2156 176 2200 pora
204 2142 422 2186 beatorum
452 2144 687 2199 martyrum
717 2140 951 2184 Alexandri
982 2144 1024 2185 et
1054 2138 1268 2199 Ipolyti‘ffl.

190 2220 292 2264 Post
320 2220 423 2263 haec
452 2233 548 2263 011111
577 2219 659 2263 viri
687 2219 960 2275 devotissimi,
994 2219 1129 2276 quiin
1149 2220 1338 2277 praefato
1359 2216 1638 2263 monasterio3

73 2299 301 2355 degebant,
339 2299 452 2342 beati
479 2297 568 2342 Viti
598 2297 797 2354 reliquias
829 2297 941 2355 apud
970 2298 1208 2354 praefatum
1238 2298 1378 2340 virum
1409 2311 1499 2341 esse
1531 2297 1637 2340 didi-

73 2377 229 2422 cissent
266 2380 331 2433 et,
369 2376 548 2433 qualiter
583 2389 661 2433 pro
693 2374 849 2419 Christi
879 2376 1048 2419 nomine
1080 2376 1327 2431 sanguinem
1356 2375 1554 2431 fudisset,
1592 2375 1638 2418 in

166 2511 192 2532 a.
215 2501 329 2532 dicaret
349 2502 379 2531 3.
447 2501 477 2531 b.
498 2501 654 2540 permittat
677 2501 704 2530 1.
721 2501 749 2530 3.
819 2509 845 2530 0.
868 2500 919 2539 qui
939 2516 970 2520 —
988 2501 1144 2540 praecepit
1162 2512 1218 2530 om.
1238 2501 1265 2530 1.
1283 2501 1311 2530 3.
1382 2500 1411 2530 d.
1432 2499 1590 2539 Hippolyti
1608 2501 1636 2529 2.

168 2573 201 2608 1.
227 2570 436 2608 Secundum
460 2571 668 2617 passionem
686 2569 721 2606 S.
740 2570 818 2607 Viti
845 2570 895 2614 (in
917 2569 1001 2606 Act.
1021 2569 1085 2606 SS.
1103 2570 1199 2605 Iunii
1219 2570 1261 2605 T.
1281 2570 1327 2605 II.
1345 2580 1381 2615 p.
1401 2570 1507 2613 1026)
1527 2568 1636 2606 huius

74 2631 282 2678 sepulcrum
309 2629 380 2667 fuit
404 2631 467 2678 „in
483 2631 565 2668 loco
583 2631 644 2675 (al.
662 2631 726 2677 „in
744 2630 893 2676 praedio
903 2629 934 2673 ⁸⁴)
951 2630 1113 2665 Mariano
1124 2629 1150 2674 “‚
1177 2639 1285 2675 quem
1302 2629 1423 2665 locum
1439 2629 1638 2665 arbitratur

73 2691 346 2738 Papebrochius
377 2691 480 2735 (ibid.
505 2701 542 2736 p.
561 2691 667 2735 1027)
701 2700 782 2727 esse
813 2689 1030 2726 hodiernum
1054 2689 1233 2725 Marinum
1259 2689 1445 2734 (Marino),
1476 2700 1498 2725 a
1522 2689 1638 2726 Roma

74 2752 169 2788 inter
194 2751 381 2788 meridiem
406 2754 444 2787 et
468 2751 657 2787 orientem.
760 2751 794 2785 2.
826 2749 1026 2795 Utriusque
1051 2748 1169 2785 sancti
1195 2759 1278 2785 ossa
1302 2748 1340 2784 in
1365 2747 1529 2785 Alsatiae
1555 2759 1635 2786 coe-

74 2811 194 2848 nobiis
225 2811 421 2847 collocavit
444 2811 643 2855 Fulradus,
677 2809 714 2846 S.
731 2809 933 2845 Alexandri
965 2819 1097 2854 corpus
1129 2808 1166 2843 in
1199 2808 1375 2844 coenobio
1400 2808 1634 2854 Lebrahensi,

74 2870 109 2907 S.
128 2870 321 2917 Hippolyti
353 2880 487 2915 corpus
519 2870 556 2905 in
589 2870 682 2906 cella
706 2869 743 2905 S.
761 2868 953 2915 Hippolyti
985 2867 1090 2912 (Sant
1113 2868 1189 2903 Bilt
1220 2878 1334 2915 prope
1366 2867 1633 2916 Schlettstadt).

73 2930 120 2967 V.
145 2930 242 2966 Acta
266 2929 328 2966 SS.
347 2929 453 2966 Febr.
471 2929 513 2966 T.
532 2929 587 2965 111
611 2930 707 2966 36-
720 2929 777 2965 38.
874 2930 907 2965 3.
934 2927 971 2964 S.
988 2927 1170 2974 Dionysii.
