1884 3242
621 180 907 212 'rmusnxrro
938 180 976 212 s.
995 180 1091 212 vrrr
1613 168 1641 212 3

699 323 1015 388 Prologus·
1083 340 1086 343 ·

170 427 434 486 «Scripturus
481 428 640 486 aliquid
680 429 801 473 iuxta
838 430 1011 474 modum
1049 428 1342 487 possibilitatis
1379 431 1550 474 nostrae
1589 429 1642 474 de

71 505 311 562 virtutibus,
343 520 446 563 quas
476 507 767 551 misericordia
797 507 1036 552 Conditoris
1066 507 1202 551 nostri
1231 507 1445 552 modernis
1477 510 1641 565 tempo-

71 583 188 631 ribus
224 584 398 640 dignata
436 588 500 629 est
531 585 750 629 ostendere
780 589 956 642 propter
986 586 1165 641 gloriam
1195 585 1308 630 beati
1337 585 1460 643 pueri
1479 585 1570 630 Viti
1601 588 1643 630 et

71 662 293 720 martyris,
332 663 518 720 primum
547 663 831 707 necessarium
862 663 1082 720 duximus,
1122 667 1171 708 ut
1201 663 1255 707 ad
1283 663 1452 708 laudem
1483 667 1525 708 et
1555 663 1644 720 glo-

71 740 181 786 riam
210 741 365 785 summi
395 739 567 798 Opificis
597 741 727 785 verba
755 744 982 786 vertamus.
1035 742 1145 785 Nam
1177 742 1214 785 si
1243 741 1455 786 laudanda
1485 745 1550 786 est
1578 742 1644 799 pi-

73 821 212 874 ctura,
249 818 382 862 multo
421 819 555 874 magis
591 819 748 876 pictor3
790 823 831 864 81
861 820 899 863 si
929 823 1146 875 gratanter
1175 833 1304 864 naves
1335 820 1404 864 vel
1435 819 1645 877 quaelibet

72 895 284 952 vehicula,
331 910 436 954 quae
474 897 596 941 nobis
635 897 794 941 victum
830 897 899 942 vel
935 898 1233 943 vestimentum
1274 897 1474 954 afferunt,
1513 898 1644 943 susci-

71 975 265 1032 piuntur,
304 974 560 1032 principales
597 978 740 1019 tamen
777 976 934 1031 gratias
967 977 1007 1020 ei
1037 976 1110 1032 qui
1139 976 1378 1020 transmisit
1407 976 1643 1021 referimus.

74 1052 141 1098 Sit
168 1066 266 1109 ergo
295 1053 388 1097 laus
419 1066 606 1097 summae
637 1056 680 1097 et
708 1053 911 1098 ineffabili
942 1054 1161 1110 Trinitati,
1195 1067 1302 1110 quae
1332 1057 1479 1098 notam
1508 1055 1646 1099 facere

72 1130 206 1178 voluit
232 1131 279 1175 in
306 1130 474 1188 populis
503 1131 705 1175 virtutem
735 1146 856 1176 suam
887 1136 929 1177 et
959 1132 1005 1176 in
1028 1132 1222 1176 omnibus
1243 1133 1438 1188 gentibus
1460 1133 1646 1178 salutare

74 1223 197 1254 suum
209 1206 231 1253 ².
283 1208 498 1254 Glorificet
527 1223 623 1253 eum
654 1210 788 1254 omnis
821 1214 1014 1255 creatura
1045 1224 1133 1267 sua,
1166 1211 1302 1254 omnis
1333 1225 1459 1255 sexus
1491 1212 1647 1255 omnis-

74 1301 155 1344 que
185 1290 314 1343 aetas,
347 1288 419 1344 qui
450 1301 617 1331 omnem
646 1288 861 1333 hominem
891 1289 983 1332 vult
1014 1289 1178 1333 salvum
1210 1289 1348 1333 facere
1380 1293 1423 1333 et
1455 1290 1508 1333 ad
1529 1290 1647 1345 agni-

73 1365 232 1410 tionem
260 1364 452 1410 veritatis
482 1362 661 1410 venire¹.
716 1365 750 1410 0
783 1367 975 1410 conditor
1016 1370 1142 1424 atque
1180 1366 1421 1411 dulcissime
1452 1367 1646 1424 Domine,

74 1443 169 1501 quis
207 1457 292 1487 non
327 1443 494 1488 timebit
529 1447 602 1487 aut
632 1443 724 1501 quis
755 1458 842 1488 non
873 1459 926 1488 ex
955 1445 1056 1488 totis
1088 1445 1349 1503 praecordiis
1381 1446 1468 1489 suis
1501 1446 1649 1502 diligat

74 1521 143 1566 te?
187 1521 256 1566 Ab
285 1522 406 1566 initio
438 1522 551 1566 enim
583 1525 625 1565 et
655 1525 752 1566 81118
784 1522 925 1566 secula
956 1522 1136 1567 salutem
1156 1526 1348 1567 nostram
1369 1528 1566 1582 operatus
1588 1539 1646 1581 es,

75 1602 118 1643 et
135 1598 214 1643 1100
233 1599 461 1643 multifarie
483 1599 710 1656 multisque
731 1600 880 1644 modis.
927 1601 1038 1644 Nam
1057 1604 1285 1659 postquam
1305 1603 1462 1646 nostris
1483 1602 1647 1646 meritis

74 1677 120 1721 in
149 1677 260 1722 hunc
290 1677 565 1734 caliginosum
596 1692 807 1722 carcerem
838 1678 1084 1735 decidimus,
1121 1693 1200 1723 nec
1230 1680 1470 1724 deserentes
1502 1684 1544 1724 te
1576 1680 1647 1725 de-

75 1755 267 1811 seruisti,
307 1756 381 1800 sed
417 1756 581 1813 stellas,
624 1770 728 1813 quae
767 1756 889 1800 nobis
927 1756 973 1799 in
1008 1761 1130 1801 nocte
1160 1758 1243 1801 iter
1284 1758 1503 1814 agentibus
1534 1758 1645 1802 viam

77 1833 365 1890 ostenderent,
403 1834 571 1878 misisti.
633 1833 747 1877 Ante
779 1833 921 1878 oculos
952 1849 1135 1892 namque
1164 1836 1389 1892 habemus,
1421 1837 1505 1880 nisi
1534 1850 1647 1880 mor-

75 1911 152 1955 tali
191 1925 336 1956 somno
368 1912 737 1967 obdormierimus,
769 1911 898 1968 Abel,
932 1911 1055 1970 Seth,
1086 1913 1255 1970 Enoch,
1286 1914 1397 1970 Noe,
1430 1915 1647 1959 Abraham

76 1992 318 2047 ceterosque
339 1990 614 2047 patriarchas,
645 1989 888 2047 prophetas,
923 1991 1148 2048 apostolos,
1180 1995 1402 2050 martyres,
1437 1993 1646 2037 confesso-

75 2081 158 2124 reS,
188 2068 388 2124 virgines,
418 2068 567 2112 viduas
599 2070 723 2124 atque
753 2067 985 2112 laudabiles
1017 2069 1256 2113 monachos.
1320 2070 1377 2114 Et
1408 2072 1506 2128 quia
1534 2072 1647 2129 pigri

78 2159 221 2190 sumus
262 2146 380 2202 sequi
417 2145 516 2202 hos,
556 2159 659 2202 quos
699 2145 830 2189 fortes
873 2149 997 2203 atque
1035 2146 1266 2192 laudabiles
1300 2149 1511 2206 scriptura
1539 2152 1646 2193 teste

78 2224 368 2280 cognovimus,
416 2224 544 2267 etiam
585 2227 660 2268 tua
704 2223 825 2267 nobis
871 2223 1096 2269 laudabilis
1134 2226 1402 2284 providentia
1441 2231 1644 2270 occurrat.

77 2301 274 2359 Attende,
307 2302 556 2359 quicumque
589 2315 632 2345 es
664 2304 719 2357 et,
752 2314 858 2357 quae
889 2306 1014 2346 cauta
1045 2307 1155 2359 sunt,
1186 2304 1292 2360 legis
1324 2304 1390 2348 vel
1414 2305 1546 2348 audis.
1596 2305 1644 2360 O,

77 2379 263 2436 inquam,
294 2379 452 2435 miseri,
485 2380 586 2436 quid
614 2380 803 2425 infelices
836 2381 988 2424 dicturi
1019 2396 1163 2425 sumus
1194 2382 1239 2425 in
1269 2382 1344 2425 illa
1375 2382 1441 2426 die
1464 2368 1646 2426 districti

80 2457 300 2514 examinis,
333 2458 496 2514 quando
527 2472 630 2516 prae
662 2459 792 2503 oculis
823 2459 1069 2503 habebimus
1102 2473 1259 2516 omnes,
1292 2460 1364 2516 qui
1395 2461 1440 2503 in
1470 2459 1549 2503 hoc
1580 2474 1644 2503 se-

79 2534 171 2579 culo
201 2535 449 2593 placuerunt
480 2535 674 2592 Domino,
708 2537 781 2580 alii
810 2537 855 2580 in
885 2537 1077 2592 coniugio
1111 2537 1183 2580 alii
1203 2538 1248 2580 in
1269 2538 1540 2593 continentia,
1573 2537 1647 2581 alii

78 2613 124 2657 in
152 2613 356 2658 viduitate
388 2613 461 2657 alii
490 2614 535 2657 in
565 2614 819 2670 virginitate,
853 2614 925 2658 alii
955 2615 1000 2658 in
1031 2618 1243 2659 senectute
1272 2615 1345 2658 alii
1364 2615 1409 2658 in
1430 2615 1646 2660 iuventute

80 2693 135 2747 et,
167 2691 278 2748 quod
307 2691 541 2735 mirabilius
573 2696 650 2749 est,
682 2693 727 2736 in
756 2693 975 2750 primaeva
996 2695 1144 2736 aetate.
1191 2692 1301 2736 Nam
1321 2693 1541 2749 mirentur,
1573 2694 1645 2750 qui

78 2767 238 2824 volunt,
270 2768 360 2813 Noe
391 2782 532 2813 arcam
562 2770 672 2814 inter
702 2771 835 2814 undas
865 2774 1100 2826 vagantem,
1132 2770 1350 2814 Abraham
1369 2769 1502 2814 filium
1522 2785 1646 2815 suum

80 2845 334 2903 offerentem,
371 2846 544 2905 Moysen
573 2862 689 2892 mare
721 2848 994 2904 scindentem,
1025 2847 1145 2892 Iosue
1175 2848 1308 2894 solem
1336 2847 1546 2906 figentem,
1579 2863 1645 2894 08-

177 2937 210 2971 1.
243 2933 299 2972 Cf.
315 2935 449 2971 Psalm.
467 2936 524 2982 66,
541 2936 576 2972 3.
671 2937 707 2972 2.
740 2935 902 2973 Τ11110111.
918 2937 952 2982 2,
968 2935 1004 2972 4.

1310 3003 1329 3038 1
1339 3003 1360 3026 ae
