1924 3288
588 207 787 239 wmALm
816 205 1035 238 npxs'rom
1065 206 1136 236 410.
1557 194 1644 239 549

78 301 219 348 rator-i
240 300 718 361 Constantinopolitano,
753 303 982 348 fraternam
1014 302 1278 348 dilectionem
1309 304 1352 347 et
1381 301 1433 347 de
1462 301 1646 347 inimicis

77 381 309 426 victoriam.

194 458 498 515 Magnitudinis
528 463 626 504 tuae
655 459 818 504 litteras
849 473 984 517 nuper
1009 459 1062 503 ad
1081 462 1271 503 nostram
1291 459 1548 516 presentiam
1567 472 1645 517 per

75 537 271 583 nuntium
299 541 421 582 tuum
449 538 629 583 directas
650 550 745 582 cum
765 537 1048 582 benivolentia
1069 540 1111 581 et
1132 537 1347 582 alacritate
1368 537 1641 595 suscepimus.

75 615 234 669 Quibus
270 616 473 674 inspectis
513 619 556 660 et
593 615 817 672 diligenter
852 615 1099 671 intellectis,
1138 615 1291 671 gaudio
1329 616 1464 672 gavisi
1499 629 1643 660 sumus

74 697 162 741 tam
200 694 252 739 de
291 695 494 752 sospitate
534 693 794 739 celsitudinis
832 697 930 739 tuae
969 697 1012 739 et
1047 679 1217 752 imperii
1255 694 1319 738 tui
1348 694 1642 752 prosperitate,

75 785 202 830 quam
231 771 284 816 de
313 775 387 816 tua
417 786 516 828 erga
545 772 835 828 germanitatis
863 775 1033 817 nostrae
1053 772 1390 817 coniunctionem
1411 771 1641 817 affectione.

75 849 290 908 Siquidem
321 850 468 895 beatae
499 864 547 894 ac
577 865 744 909 semper
773 850 1018 895 recolendae
1046 850 1275 895 memoriae
1304 851 1575 908 predecessor
1595 863 1644 895 ac

72 931 249 986 patruus
278 932 443 986 noster,
481 929 651 974 inclitus
681 929 985 987 triumphator,
1018 928 1308 973 sanctissimus
1338 928 1535 973 videlicet
1562 929 1642 973 im-

73 1010 244 1065 perator
265 1006 495 1063 Conradus,
526 1007 723 1064 moriens,
756 1021 850 1052 cum
880 1022 956 1052 nos
989 1006 1243 1052 declarasset
1270 1007 1441 1065 imperii
1461 1008 1527 1051 sui
1548 1021 1641 1052 suc-

73 1095 271 1142 cessores,
302 1085 414 1130 inter
433 1085 636 1144 precipua
654 1086 724 1143 pie
753 1099 801 1130 ac
827 1089 1002 1144 paterne
1023 1086 1361 1130 ammonitionis·
1393 1086 1642 1131 documenta

71 1163 280 1208 instanter
316 1177 393 1208 nos
431 1164 622 1208 hortatus
662 1167 746 1208 est:
787 1168 835 1208 ut
865 1165 1095 1208 amicitiam
1125 1167 1243 1208 tuam
1272 1163 1452 1208 fideliter
1483 1165 1641 1223 ample-

72 1245 279 1288 cteremur
309 1245 352 1287 et
380 1242 657 1286 fraternitatis
678 1242 893 1286 vinculum
922 1243 1033 1287 inter
1062 1255 1139 1286 nos
1169 1242 1454 1287 indissolubili
1472 1243 1640 1288 vinculo

71 1323 346 1377 necteremuS,
369 1324 574 1377 quatenus
594 1320 774 1378 imperia
792 1324 938 1365 nostra
955 1334 1033 1378 per
1054 1320 1321 1365 dilectionem
1341 1335 1473 1364 unum
1492 1320 1642 1366 fierent

72 1402 115 1445 et
143 1399 311 1456 utrique
340 1398 453 1443 idem
484 1399 642 1442 amicus
671 1398 867 1456 idemque
887 1399 1019 1443 hostis
1042 1399 1254 1443 existeret.
1296 1398 1399 1444 Inde
1420 1403 1497 1456 est,
1530 1400 1642 1456 quod

70 1490 161 1534 nos,
189 1476 531 1523 ammonitionem
554 1477 643 1521 eius
665 1475 815 1521 effectu
833 1479 1114 1535 prosequente
1135 1476 1344 1534 complere
1363 1481 1639 1535 maturantes,

71 1558 114 1601 et
145 1556 272 1600 etiam
299 1554 508 1600 voluntati
536 1557 655 1612 tuae,
688 1555 840 1613 quamb
872 1569 925 1600 ex
954 1555 1108 1600 litteris
1138 1556 1223 1599 tuis
1253 1556 1553 1613 persensimus,
1586 1557 1639 1600 ad

71 1632 397 1678 confirmandam
434 1633 546 1677 inter
580 1647 657 1678 nos
690 1633 919 1678 amicitiam
947 1634 1136 1677 fraterna
1165 1633 1425 1690 benignitate
1456 1635 1639 1679 occurri-

70 1711 222 1766 tantes,
245 1711 298 1755 ad
319 1714 588 1767 augmentum
608 1710 808 1755 firmioris
828 1711 1073 1755 concordiae
1095 1714 1137 1755 et
1155 1711 1461 1757 incrementum
1480 1714 1638 1757 utrius-

71 1802 151 1846 que
181 1789 349 1846 imperii
379 1788 611 1832 thalamum
641 1789 761 1833 nobis
793 1789 844 1834 de
876 1789 972 1833 aula
1000 1789 1169 1846 imperii
1199 1790 1263 1833 tui
1282 1790 1503 1848 preparari
1524 1790 1638 1835 etde

71 1866 273 1923 sanguine
311 1869 384 1911 tuo
423 1881 598 1911 uxorem
635 1867 786 1912 ducere
817 1867 907 1911 Deo
945 1871 1154 1912 annuente
1192 1868 1492 1912 desideramus.
1553 1868 1637 1913 Ea-

68 1948 242 2003 propter
280 1944 528 1989 sublimitati
558 1948 655 1989 tuae
685 1945 840 1990 celeres
872 1948 914 1990 et
944 1945 1161 2003 expeditos
1191 1947 1361 1990 nuntios
1391 1946 1636 2004 premittere

70 2023 328 2079 curavimus,
365 2036 442 2080 per
480 2036 603 2080 quos,
642 2023 719 2067 sub
758 2023 872 2068 omni
909 2023 1176 2068 festinatione
1217 2024 1270 2067 ad
1305 2038 1382 2068 nos
1421 2025 1634 2082 remissos,

70 2101 301 2158 sapientiae
345 2103 444 2144 tuae
489 2115 615 2159 super
659 2101 738 2146 hoc
782 2101 1043 2146 voluntatem
1082 2102 1128 2145 in
1166 2101 1284 2146 brevi
1321 2115 1632 2158 cognoscamus.

70 2179 288 2235 Quoniam,
320 2178 512 2223 omnibus
539 2192 615 2236 per
641 2179 811 2238 imperii
838 2180 974 2224 nostri
995 2180 1262 2224 latitudinem
1280 2181 1523 2238 provinciis,
1553 2181 1635 2226 Dei

69 2260 285 2315 prestante
317 2257 633 2314 omnipotentia,
665 2258 807 2314 quieta
826 2271 929 2315 pace
948 2258 1197 2315 fruentibus,
1229 2259 1539 2316 expeditionem
1558 2274 1633 2304 no-

70 2338 202 2380 stram
221 2349 368 2380 versus
389 2334 591 2392 Apuliam
622 2338 664 2379 et
683 2335 872 2380 Siciliam
902 2349 998 2380 cum
1026 2336 1188 2392 ingenti
1210 2337 1450 2395 principum
1468 2341 1633 2382 nostro-

69 2427 164 2458 rum
195 2426 244 2458 ac
272 2413 407 2458 tocius
438 2413 619 2457 miliciae
648 2414 805 2470 favore,
836 2414 1082 2458 iuramentis
1114 2415 1301 2458 omnium
1332 2429 1384 2459 ex
1414 2429 1531 2460 more
1560 2415 1632 2460 fir-

68 2494 241 2548 matam,
273 2491 572 2547 ordinavimuS,
604 2494 645 2535 et
674 2491 719 2535 in
750 2491 1092 2549 superveniente⁶
1124 2495 1269 2549 estate,
1300 2496 1489 2551 tempore
1518 2494 1631 2538 vide-

69 2569 168 2614 licet
197 2583 278 2627 quo
307 2583 427 2625 reges
460 2569 511 2612 ad
544 2568 653 2613 bella
682 2569 818 2614 solent
846 2569 1093 2627 procedere,
1131 2571 1176 2613 in
1204 2571 1451 2615 fortitudine
1477 2585 1631 2627 magna

69 2648 237 2705 imperii
262 2648 397 2692 nostri
418 2647 547 2704 Alpes
568 2647 750 2691 transire
770 2647 1063 2705 disposuimus.
1104 2647 1194 2704 Eis,
1225 2662 1331 2705 quae
1362 2649 1438 2693 de‘¹
1458 2651 1628 2706 negocio

70 2725 244 2770 instanti
272 2725 537 2783 presentibus
567 2724 718 2781 legatis
738 2725 835 2769 viva
854 2739 954 2770 voce
985 2725 1160 2770 dicenda
1190 2726 1494 2784 mandavimus,
1525 2727 1628 2772 fides

69 2803 354 2848 indubitanter
385 2804 642 2848 adhibeatur.

164 2907 191 2929 a.
218 2899 410 2931 monitionis
433 2912 458 2930 c.
541 2899 571 2930 b.
592 2897 642 2940 q'ffi
664 2910 690 2929 c.
774 2907 800 2928 o.
821 2898 946 2938 insuper
965 2898 1098 2930 venienti
1119 2911 1144 2930 c.
1227 2899 1258 2931 d.
1287 2899 1326 2932 de
1347 2899 1468 2931 addidi.

703 2987 986 2998 m*—

1711 307 1730 342 1
1737 307 1803 342 153

1668 365 1694 386 c.
1706 356 1794 387 Mart.
1807 366 1851 387 ex.
