1924 3262
528 168 728 202 wmALm
755 167 1006 202 EP1s'ronAn
1035 168 1085 199 18.
1107 165 1157 198 19.
1572 151 1628 198 99

56 264 213 323 batem,-
243 265 353 311 sicut
381 266 475 323 ipso
506 265 714 310 referente
746 265 983 321 didicimus,
1015 267 1058 308 et
1086 262 1358 308 commissum
1382 261 1464 306 sibi
1483 275 1629 305 mona·
1667 262 1762 300 1143

57 344 235 390 sterium
271 347 420 388 contra
456 343 723 388 infestatores
765 357 862 387 suos
894 343 1123 398 adiuvatis,
1165 344 1207 386 et
1234 341 1281 385 in
1312 354 1382 385 eos
1412 343 1631 397 tamquam
1652 313 1726 344 Dec'
1739 313 1778 343 28

55 422 103 467 in
138 421 363 478 sacrilegos
403 422 568 466 debitae
607 422 984 466 animadversionis
1024 420 1276 465 sententiam
1313 419 1628 477 promulgastis.

56 500 144 545 Nos
181 501 345 558 itaque,
384 513 563 558 quorum
599 500 826 558 praecipue
864 501 1041 544 interest
1075 497 1186 542 male
1224 501 1318 542 acta
1348 498 1557 554 corrigere
1589 501 1632 541 et

58 577 164 624 bene
200 582 321 636 gesta
355 577 547 635 firmare,
587 578 1033 622 excommunicationis
1072 577 1327 622 sententiam
1356 576 1555 621 canonice
1585 575 1631 619 in

59 669 130 702 eos
172 657 486 716 promulgatam
524 657 774 701 auctoritate
811 656 1043 715 apostolica
1081 655 1376 700 confirmamus
1414 658 1457 700 et
1492 657 1631 698 ratam

57 748 230 781 manere
260 749 490 781 censemus.
538 735 603 780 De
635 734 729 778 aliis
749 748 864 791 vero,
898 735 971 792 qui
989 735 1144 778 ioarias
1157 731 1181 791 ¹,
1212 730 1435 778 maiorias²
1458 736 1500 777 et
1519 732 1631 777 villi-

58 814 244 859 cationes
282 827 361 858 nec
390 828 477 858 non
508 817 550 858 et
578 812 802 870 beneficia,
841 826 948 870 quae
979 827 1005 856 a
1034 812 1235 871 Poppone
1267 812 1448 857 secundo
1481 811 1632 856 abbate

59 896 323 951 acceperunt,
355 893 473 938 cuius
505 892 780 936 alienationes
812 894 855 935 et
881 891 1175 935 distractiones
1195 905 1345 947 regum
1363 890 1519 934 iudicio
1541 902 1632 933 cas-

59 974 175 1016 satae
206 974 318 1028 sunt,
349 974 497 1016 contra
525 970 787 1015 voluntatem
818 969 982 1014 abbatis
1012 969 1198 1014 retinent
1228 973 1270 1013 et
1295 969 1476 1014 necdum
1496 969 1633 1013 eidem

59 1050 292 1095 sententiae
322 1050 553 1106 subiacent,
585 1049 704 1094 vobis
735 1048 999 1105 mandamus,
1032 1048 1229 1105 quatinus
1263 1062 1333 1092 eos
1363 1047 1532 1092 easdem
1560 1047 1632 1090 ad-

59 1128 391 1173 ministrationes
423 1131 466 1172 et
494 1128 605 1172 bona
633 1127 680 1171 in
709 1141 840 1171 manu
871 1127 1034 1172 abbatis
1053 1126 1186 1171 libere
1207 1126 1420 1170 dimittere
1442 1125 1633 1170 districte

60 1207 372 1252 commoneatis.
435 1205 555 1259 Quod
592 1206 629 1250 si
660 1209 939 1251 contemtores
971 1205 1210 1261 extiterint,
1250 1204 1530 1249 anathematis
1563 1217 1633 1247 eos

59 1284 226 1330 vinculo
255 1285 480 1330 innodetis.
528 1285 592 1329 Tu
621 1299 736 1342 vero,
766 1285 899 1329 frater
929 1284 1139 1342 episcope,
1170 1283 1403 1327 Henricum
1433 1283 1485 1327 de
1514 1282 1634 1340 Rupe

60 1364 255 1410 similiter
284 1377 563 1420 commoneas,
594 1367 643 1407 ut
673 1363 844 1407 domum
863 1359 1111 1407 Erheberti³
1141 1363 1286 1406 fratris
1316 1362 1402 1406 iam
1435 1361 1538 1405 dicti
1562 1361 1634 1405 ab-

58 1443 184 1500 batis,
215 1456 343 1500 quam
371 1443 485 1486 infra
512 1445 746 1498 treuguam,
777 1443 824 1486 in
853 1442 1000 1486 diebus
1021 1441 1218 1486 videlicet
1245 1454 1390 1485 sacrae
1409 1439 1634 1498 passionis,

61 1521 284 1578 destruxit,
316 1524 359 1565 et
389 1535 452 1577 ea,
484 1535 591 1578 quae
622 1521 673 1565 de
695 1521 816 1565 bonis
841 1520 1035 1565 abbatiae
1057 1520 1243 1576 abstulit,
1275 1533 1372 1564 cum
1392 1518 1636 1574 integritate

60 1601 269 1649 restituat.
317 1599 436 1651 Quod
466 1599 504 1643 si
532 1599 644 1643 infra
673 1601 733 1644 40
765 1599 853 1643 dies
884 1602 983 1657 post
1010 1602 1130 1642 tuam
1160 1597 1531 1642 commonitionem
1562 1595 1636 1640 ad-

59 1678 238 1736 implere
275 1677 530 1734 neglexerit,
570 1677 816 1721 canonicam
853 1677 899 1721 in
930 1691 1027 1721 eum
1056 1677 1311 1721 sententiam
1341 1676 1553 1734 proferas3
1595 1677 1637 1718 et

60 1770 139 1801 nec
166 1757 248 1801 iste
277 1770 355 1800 nec
376 1756 462 1812 alii,
494 1756 546 1800 de
568 1756 719 1813 quibus
742 1770 871 1814 supra
891 1756 1051 1800 dictum
1072 1759 1149 1812 est,
1183 1755 1469 1810 absolvantur,
1502 1753 1636 1797 donec

62 1835 199 1880 eidem
230 1835 372 1879 abbati
402 1835 527 1891 digne
559 1834 831 1878 satisfaciant.
879 1835 945 1878 De
974 1835 1234 1892 presbyteris
1262 1847 1362 1878 vero
1394 1833 1446 1877 de
1474 1832 1638 1888 Longia

62 1917 104 1958 et
123 1912 279 1958 Wellin
307 1916 349 1957 et
378 1913 486 1968 aliis,
519 1913 591 1970 qui
611 1913 813 1970 praefatis
834 1913 1221 1969 excommunicatis,
1254 1913 1363 1956 sicut
1385 1911 1636 1969 accepimuS,

62 1991 372 2035 communicare
416 1994 714 2049 praesumunt,
757 1990 966 2034 iustitiam
1010 1991 1190 2035 faciatis.
1254 1991 1368 2035 Data
1413 1989 1636 2034 Lateranis

61 2070 91 2114 5
121 2069 296 2114 Kalend.
326 2069 525 2114 Ianuarii.

69 2241 148 2290 19.
182 2245 387 2289 Robertus
424 2243 649 2287 monachus
685 2243 1030 2287 Walciodorensis
1060 2243 1250 2287 Wibaldo
1281 2245 1408 2287 vitam
1440 2250 1478 2286 et
1507 2244 1636 2286 mira-

184 2323 278 2366 cula
317 2323 426 2367 beati
456 2322 501 2366 F
496 2323 705 2366 orannam'
744 2338 771 2364 a
808 2337 894 2365 sese
935 2322 1225 2380 compositam,
1267 2323 1383 2365 cuius
1422 2336 1636 2364 censuram

185 2409 295 2460 aqat,
328 2402 482 2444 mittit&

183 2490 345 2549 Inclyto
376 2489 590 2547 totiusque
612 2488 862 2547 prudentiae
882 2487 1044 2544 fulgore
1063 2487 1222 2544 insigni
1243 2488 1411 2532 domino
1428 2486 1635 2543 wiboldo,
1651 2494 1861 2531 1131-1151

66 2567 266 2614 abbatum
297 2568 477 2624 egregio,
507 2568 640 2612 frater
669 2566 891 2622 RobertuS,
923 2579 1097 2610 suorum
1125 2566 1289 2610 utinam
1318 2566 1520 2610 clientum
1538 2565 1637 2609 ulti-

65 2645 405 2705 mus,'quicquid
433 2645 699 2704 praeceptori
730 2644 935 2688 subditus.
1071 2639 1075 2643 ’

185 2725 295 2781 Non,
327 2739 351 2769 o
381 2727 520 2769 rector
540 2723 711 2781 inclyte,
743 2726 909 2768 vestrae
930 2721 1192 2766 auctoritatis
1212 2721 1456 2778 indignetur
1474 2722 1637 2779 magni-

162 2830 190 2851 a.
218 2821 387 2851 Edidemnt
415 2821 444 2850 1.
467 2820 619 2850 ΜαόιἹΖοη
640 2821 721 2850 Acta
742 2820 797 2851 SS.
814 2830 895 2850 saec.
918 2817 952 2849 V.
974 2829 1006 2858 p.
1026 2817 1104 2855 586,
1132 2818 1162 2848 2.
1183 2818 1363 2857 Papebroch
1383 2819 1463 2849 Acta
1484 2819 1540 2851 SS.
1561 2820 1634 2859 Apr.

67 2875 100 2906 Τ.
117 2876 176 2906 111.
198 2875 268 2912 807,
292 2875 320 2904 3.
342 2874 500 2910 D'Achery
521 2874 625 2913 spicil.
644 2875 686 2904 II.
705 2873 776 2903 708.

164 2938 199 2974 1.
231 2937 395 2974 iudicum
419 2947 580 2973 munera.
648 2938 682 2973 2.
708 2934 940 2984 „maiorum“
965 2946 1127 2973 munera.
1193 2936 1229 2972 3.
1253 2935 1346 2973 alias
1369 2935 1637 2974 Erchemberti.

1299 3000 1352 3040 7-x-
