1924 3288
579 198 778 230 wmALm
806 196 1027 229 nmsToLA
1057 195 1127 227 395.
1543 181 1630 227 527

69 295 113 341 et
137 292 322 340 scolares
352 291 594 338 collationes
624 293 836 349 vulgabat,
868 292 1048 350 qualiter
1076 292 1189 336 inter
1216 290 1427 350 predictos
1458 289 1629 334 abbates
1658 291 1751 328 1152

0 386 26 414 ο
66 372 206 418 fuerat
233 375 514 428 contractum,
552 371 674 416 nobis
712 385 765 416 ex
801 370 955 415 celebri
991 370 1195 415 relatione
1228 383 1315 414 non
1342 371 1511 427 poterat
1541 380 1633 412 esse

69 451 238 496 omnino
268 451 472 507 ignotum.
593 449 854 494 Aecclesiam
883 449 998 493 beati
1016 448 1173 505 Egidii,
1205 461 1312 505 quae
1340 447 1470 491 estin
1490 444 1634 490 Monte

67 527 236 588 publico
265 528 584 587 prenominatae
614 527 811 583 civitatis,
843 526 1104 583 Berengerus
1135 526 1263 571 abbas
1295 525 1347 570 de
1376 523 1632 568 monasterio

68 606 205 652 sancti
239 606 459 652 Laurentii
496 605 612 650 dedit
647 605 814 650 cuidam
852 603 1023 649 Gerrico
1069 604 1254 661 regulari
1299 603 1498 648 canonico
1536 615 1638 646 cumv

69 684 320 743 quibusdam
355 684 557 729 fratribus
595 683 783 728 eiusdem
819 683 1092 741 professionis
1132 683 1185 726 ad
1229 681 1552 726 inhabitandum
1591 682 1635 724 et

69 762 410 821 amplificandum
446 762 675 807 secundum
711 762 902 806 ordinem
940 761 1052 806 beati
1088 760 1337 817 Augustini,
1383 773 1434 804 ea
1473 759 1634 803 scilicet

69 841 318 886 conditionis
349 841 535 885 ratione:
566 843 627 896 ut,
659 840 697 884 si
726 839 1042 897 prenominatus
1072 839 1188 883 locus
1220 852 1268 883 eo
1299 852 1432 896 usque
1462 851 1539 896 per
1569 837 1634 881 di-

69 919 213 964 vinam
241 919 482 975 largitatem
505 918 727 962 crescendo
747 917 983 976 proficeret,
1015 917 1126 975 quod
1145 920 1360 975 pastorem
1380 916 1462 960 sibi
1481 916 1634 960 fratres

68 997 320 1054 regulariter
338 996 539 1042 deberent
559 995 726 1053 eligere,
749 997 862 1041 idem
882 996 1037 1040 electus
1058 995 1320 1053 corporalem
1339 995 1635 1039 investituram

37 1118 41 1132 ,
70 1088 96 1120 a
115 1075 304 1134 predicto
326 1075 476 1120 abbate
497 1075 741 1133 susciperet,
764 1075 789 1118 a
809 1088 889 1131 quo
911 1074 1041 1119 etiam
1069 1074 1123 1118 ad
1143 1073 1454 1131 suscipiendam
1475 1073 1635 1130 episco-

68 1153 209 1212 palem
231 1153 565 1199 benedictionem
587 1156 920 1212 presentaretur3
953 1152 1031 1197 hac
1061 1152 1360 1196 constitutione
1388 1165 1466 1209 per
1489 1163 1635 1195 omnes

70 1232 353 1276 successiones
391 1232 591 1276 valitura.
721 1231 911 1276 Necdum
946 1231 992 1275 in
1030 1231 1089 1275 018
1127 1230 1318 1288 partibus
1353 1233 1492 1273 101130
1537 1241 1636 1273 0011-

70 1309 246 1355 suetudo
275 1313 551 1368 processerat,
581 1313 630 1354 ut
656 1309 860 1366 canonici,
891 1309 964 1367 qui
988 1309 1202 1365 regulares
1223 1309 1433 1364 dicuntur,
1464 1307 1635 1351 abbates

70 1391 280 1444 crearent3
327 1389 497 1433 nomine
542 1388 853 1446 prepositorum
893 1388 940 1432 in
978 1387 1226 1445 prelationis
1264 1385 1396 1431 offitio
1435 1386 1634 1430 contenti.

70 1465 190 1519 Quod
226 1480 327 1511 vero
365 1466 537 1511 abbates
584 1467 635 1511 ab
682 1466 904 1511 abbatibus
943 1466 1130 1510 ordinari
1168 1465 1335 1522 possint
1380 1468 1422 1508 et
1460 1464 1635 1519 soleant,

71 1544 319 1590 auctoritate
349 1558 494 1590 sacrae
523 1544 692 1601 regulae
722 1545 836 1589 beati
864 1544 1082 1588 Benedicti
1112 1544 1357 1599 didicimus,
1387 1542 1462 1587 ubi
1491 1539 1636 1586 dicit¹:

73 1637 185 1682 „per
215 1623 521 1668 ordinationem
549 1623 756 1681 prepositi
792 1622 990 1667 scandala
1028 1622 1170 1680 sepius
1210 1621 1332 1678 oriri,
1370 1621 1556 1665 maxime
1591 1620 1638 1663 in

69 1701 155 1746 illis
184 1701 302 1758 locis,
331 1701 406 1745 ubi
436 1701 488 1746 ab
520 1701 667 1746 eodem
698 1701 912 1746 sacerdote
932 1700 1000 1745 vel
1029 1701 1081 1745 ab
1111 1701 1171 1745 eis
1193 1699 1428 1756 abbatibus,
1461 1699 1534 1756 qui
1565 1698 1637 1742 ab-

70 1778 212 1824 batem
241 1779 451 1836 ordinant,
482 1779 535 1824 ab
565 1780 670 1838 ipsis
691 1780 818 1824 etiam
838 1779 1077 1837 prepositus
1099 1776 1360 1822 ordinatur“.
1482 1777 1638 1835 Super-

72 1861 137 1903 est
164 1871 298 1915 usque
326 1857 450 1902 hodie
479 1871 588 1902 unus
619 1858 671 1902 de
701 1858 851 1915 primis
887 1856 1192 1901 habitatoribus
1231 1856 1417 1900 eiusdem
1455 1855 1558 1912 loci,
1597 1858 1639 1899 et

72 1936 164 1994 ipse
201 1935 365 1994 primus
396 1935 524 1980 abbas
536 1933 565 1992 ²,
607 1936 673 1980 vir
702 1936 924 1992 religiosus
955 1949 1005 1979 ac
1033 1936 1187 1979 timens
1218 1934 1378 1989 Deum3
1417 1933 1509 1990 qui,
1551 1934 1638 1977 iam

71 2017 294 2073 provectus
324 2013 371 2058 in
401 2017 616 2059 senectute
646 2014 757 2059 bona
787 2016 830 2058 et
860 2013 980 2071 quasi
1009 2013 1055 2057 in
1085 2012 1203 2057 labro
1228 2011 1439 2069 sepulchri
1458 2012 1636 2070 positus,

72 2092 329 2151 proscriptas
360 2092 619 2136 conditiones
651 2105 793 2136 coram
822 2095 913 2135 tota
931 2090 1155 2135 Leodiensi
1181 2090 1383 2134 aecclesia
1402 2089 1636 2134 confitetur.

191 2169 492 2215 Verumtamen
533 2169 703 2227 quidam
741 2184 794 2215 ex
832 2170 1021 2227 predicto
1058 2168 1149 2213 loco
1187 2168 1401 2224 regulares
1441 2169 1466 2212 a
1503 2168 1637 2213 felicis

72 2248 300 2295 memoriae
329 2261 443 2306 papa
472 2247 714 2292 Innocentio
745 2248 1014 2306 privilegium
1045 2247 1328 2303 obtinuerunt,
1357 2248 1404 2291 in
1429 2261 1510 2304 quo
1541 2261 1638 2305 pre-

72 2327 265 2384 rogativa
294 2326 457 2371 abbatis
490 2325 635 2370 Sancti
653 2324 873 2370 Laurentii
902 2326 1113 2370 reticetur.
1161 2324 1300 2369 Simili
1328 2325 1507 2369 fortasse
1537 2326 1638 2369 sim-

71 2405 274 2464 plicitatis
302 2404 451 2460 forma,
483 2418 566 2461 qua
594 2405 640 2448 in
670 2404 816 2449 eodem
845 2403 1065 2462 privilegio
1090 2403 1202 2448 circa
1222 2402 1515 2448 Stabulensem
1545 2416 1638 2448 aec-

73 2483 246 2529 clesiam
276 2485 319 2528 et
347 2495 424 2526 nos
461 2482 529 2526 usi
559 2485 675 2526 sunt:
715 2482 1051 2539 quandoquidem
1089 2482 1397 2539 possessionem
1432 2485 1635 2538 nostram,

75 2561 322 2606 aecclesiam
352 2560 512 2605 scilicet
542 2560 594 2605 de
624 2560 788 2616 Heran,
821 2574 928 2616 quae
959 2563 1024 2604 est
1052 2560 1156 2604 iuris
1189 2559 1449 2604 Stabulensis
1481 2559 1637 2604 aeccle·

75 2639 163 2684 siae
193 2643 236 2684 et
265 2646 414 2697 quam*
449 2638 527 2683 sub
557 2642 696 2683 certae
726 2638 940 2696 pensionis
971 2651 1129 2683 canone
1157 2638 1250 2682 iure
1278 2638 1499 2682 locationis
1530 2636 1638 2683 obti-

73 2720 269 2774 nuerunt,
298 2717 412 2762 inter
440 2717 635 2775 proprios
665 2716 891 2761 aecclesiae
920 2716 1072 2761 fundos
1104 2716 1281 2761 asscribi
1309 2716 1510 2762 fecerunt.

171 2846 198 2869 a.
227 2845 317 2878 qum
339 2838 460 2869 addidi.

137 2901 204 2998 A1.
228 2901 371 2949 Regula
393 2901 429 2940 S.
448 2899 640 2939 Benedicti
664 2910 697 2938 c.
714 2900 760 2937 65
785 2901 856 2947 (ap.
875 2899 1117 2947 Holstenium‚
1143 2899 1233 2938 Cod,
1257 2900 1466 2949 regularum
1490 2900 1538 2938 11.
1563 2901 1637 2948 37).

78 2961 113 2998 2.
175 2972 230 2998 zo.
