1924 3288
559 171 758 202 WIBALDI
786 170 1035 202 EP1sToLAE
1062 169 1133 200 430.
1157 169 1229 200 431.
1589 154 1676 202 567

112 264 247 310 filium
266 269 458 314 nostrum
478 265 775 321 G(erhardum)
796 266 1020 310 diaconum
1043 264 1298 310 cardinalem
1310 262 1333 322 ¹,
1366 265 1438 322 qui
1461 265 1515 309 ad
1534 267 1677 323 partes
1717 269 1808 305 1154

112 342 331 388 Teutonici
361 344 482 400 regni
512 357 589 402 pro
618 343 872 388 utilitatibus
903 343 1130 388 aecclesiae
1161 358 1186 387 a
1216 343 1337 388 nobis
1360 343 1676 399 transmittitur,
1700 317 1787 349 Feb*
1802 319 1820 349 ⁷

111 421 383 467 destinamus.
431 422 522 466 Tua
551 436 650 478 ergo
681 422 846 466 devotio
877 435 974 466 cum
1003 424 1122 466 tanta
1151 421 1384 477 gratiarum
1412 421 1576 466 actione
1606 422 1677 466 be-

110 497 308 543 neficium
336 499 451 544 istud
481 500 680 558 accipiat,
717 500 779 544 ita
816 503 859 544 te
896 513 1063 557 semper
1100 499 1270 544 exibeas
1307 499 1354 544 in
1387 502 1678 544 sacrosanctae

109 577 259 621 matris
289 580 388 622 tuae
416 577 602 622 Romane
633 577 858 622 aecclesiae
877 577 1147 622 veneratione
1176 577 1421 634 ferventem,
1451 580 1499 622 ut
1529 580 1572 622 et
1599 591 1677 621 nos

109 653 189 698 hoc
217 654 406 700 caritatis
446 658 489 699 et
517 654 823 699 benivolentiae
853 655 1022 711 signum
1058 655 1138 699 tibi
1167 655 1423 711 gaudeamus
1453 655 1676 712 inpensum

110 734 153 776 et
181 734 230 776 tu
260 732 315 776 ad
344 732 428 776 alia
457 732 659 777 beneficia
685 733 966 790 promerenda
985 733 1101 776 omni
1120 737 1310 791 tempore
1330 734 1482 778 debeas
1501 733 1676 778 idoneus

109 809 303 855 inveniri.
349 810 463 855 Data
491 809 691 855 Laterani
725 812 748 854 7
781 810 879 855 Idus
909 810 1142 856 Februarii.

110 981 229 1029 431.
263 983 489 1042 Greyort'us
526 985 632 1028 diac.
669 985 782 1028 card.
817 984 861 1028 S.
889 985 1040 1042 Anyeli
1076 984 1264 1028 Wibaldo
1303 986 1354 1028 de
1392 985 1516 1028 anulo
1554 985 1675 1028 misso

256 1063 472 1122 siymflcat.
522 1063 686 1106 Ceteras
715 1063 802 1106 eius
827 1063 1043 1120 petitiones
1075 1061 1294 1106 Gerlzardo
1323 1063 1457 1120 leqato
1488 1064 1675 1106 commis-

257 1155 326 1182 sas
356 1155 451 1182 esse.
1458 1138 1531 1193 (M.
1553 1140 1673 1194 405.)

229 1227 456 1284 Gregorius
487 1227 568 1272 Dei
605 1228 743 1284 gratia
780 1227 979 1272 diaconus
1017 1224 1266 1272 cardinalis²
1295 1229 1524 1273 reverendo
1552 1230 1675 1274 fratri
1702 1237 1794 1273 1154

108 1310 151 1351 et
187 1305 378 1350 unanimi
416 1306 548 1350 amico
580 1305 807 1360 W(ibaldo)
840 1305 1080 1350 Stabulensi
1111 1306 1254 1350 abbati
1283 1306 1462 1351 salutem
1492 1310 1554 1363 et,
1595 1321 1677 1364 qua
1707 1286 1794 1318 Feb*

107 1384 236 1430 nichil
267 1387 332 1429 est
361 1385 512 1440 carius,
544 1384 776 1428 caritatem.

223 1461 332 1515 Quia
362 1462 474 1506 inter
504 1464 664 1506 ceteros
694 1461 816 1517 regni
847 1460 1018 1505 abbates
1042 1474 1267 1519 personam
1287 1465 1472 1506 vestram
1494 1463 1675 1519 quadam

107 1540 376 1599 prerogativa
406 1539 640 1584 dilectionis
670 1539 792 1583 nobis
822 1539 1049 1595 univimuS,
1081 1539 1135 1583 ad
1157 1539 1327 1584 honoris
1347 1541 1478 1585 vestri
1497 1541 1672 1597 gloriam

107 1622 150 1664 et
180 1618 492 1674 exaltationem,
529 1617 674 1661 divina
702 1630 779 1660 nos
811 1617 1036 1661 comitante
1066 1618 1217 1674 gratia,
1248 1617 1473 1663 efficaciter
1502 1633 1674 1677 operam

106 1696 310 1741 dedimus.
352 1695 563 1752 Equidem
593 1694 822 1738 secundum
853 1694 1108 1738 desiderium
1127 1698 1315 1740 vestrum
1347 1699 1389 1740 et
1410 1710 1557 1754 preces
1578 1711 1673 1755 per-

107 1787 254 1818 sonam
283 1777 468 1818 vestram
505 1775 640 1816 mater
669 1775 812 1816 vestra
849 1775 994 1816 sancta
1023 1773 1213 1817 Romana
1249 1773 1450 1818 aecclesia
1480 1775 1570 1819 oleo
1602 1789 1674 1819 ex-

106 1851 323 1896 ultationis
355 1850 575 1906 exhilarat,
607 1849 861 1907 episcopalia
881 1850 999 1893 vobis
1030 1851 1214 1906 insignia
1234 1852 1479 1908 concedens,
1511 1856 1558 1896 ut
1576 1867 1674 1898 vere

108 1929 368 1974 Stabulensis
400 1928 566 1984 gemino
598 1927 815 1983 dignitatis
847 1931 998 1971 ornatu
1018 1928 1190 1985 fulgeat,
1223 1929 1384 1974 abbatis
1409 1933 1450 1974 et
1471 1931 1670 1989 episcopi,

107 2008 179 2065 qui
218 2021 294 2065 pre
333 2006 595 2050 consortibus
633 2005 719 2049 suis
752 2005 999 2063 ampliorem
1029 2007 1177 2050 matris
1207 2007 1362 2051 meruit
1391 2007 1668 2053 dilectionem.

105 2085 242 2130 Ysaac
270 2088 393 2142 pater
421 2079 586 2128 noster⁸
617 2084 768 2139 senuit,
798 2081 1007 2127 Rebecca⁴
1030 2087 1171 2128 tamen
1201 2084 1416 2129 ministrat
1445 2086 1496 2130 ei.
1543 2086 1670 2142 Agite

105 2163 248 2219 igitur,
279 2165 328 2206 ut
356 2164 491 2205 mater
520 2165 792 2216 recognoscat
820 2162 864 2205 in
895 2161 995 2217 filio,
1026 2175 1102 2219 per
1133 2162 1244 2218 quod
1265 2161 1376 2207 filius
1398 2177 1668 2220 recognosce-

105 2245 176 2285 tur
206 2254 231 2284 a
260 2239 416 2283 multis.
459 2239 646 2282 Anulum
668 2239 784 2283 vobis
804 2239 967 2294 legatus
989 2239 1242 2296 apostolicae
1262 2241 1372 2285 sedis
1394 2240 1668 2298 Gerh(ardus)

106 2319 305 2362 diaconus
345 2317 568 2361 cardinalis
606 2317 812 2374 portabit,
854 2317 925 2373 qui
956 2330 1029 2360 vos
1065 2320 1186 2361 tanta
1222 2319 1359 2374 gratia
1395 2319 1592 2364 investiet
1628 2325 1670 2365 et

107 2396 334 2454 apostolico
365 2395 598 2439 munimine
627 2394 853 2438 roborabit.
895 2393 980 2438 Nos
1001 2409 1100 2439 vero
1128 2395 1172 2439 in
1191 2396 1344 2440 vestris
1373 2399 1668 2455 oportunitati-

104 2474 182 2519 bus
213 2477 331 2518 tanto
364 2473 588 2517 sollicitum
619 2485 711 2516 esse
740 2472 1001 2529 perpendite,
1033 2476 1187 2529 quanto
1219 2474 1435 2519 amiciciae
1458 2476 1592 2520 virtus
1622 2476 1667 2520 in

105 2565 232 2596 causa
277 2551 401 2595 amici
445 2564 528 2594 non
569 2552 709 2607 potest
748 2562 838 2592 esse
876 2550 1026 2593 ociosa.
1155 2551 1220 2596 De
1259 2551 1352 2595 aliis
1389 2553 1666 2609 peticionibus

104 2630 256 2674 vestris
286 2629 449 2685 legatus
480 2628 599 2672 vobis
629 2627 841 2671 iusticiam
870 2627 1016 2683 faciet,
1047 2628 1164 2672 cuius
1195 2629 1439 2674 discretioni
1469 2631 1665 2675 Teutoni-

105 2721 250 2752 corum
281 2707 502 2752 commisse
533 2708 631 2749 sunt
659 2705 862 2760 regiones.

198 2862 232 2896 1.
265 2859 303 2897 S.
327 2859 461 2896 Mariae
491 2858 530 2894 in
559 2859 622 2895 via
652 2858 738 2895 lata.
859 2859 893 2895 2.
925 2857 963 2895 S.
994 2857 1142 2905 Angeli.
1284 2861 1318 2896 3.
1352 2860 1571 2898 Anastasius
1599 2861 1663 2899 IV.

104 2920 140 2957 4.
165 2919 323 2956 ecclesia
345 2919 520 2956 Romana.
