1924 3288
580 195 779 227 wmnnm
808 195 1028 227 Emsrom
1059 193 1128 224 159.
1550 180 1637 224 265

73 290 355 349 quiaubonus-
485 290 675 335 Domnus
716 304 880 347 quoque
917 304 1030 348 papa
1066 304 1143 334 sua
1178 288 1439 334 humanitate
1478 291 1520 332 et
1558 288 1640 332 cle·
1678 291 1770 328 1149

73 368 337 426 meg-timos
367 368 469 423 fecit
498 369 704 412 veraciter
734 382 851 425 suos,
891 369 953 413 ita
982 372 1030 412 ut
1059 369 1220 412 karitas
1249 367 1363 411 foras
1393 367 1558 411 miserit
1586 367 1639 410 ti-

73 460 269 491 moremv
293 446 440 499 Quem
478 461 530 490 ex
567 450 710 491 nostro
740 447 909 491 nomine
939 448 1087 491 intime
1118 445 1387 501 salutabitis,
1411 446 1640 489 immensas

74 526 121 571 ei-
141 525 300 582 gratias
330 539 409 583 pro
439 525 646 569 universis
679 524 889 570 beneficiis
920 528 1089 569 nostrae
1119 524 1321 582 parvitati
1337 523 1513 568 'collatis
1533 523 1641 568 refe-

73 607 248 653 ramosa
349 603 488 648 Dicite
525 607 669 647 nostro
711 604 921 647 communi
962 604 1095 647 amico
1127 602 1394 658 cancellario,
1434 602 1566 659 quod,
1605 602 1642 646 si

73 688 295 739 nunquam
319 682 371 727 de
400 685 565 727 caetero
595 681 828 742 Romanam
860 681 1105 726 aecclesiam
1136 685 1178 726 et
1205 681 1362 725 Urbem
1388 681 1641 736 videremus,

75 760 467 806 sivremotissimam
496 759 713 803 heremum
742 759 1042 815 habitaremus,
1075 759 1142 804 sui
1171 762 1314 804 tamen
1344 759 1522 816 quodam
1555 759 1642 803 sin-

74 838 211 895 gula'ri
241 839 365 883 modo
397 851 605 893 essemus,
639 841 680 881 et
712 851 774 894 ea,
807 852 913 894 quae
943 838 1064 882 nobis
1095 852 1172 895 per
1201 837 1364 882 litteras
1396 851 1492 881 suas
1523 851 1642 881 man-

75 917 204 974 davit,
235 922 368 974 usque
399 917 453 960 ad
483 916 652 960 calcem
670 915 892 972 diligenter
924 916 1251 960 observabimus.

144 1020 145 1023 =
172 994 384 1039 'Misimus
409 995 462 1039 ad
484 995 611 1052 pedes
632 995 804 1052 pietatis
825 998 991 1039 vestrae
1013 995 1208 1039 abbatem
1230 993 1605 1038 Herseveldensem
1618 991 1640 1038 ¹.

75 1073 155 1126 Qui
184 1074 383 1131 quoniam
412 1073 500 1117 vim
530 1074 710 1130 patitur,
741 1073 992 1130 respondete
1023 1086 1096 1116 vos
1127 1086 1206 1129 pro
1237 1072 1332 1128 illo,
1365 1073 1464 1129 quia
1493 1073 1641 1129 nescit,

75 1151 176 1209 quid
207 1151 319 1196 dicat
348 1151 530 1195 inimicis
553 1152 660 1206 suis3
692 1155 812 1195 tanta
833 1155 897 1196 est
916 1151 1134 1197 hominum
1157 1150 1373 1194 temeritas
1395 1154 1437 1195 et
1457 1151 1640 1195 vesania.

76 1229 251 1274 Summa
281 1229 502 1287 peticionis
533 1233 703 1274 nostrae
734 1244 811 1287 pro
834 1230 981 1274 eodem
1003 1230 1153 1274 abbate
1173 1229 1276 1273 haec
1297 1233 1373 1284 est,
1405 1232 1455 1272 ut
1482 1230 1521 1273 ei
1552 1229 1642 1272 offi-

76 1308 187 1353 cium
217 1322 342 1352 suum
373 1309 485 1366 apud
514 1303 716 1365 domnum
745 1322 902 1366 papam
924 1308 1182 1366 recuperetis
1205 1331 1259 1337 —
1284 1307 1408 1364 quod,
1441 1308 1477 1351 si
1499 1308 1642 1364 vultis,

77 1390 121 1431 et
147 1388 325 1445 potestis
347 1412 403 1418 ——
426 1387 588 1443 deinde,
620 1390 668 1431 ut
690 1387 802 1444 apud
826 1387 1024 1430 domnum
1045 1383 1352 1442 Bremensem²,
1386 1386 1496 1443 quod
1526 1387 1645 1430 vobis

75 1465 211 1510 faesse⁴
229 1469 305 1522 est,
338 1465 577 1520 obtineatis,
610 1469 657 1508 ut
688 1479 783 1510 eum
814 1466 860 1509 in
882 1465 1051 1509 abbatia
1080 1479 1157 1508 sua
1184 1465 1388 1509 restituat
1411 1467 1453 1508 et
1473 1477 1645 1508 causam

77 1558 204 1588 suam>
228 1544 427 1588 canonico
458 1543 540 1588 fine
570 1544 782 1588 terminet.
846 1543 1052 1600 Quicquid
1083 1543 1181 1587 huic
1210 1543 1416 1599 feceritis,
1448 1543 1560 1586 mihi·
1583 1543 1644 1587 fe-

77 1622 232 1667 ceritis.
281 1622 443 1678 Videte,
476 1636 608 1679 quam·
622 1622 890 1666 immemores
910 1622 1041 1666 vestri
1064 1622 1207 1666 simus.
1261 1621 1356 1665 Non
1379 1624 1443 1665 est
1464 1621 1642 1665 dictum:

65 1701 301 1758 saco-imus,
336 1701 447 1757 quod
477 1701 529 1744 de
558 1701 760 1758 preterito
793 1703 834 1744 et
862 1700 1004 1744 futuro
1035 1700 1209 1755 dicitur3
1242 1703 1324 1744 set:
1357 1703 1500 1754 simus,
1534 1700 1646 1756 quod

79 1782 143 1823 est
172 1779 224 1822 de
253 1779 455 1835 presenti,
486 1779 565 1822 hoc
596 1783 660 1823 est
689 1779 741 1822 de
773 1779 1033 1822 aeternitate.

197 1849 390 1906 Meditati
419 1857 631 1901 fueramus
663 1857 926 1913 questionem
964 1857 1015 1901 de
1046 1857 1257 1900 creatione
1288 1855 1533 1911 angelorum
1561 1870 1647 1901 non

77 1934 326 1991 ignobilem3
359 1948 485 1991 quam
517 1935 741 1978 eruditioni
762 1939 928 1979 vestrae
959 1936 1141 1979 scribere
1170 1938 1481 1990 statueramus,
1501 1938 1548 1978 ut
1578 1949 1645 1978 re-

79 2014 313 2072 spondendi
345 2013 596 2057 necessitate
627 2013 814 2057 studium
844 2017 1032 2058 vestrum
1064 2013 1355 2057 excitaremus.
1396 2013 1646 2057 Idemtidem

80 2093 396 2149 inquisitionem
425 2095 610 2135 vestram
650 2092 738 2136 sive
767 2092 1107 2135 ratiocinationes
1140 2095 1183 2135 et
1212 2094 1460 2147 argumenta
1489 2092 1541 2135 de
1572 2092 1646 2135 illa

80 2174 222 2215 vestra
250 2170 434 2228 positiva
461 2170 630 2213 iusticia
647 2183 821 2226 poscere
842 2183 868 2213 a
886 2170 1004 2214 vobis
1025 2169 1281 2226 volebamus,
1313 2173 1362 2213 ut
1381 2184 1459 2226 nos
1481 2185 1646 2227 quoque

81 2249 147 2294 vel
177 2248 428 2293 conferendo
460 2248 526 2291 vel
558 2248 804 2305 opponendo
836 2248 903 2292 vel
933 2248 1230 2292 consentiendo
1261 2248 1544 2303 vigilaremus.

200 2327 372 2371 Utinam
408 2326 532 2370 liceat
569 2325 710 2381 nobiS,
748 2339 823 2369 vos
861 2326 913 2370 ab
944 2326 1057 2370 Urbe
1092 2329 1349 2370 revertentes
1380 2326 1491 2370 ulnis
1522 2341 1646 2370 verae

82 2405 270 2450 caritatis
291 2405 578 2462 amplexatum
602 2403 847 2459 deosculari,
879 2417 928 2446 ac
951 2404 1002 2447 de
1033 2407 1147 2447 statu
1177 2408 1467 2448 sacrosanctae
1497 2405 1645 2448 matris

82 2487 250 2528 nostrae
279 2483 493 2527 Romanae
525 2481 723 2526 ecclesiae
760 2494 837 2524 nec
873 2495 959 2524 non
997 2481 1048 2525 de
1087 2483 1208 2537 regni
1238 2482 1372 2525 nostri
1401 2482 1646 2526 habitudine

83 2565 125 2606 et
155 2561 206 2605 de
235 2561 369 2605 tocius
399 2561 546 2604 mundi
574 2559 776 2617 qualitate
807 2560 1006 2603 secretius
1038 2560 1254 2604 vobiscum
1285 2574 1334 2604 ac
1362 2560 1518 2604 diutius
1549 2575 1646 2604 con-

82 2640 204 2684 ferre.
251 2629 356 2683 Fere
387 2639 500 2683 enim
531 2638 643 2682 solus
675 2638 776 2681 estis
808 2640 880 2680 aut
907 2638 1017 2681 inter
1039 2639 1315 2695 paucissimos
1335 2652 1458 2694 unus,
1492 2639 1563 2695 qui
1595 2639 1646 2683 de

84 2717 149 2762 his
180 2717 364 2775 aliquam
394 2702 625 2761 meditandi
656 2715 769 2759 viam
799 2715 964 2770 ingredi
995 2719 1037 2759 et
1068 2716 1282 2759 ambulare
1312 2717 1527 2760 noveritis.

179 2823 213 2859 1.
246 2822 415 2860 Adonem
431 2822 603 2860 abbatem
620 2820 939 2858 Harsefeldensem
964 2821 1043 2858 sive
1061 2820 1386 2858 Rosenfeldensem
1407 2821 1539 2866 (dioec.
1560 2822 1646 2860 Bre—

85 2883 248 2928 mensis).
280 2881 335 2920 Cf.
362 2893 420 2928 ep,
438 2883 505 2919 161
532 2882 639 2919 infra.
734 2882 768 2918 2.
793 2881 1020 2918 Hartwicum
1043 2880 1372 2929 archiepiscopum.
