1930 3224
305 181 364 226 24
847 189 1133 223 mnsm‘no
1165 190 1201 222 s,
1221 190 1316 222 vm

187 293 257 351 836
304 288 472 333 nomine
480 294 508 345 ⁸,
539 301 567 333 a
593 287 796 332 maternis
825 286 1011 330 humeris
1037 286 1084 329 in
1102 285 1244 343 ipsum
1262 284 1401 330 locum
1420 285 1663 344 deportatus
1681 289 1728 332 et
1741 289 1861 332 ώσ-

155 343 283 375 Ium.14
305 381 386 424 que
423 381 533 422 genu
563 368 822 420 contractus,
861 364 906 407 in
934 363 1030 420 ipsa
1057 365 1179 407 nocte
1207 363 1363 421 pedum
1392 361 1530 408 officia
1556 364 1790 422 promeruit
1804 367 1866 412 ct

303 445 350 489 in
378 445 472 503 ipso
500 443 591 488 loeo
620 455 841 487 remanens
871 454 957 484 non
985 440 1172 485 recessit.

152 533 280 566 1uni.15
422 522 471 566 In
501 522 731 566 crastinum
759 532 881 575 ver0,
919 519 1030 575 quod
1061 521 1125 562 est
1157 519 1209 562 17
1241 518 1451 562 Kalendas
1481 517 1590 575 Iulii,
1618 518 1732 564 inter
1755 519 1862 565 niu·-

304 614 446 644 sarum
476 599 696 643 sollemnia
725 597 896 654 quidam
925 597 1050 640 homo
1081 595 1252 640 claudus
1282 597 1357 652 ita,
1387 599 1436 640 ut
1463 595 1624 640 nullam
1642 597 1862 654 gradiendi

301 677 545 722 facultatem
575 676 767 731 haberet,
799 689 926 718 sanus
955 675 1150 719 inventus
1182 678 1257 719 est.
1315 674 1373 718 Et
1400 673 1555 718 mulier
1582 674 1787 731 quaedam
1808 675 1861 720 tin

301 756 396 813 ipsa
424 756 530 799 hora
557 754 796 798 illuminata
826 756 901 797 est.
948 752 1006 796 Et
1035 753 1201 796 cuidam
1230 751 1406 810 parvulo
1437 765 1595 808 organa
1620 753 1737 797 vocis
1762 752 1862 798 rd-

302 834 391 877 dita
420 835 530 876 sunt.
577 831 692 875 Inter
722 844 866 875 caecos
895 844 995 875 vero
1027 833 1070 875 et
1099 830 1282 886 claudOS‚
1314 831 1500 888 exceptis
1519 830 1600 887 his,
1630 831 1704 888 qui
1721 829 1860 876 eodio

301 911 525 955 sanitatem
545 922 687 953 coram
706 909 975 953 multitudine
988 895 1207 965 utriusque
1222 922 1360 965 sexus,
1382 909 1453 966 qui
1469 909 1524 952 ad
1538 908 1860 954 sollemnitatem

300 988 521 1032 fortissimi
552 987 766 1044 agonistae
795 987 980 1044 undique
1010 990 1304 1042 convenerant,
1334 986 1661 1044 percipiebant⁵,
1690 986 1863 1032 fuerumt

299 1066 508 1110 undecim.
586 1065 681 1123 Ipso
701 1078 801 1109 vero
822 1065 890 1109 die
901 1072 928 1121 ⁰,
950 1064 1222 1122 vespertinali
1243 1063 1378 1108 officio
1397 1067 1568 1122 peracto
1587 1064 1675 1108 iam
1692 1061 1861 1122 iamque

300 1147 422 1188 nocte
451 1144 758 1201 propinquante
767 1143 797 1199 ⁶,
829 1156 924 1187 cum
953 1143 1020 1186 in⁶
1041 1142 1122 1186 Dei
1151 1141 1345 1186 laudibus
1374 1155 1452 1199 pro
1482 1140 1694 1186 beneficiis
1724 1155 1751 1186 a
1768 1141 1861 1187 Deo

302 1222 508 1266 concessis
539 1222 621 1266 sibi
651 1221 723 1278 qui
752 1221 928 1265 aderant
950 1220 1187 1264 exultarent
1206 1223 1331 1276 atque
1350 1219 1440 1263 Deo
1470 1219 1615 1264 laudes
1633 1220 1862 1265 immensas

300 1300 536 1355 redderent,
565 1302 740 1357 repente
771 1298 889 1342 affuit
920 1297 1143 1355 quaedam‘
1161 1297 1304 1355 puella
1321 1297 1499 1355 parvula
1517 1298 1564 1341 in
1580 1298 1767 1344 medium
1786 1299 1863 1344 ad-

301 1378 439 1433 ducta,
471 1391 577 1434 quae
608 1377 728 1421 annis
750 1391 824 1421 sex
843 1377 981 1420 fuerat
999 1376 1156 1419 lumine
1176 1375 1356 1433 privata,
1388 1381 1518 1432 quae*¹
1536 1375 1630 1433 ipso
1648 1379 1861 1422 momento

300 1456 362 1500 ita
390 1455 728 1511 illuminabatur,
765 1458 813 1498 ut
843 1454 954 1498 clare
983 1454 1146 1498 videret
1177 1454 1330 1497 omnia.
1377 1452 1460 1497 Sed
1491 1456 1533 1497 et
1559 1453 1607 1497 in
1634 1454 1731 1512 ipsa
1756 1454 1862 1500 hora

303 1533 386 1578 alia
414 1533 555 1592 puella
583 1536 702 1577 muta
731 1536 774 1576 et
804 1532 931 1576 surda
960 1531 1169 1589 loquelam
1197 1534 1239 1576 et
1259 1531 1447 1575 auditum
1475 1532 1664 1590 recipere
1691 1532 1859 1577 meruit.

418 1611 479 1655 At
507 1625 605 1656 vero
640 1614 863 1669 postquam
902 1610 1006 1654 haec
1036 1610 1199 1654 omnia*¹
1230 1609 1444 1665 divulgata
1473 1613 1572 1653 sunt
1600 1612 1644 1654 et
1669 1609 1716 1654 in
1745 1610 1861 1654 omni

301 1690 472 1746 regione
503 1689 733 1745 diffamata,
765 1691 992 1746 coeperunt
1020 1688 1155 1743 magis
1185 1690 1229 1731 et
1256 1687 1392 1743 magis
1412 1687 1596 1744 undique
1615 1700 1865 1734 concurrere

302 1771 390 1812 tam
418 1767 580 1812 nobiles
603 1781 729 1824 quam
754 1766 973 1823 ignobiles,
1006 1766 1158 1809 divites
1188 1766 1244 1809 eti
1263 1778 1485 1822 pauperes,
1516 1766 1609 1810 sani
1629 1768 1672 1810 et
1689 1764 1859 1823 infirmi,

300 1847 347 1890 in
375 1849 541 1890 tantum
570 1848 618 1891 ut
647 1845 787 1889 nullus
817 1844 1024 1888 mansisse
1055 1843 1168 1887 domi
1197 1846 1416 1901 putaretur
1443 1843 1490 1886 in
1518 1843 1633 1887 omni
1660 1843 1736 1888 illa
1761 1856 1864 1902 pro-

302 1924 460 1980 vincia,
503 1924 574 1980 qui
611 1937 697 1967 non
731 1922 856 1967 illuc*
891 1922 1040 1966 orandi
1078 1921 1214 1977 gratia
1242 1920 1438 1965 venisset.
1560 1920 1643 1965 Sed
1677 1924 1720 1966 et
1747 1921 1862 1966 aliud

303 2001 572 2058 miraculum,
609 2001 721 2058 quod
757 2001 1046 2058 cunctipotens
1076 1999 1207 2043 Deus¹
1235 2013 1312 2056 per
1343 2005 1495 2042 suam¹¹²
1525 2000 1753 2054 gratuitam
1779 1999 1860 2044 mi-

303 2080 575 2125 sericordiam
611 2079 658 2123 in
692 2079 786 2137 ipso
816 2082 1005 2136 tempore
1033 2091 1111 2135 per
1141 2076 1427 2121 insensibilem
1456 2079 1691 2121 creaturam
1720 2081 1860 2122 osten-

303 2159 401 2202 dere
433 2158 628 2214 dignatus
660 2160 736 2213 est,
770 2157 846 2201 sub
868 2156 1033 2200 silentio
1053 2155 1405 2213 praetereundum
1423 2167 1510 2198 non
1528 2154 1705 2198 decrevi.
1750 2155 1860 2200 Nam

304 2236 485 2294 quadam
515 2236 604 2292 die,
637 2235 736 2279 dum
768 2234 1160 2279 cum-multitudine
1190 2233 1268 2277 sub
1297 2233 1503 2277 desiderio
1531 2232 1685 2290 prioris
1713 2233 1860 2292 populi

304 2328 353 2359 ac
390 2314 609 2358 devotione
640 2313 788 2369 vulgus
829 2313 883 2356 ad
918 2315 1197 2356 memoratum
1233 2310 1370 2355 locum
1405 2313 1704 2368 properarent·
1733 2315 1777 2356 et
1805 2312 1860 2357 ad

181 2396 212 2437 1-
302 2396 472 2451 portum
490 2391 688 2448 fluminis,
706 2392 823 2435 cuius
839 2390 1036 2435 Wesara⁰
1057 2392 1122 2434 est
1140 2388 1400 2444 vocabulum,
1417 2388 1672 2445 advenirent,
1694 2389 1858 2447 accidit,

302 2475 351 2515 ut
386 2470 506 2515 navis
538 2484 590 2514 ex
629 2469 761 2514 altera
788 2472 910 2527 parte
945 2467 1128 2512 fluminis
1167 2468 1258 2511 sine
1294 2466 1570 2523 gubernatore
1597 2465 1685 2510 fixa
1713 2470 1856 2512 staret.

304 2549 363 2592 At
390 2549 448 2605 hi,
481 2548 575 2605 qui?
595 2547 774 2592 transire
795 2546 1020 2604 cupiebant
1040 2548 1083 2589 et
1101 2545 1243 2589 navim
1264 2558 1316 2589 ex
1341 2543 1471 2588 altera
1489 2546 1609 2601 parte
1629 2544 1860 2602 conspicie-

305 2627 420 2682 bant,
457 2630 574 2671 cum‘¹
603 2625 814 2670 neminem
845 2623 972 2668 affore
1003 2626 1219 2668 cernerent
1249 2622 1320 2680 qui
1350 2634 1442 2666 eam
1471 2621 1523 2665 de
1551 2620 1642 2665 loco
1671 2626 1860 2667 moveret

307 2708 369 2748 et‘
389 2705 443 2748 ad
463 2718 532 2748 eos
553 2716 684 2762 usque
703 2702 963 2761 perduceret,
995 2701 1246 2757 cogitabant,
1268 2699 1445 2758 qualiter
1464 2712 1556 2744 eam
1577 2699 1857 2757 exquirerent.

388 2803 415 2823 a.
443 2794 494 2833 qui
517 2794 593 2825 add.
608 2794 637 2824 2.
713 2793 743 2823 b.
770 2791 979 2832 percipiebant
1005 2803 1061 2822 om.
1077 2791 1106 2821 2.
1182 2799 1208 2821 c.
1238 2789 1287 2821 die
1314 2801 1370 2820 ou.
1385 2790 1413 2819 1.
1490 2788 1520 2819 d.
1548 2789 1806 2829 appropinquate
1828 2791 1857 2821 2.

307 2855 333 2876 e.
363 2847 394 2876 in
416 2859 471 2877 om.
487 2848 516 2877 2.
598 2846 620 2878 s.
647 2846 794 2893 quaedam
816 2857 872 2876 om.
887 2846 917 2875 2.
1000 2853 1028 2883 g.
1057 2843 1094 2874 ab
1117 2843 1236 2887 addrss.
1317 2841 1348 2873 h.
1370 2841 1470 2872 omnia
1490 2853 1547 2872 om.
1563 2842 1591 2872 1.
1674 2842 1695 2873 i.
1717 2851 1806 2882 quam
1827 2843 1857 2875 2.

306 2899 336 2929 k.
358 2898 429 2929 illuc
451 2911 508 2930 om.
524 2900 552 2930 1.
629 2900 650 2930 1.
671 2899 819 2931 Dominus
841 2900 870 2929 2.
943 2907 983 2928 m.
1005 2906 1089 2928 sum
1111 2909 1167 2928 om.
1183 2897 1212 2927 1.
1286 2905 1317 2926 n.
1337 2896 1513 2935 properaret
1534 2896 1562 2925 1.
1640 2905 1668 2927 ο.
1687 2894 1807 2927 wiser}
1826 2895 1856 2928 2.

306 2961 337 2993 p.
359 2953 410 2992 qui
431 2963 486 2982 om.
504 2953 531 2982 1.
615 2962 644 2992 q.
667 2954 698 2983 et
718 2961 786 2983 cum
808 2953 837 2989 1,
860 2952 890 2982 et
911 2952 940 2982 2.
1023 2959 1048 2980 r.
1069 2952 1101 2981 et
1126 2966 1158 2971 —
1181 2949 1360 2990 perduceret
1380 2959 1437 2979 om.
1455 2949 1482 2979 1.
