1924 3288
138 270 230 307 1151

119 319 203 359 Sept.
216 319 256 351 15

136 2313 227 2349 1151

144 2364 215 2401 post

119 2404 202 2443 Sept.
214 2403 252 2434 15

281 160 368 204 478
727 174 927 204 wmALm
955 173 1204 205 musa-omn
1231 173 1302 205 844.
1326 173 1398 204 846.

280 267 543 326 Herbipolim
571 267 783 311 mediante
811 281 957 312 mense
987 267 1234 331 Septembre
1262 268 1420 312 factum
1451 271 1534 324 est;
1563 268 1626 315 ita
1644 268 1851 327 deinceps-

277 344 444 390 firmato
473 345 627 389 mentis
657 345 889 402 proposito,
915 349 976 402 ut,
1009 345 1063 389 ad
1093 359 1236 390 omnes
1267 346 1388 401 regni
1417 346 1538 390 nobis
1569 359 1599 390 a
1621 345 1715 391 Deo
1743 351 1840 391 con-

277 423 386 467 cessi
413 427 556 481 partes
589 422 764 466 celerius
795 423 1037 467 accedentes
1067 426 1110 468 et
1137 438 1242 482 pace
1271 438 1349 481 per
1368 423 1450 468 Dei
1479 424 1661 480 gratim
1687 411 1843 482 ubique

276 499 463 557 firmata,
501 501 562 544 sic
599 501 653 544 ad
682 500 839 545 Urbem
879 504 922 545 et
958 501 1012 545 ad
1041 515 1114 545 vos
1149 501 1372 559 pervenire
1401 501 1639 559 valeamus,
1675 506 1724 546 ut
1752 505 1843 546 tun

275 578 382 622 bene
411 579 669 622 merentibus
699 579 862 636 premia
892 592 1018 636 quam
1046 579 1271 623 rebellibus
1301 592 1483 636 poenam
1510 579 1740 638 rependere
1761 579 1854 624 de·⁴

275 655 461 700 beamus.
560 656 631 700 Ad
660 656 783 700 huius
813 656 877 700 rei
907 656 1142 700 evidentem
1171 657 1373 700 noticiam
1393 657 1528 714 adque
1549 657 1841 702 certitudinem

275 733 511 777 faciendam
541 733 772 778 direximus
803 737 1021 791 presentes
1050 734 1210 790 legatos
1234 738 1416 790 nostros,
1448 735 1562 779 viros
1581 735 1727 793 utique
1745 734 1842 779 illu-

276 813 384 854 stres
414 824 464 854 ac
493 811 615 855 nobis
644 811 755 855 inter
786 811 997 869 principes
1020 818 1186 856 nostros
1206 812 1576 869 familiarissimos,
1602 812 1855 858 Arnoldnn«

275 888 470 932 videlicet
490 888 750 933 Coloniensis
782 889 1006 934 aecclesiae
1034 890 1316 934 venerabilem
1348 890 1720 948 archiepiscopum,
1751 889 1840 936 Wi-

274 965 446 1010 boldum
477 966 767 1011 Stabulensem
798 970 840 1011 et
860 967 1153 1012 Corbeiensem
1185 968 1393 1024 abbatem,
1425 967 1668 1012 Heinricum
1697 957 1846 1013 curiae·

274 1047 443 1088 nostrae
471 1045 697 1101 notarium,
728 1045 783 1089 ad
810 1046 1086 1090 reverendum
1116 1049 1281 1103 patrem
1310 1049 1503 1090 nostrum
1524 1059 1682 1104 papam
1698 1045 1838 1102 Euge-

274 1121 392 1165 nium
429 1125 471 1165 et
509 1121 562 1165 ad
599 1122 746 1166 urbem
780 1122 957 1167 Romam
992 1137 1071 1167 nec
1107 1137 1193 1167 non
1233 1124 1287 1167 ad
1324 1127 1484 1168 ceteras
1522 1123 1647 1168 urbes
1677 1123 1836 1169 ltaliae.

274 1198 386 1251 Quos
422 1200 636 1244 venientes
674 1200 729 1244 ad
764 1201 911 1245 urbem
944 1204 1150 1257 vestram,
1190 1215 1296 1258 quae
1335 1215 1503 1259 semper
1540 1201 1593 1246 ab
1626 1201 1754 1246 inicio
1791 1202 1838 1246 in

274 1289 378 1334 pace
416 1280 459 1320 et
494 1278 540 1320 in
577 1277 686 1322 bello
725 1281 840 1322 terra
875 1279 1064 1335 marique
1094 1279 1263 1336 imperii
1292 1279 1471 1323 Romani
1501 1279 1719 1324 consuevit
1746 1293 1839 1324 csso

274 1354 544 1411 domicilium,
579 1355 818 1412 honorifice,
849 1360 898 1400 ut
926 1360 1068 1400 vestra
1096 1357 1284 1414 probitas
1315 1358 1546 1413 consuevit,
1576 1357 1838 1415 suscipiatis3

274 1435 424 1476 ettam
444 1433 496 1477 de
515 1433 695 1477 militum
720 1448 847 1491 quam
867 1434 918 1477 de
938 1435 1110 1478 navium
1130 1448 1318 1490 numero,
1336 1449 1440 1491 quas
1459 1435 1506 1478 in
1527 1435 1837 1492 expeditionem

275 1509 443 1554 Siciliae
474 1511 526 1555 ob
555 1515 806 1569 perpetuam
834 1512 967 1556 felicis
991 1512 1340 1556 remunerationis
1363 1512 1839 1572 mercedem-exhibebis-

273 1587 342 1643 tis,
372 1601 450 1645 per
478 1588 649 1632 illorum
671 1590 871 1633 noticiam
891 1603 967 1633 nos
990 1593 1125 1634 certos
1148 1589 1350 1634 efficiatis.
1450 1589 1582 1634 Porro
1612 1590 1664 1635 de
1694 1591 1838 1647 verbo,

275 1665 385 1721 quod
415 1666 467 1709 de
487 1666 755 1710 inimicorum
773 1670 1010 1711 vestrorum
1031 1668 1288 1725 sempiterna
1308 1667 1597 1712 humiliatione
1619 1667 1740 1712 nobis
1759 1682 1837 1726 per

273 1742 432 1798 legatos
452 1747 632 1800 nostros,
654 1745 813 1788 scilicet
833 1744 1195 1789 Constantiensem
1210 1743 1219 1762 ¹
1234 1749 1276 1789 et
1290 1743 1586 1789 Basiliensem²
1603 1746 1836 1804 episcopos,

275 1824 421 1878 atque⁶
449 1822 734 1866 marchionem
762 1823 814 1867 de
838 1820 1160 1867 Montefarrato³
1185 1823 1466 1879 suggessistis,
1497 1837 1643 1880 preces
1673 1827 1836 1868 vestras

275 1899 492 1943 exauditas
513 1913 605 1943 esse
625 1900 780 1943 sciatis.
811 1900 869 1944 Et
890 1901 1087 1958 quicquid
1103 1915 1229 1958 super
1248 1901 1327 1945 hoc
1346 1901 1526 1959 predicti
1540 1901 1683 1946 nuncii
1701 1902 1836 1946 nostri

274 1977 391 2021 vobis
423 1976 774 2034 confirmaverint,
804 1992 880 2022 nos
911 1993 1002 2023 esse
1022 1979 1315 2023 observaturos
1345 1992 1431 2022 non
1450 1979 1670 2034 dubitetis3
1700 1979 1847 2024 scien--

274 2057 353 2111 tes,
375 2055 486 2112 quod
504 2055 687 2100 inimicis
707 2057 860 2100 vestris
879 2056 1042 2101 inimici
1061 2070 1206 2101 sumus
1226 2060 1269 2101 et
1288 2057 1476 2102 odientes
1494 2070 1567 2101 vos
1587 2056 1832 2114 affligemus.

278 2214 395 2262 345.
426 2218 640 2261 Conradus
654 2217 727 2260 III
736 2234 811 2261 rex
824 2219 1027 2261 Romanis
1046 2218 1200 2275 leqatos
1218 2234 1313 2261 suos
1333 2219 1598 2262 commendat.
1630 2216 1702 2272 (Μ.
1715 2218 1835 2274 322.)

393 2304 637 2349 Cuonradus
668 2305 750 2349 Dei
779 2306 916 2361 gratia
945 2305 1228 2349 Romanorum
1258 2320 1335 2350 rex
1366 2309 1408 2350 et
1437 2320 1602 2364 semper
1632 2311 1833 2363 augustus

274 2382 458 2441 prefecto
474 2382 613 2438 Urbis,
635 2382 887 2438 consulibus,
905 2383 1134 2441 capitaneis
1157 2387 1198 2427 et
1218 2383 1331 2427 omni
1351 2382 1508 2441 populo
1522 2383 1723 2441 Romano,
1743 2388 1831 2428 tam

275 2460 506 2505 minoribus
537 2473 662 2517 quam
693 2460 935 2516 maioribus,
967 2461 1146 2517 gratiam
1177 2474 1296 2504 suam
1317 2465 1359 2505 et
1377 2461 1529 2505 bonam
1558 2461 1830 2506 voluntatem.

393 2537 495 2583 Post
522 2537 706 2582 reditum
734 2541 925 2581 nostrum
955 2538 980 2582 a
1003 2538 1347 2596 Ierosolymitana
1376 2538 1640 2596 expeditione
1668 2538 1832 2583 litteras

276 2616 562 2660 universitatis
592 2618 757 2659 vestrae
786 2615 1026 2671 frequenter
1055 2617 1303 2674 accepimus,
1338 2617 1384 2660 in
1414 2615 1562 2673 quibus
1592 2616 1832 2661 contineba-

275 2697 359 2749 tur,
390 2697 546 2751 quanto
575 2692 674 2737 fidei
704 2705 752 2736 ac
779 2692 1010 2737 devotionis
1031 2693 1168 2737 studio
1188 2707 1265 2751 pro
1286 2707 1487 2752 personae
1507 2698 1676 2738 nostrae
1695 2694 1832 2750 digni-

275 2774 362 2815 tate
398 2770 665 2829 provehenda
700 2772 743 2814 et
775 2770 943 2827 imperii
973 2770 1150 2815 Romani
1179 2774 1293 2815 statu
1321 2771 1583 2816 reformando
1612 2770 1843 2816 indefessis

372 2869 400 2891 a.
428 2861 466 2891 ad
488 2870 525 2891 ue
548 2872 572 2890 c.

373 2918 404 2953 1.
430 2870 689 2954 ngmannum.
786 2917 820 2952 2.
844 2915 1059 2953 Ortliebum.
1156 2919 1189 2954 3.
1217 2917 1463 2954 wilhelmum.
