1924 3288
535 177 734 208 wmALm
762 175 1012 207 EPISTOLAE
1039 173 1109 205 209.
1136 172 1207 204 210.
1564 160 1651 206 329

93 274 236 320 anima
269 286 365 318 mea
401 273 571 318 turbata
610 275 675 317 est
710 271 852 326 valde3
894 274 958 316 set
995 271 1131 329 pietas
1169 269 1451 314 miserationis
1488 272 1652 314 vestrae
1677 271 1796 309 1149?

92 353 353 412 requiescere
381 352 506 396 modo
536 366 605 396 me
635 351 736 395 fecit
754 364 839 394 non
859 349 1082 394 modicum.
1122 347 1243 392 Unde
1264 347 1418 392 vitulos
1444 347 1654 392 labiorum

92 426 483 478 meorumimmolo
511 430 601 474 Deo
634 432 676 474 et
704 428 923 473 immolare
952 441 1037 471 non
1068 426 1237 471 cessabo
1267 440 1344 492 pro
1373 426 1656 484 prosperitate

93 513 248 567 vestra,
270 512 327 553 -ut
353 508 507 553 vivatis
537 507 716 552 feliciter
747 510 790 551 et
818 506 1007 561 valeatis,
1040 508 1082 549 et
1101 508 1264 562 cuncta,
1297 519 1402 563 quae
1420 504 1655 561 intenditis,

95 589 122 634 a
149 587 240 634 Deo
269 600 472 646 prospere
502 586 737 642 dirigantur
766 585 812 628 in
842 584 1036 628 manibus
1067 583 1231 627 vestris.

98 779 215 827 210.
240 779 451 841 Wibaldus
470 777 733 823 Heithenrico
758 778 999 836 praeposito
1024 776 1300 833 Groninqensi
1326 776 1434 818 bona
1454 776 1660 834 quaedam

245 858 422 901 asserit’.
1442 852 1515 907 (M.
1542 853 1658 908 182.)

216 946 470 1002 wibaldus)
499 946 581 991 Dei
616 945 754 1002 gratia
783 943 1046 989 Corbeiensis
1078 942 1206 987 abbas
1237 943 1544 987 successoribus
1575 943 1661 987 suis

98 1028 145 1072 in
172 1028 435 1086 perpetuum.
557 1023 676 1069 Sicut
699 1022 826 1068 officii
848 1022 982 1066 nostri
1003 1024 1079 1078 est,
1111 1034 1207 1065 cum
1238 1021 1353 1065 omni
1383 1021 1662 1066 sollicitudine

101 1108 144 1150 et
178 1104 330 1149 timore
366 1103 448 1148 Dei
483 1116 552 1147 res
575 1102 711 1147 nobis
749 1101 931 1146 creditas
970 1100 1164 1144 ordinare
1210 1112 1259 1143 ac
1296 1099 1560 1157 dispensare,
1601 1099 1663 1143 ita

100 1182 396 1228 nichilominus
427 1181 482 1226 ad
512 1180 688 1225 eandem
718 1193 861 1224 curam
891 1179 1089 1237 pertinet,
1122 1191 1391 1235 quaecunque
1422 1178 1448 1221 a
1466 1177 1588 1222 nobis
1618 1178 1664 1221 in

102 1265 290 1320 tempore
321 1259 712 1305 amministrationis
741 1261 910 1302 nostrae
940 1259 1162 1313 geruntur,
1199 1255 1253 1299 ad
1282 1258 1547 1313 posterorum
1576 1270 1663 1301 me-

102 1339 302 1395 moriam,
339 1352 394 1382 ne
423 1351 500 1396 per
531 1337 783 1382 oblivionem
823 1338 896 1380 aut
924 1349 1001 1393 per
1030 1334 1333 1390 negligentiam
1365 1348 1482 1378 error
1513 1333 1665 1391 aliquis

104 1418 332 1474 oboriatur,
353 1416 509 1474 scripto
530 1415 830 1459 transmittere.
870 1413 1074 1465 Quocirca
1096 1413 1283 1456 omnium
1302 1411 1490 1456 fidelium
1510 1411 1667 1456 Christi

106 1499 148 1542 et
177 1495 403 1541 aecclesiae
431 1497 602 1539 nostrae
630 1492 880 1551 prudentiae
910 1495 1057 1536 notum
1089 1505 1179 1535 esse
1211 1490 1422 1547 volumus,
1463 1491 1574 1548 quod
1605 1492 1668 1535 di-

105 1575 237 1620 lectus
265 1572 378 1618 filius
406 1576 550 1617 noster
569 1570 886 1616 Heithenricusb
917 1570 1156 1628 prepositus
1186 1569 1433 1613 monasterii
1461 1570 1596 1613 nostri
1624 1570 1669 1613 in

108 1652 342 1709 Groninga⁰
373 1652 485 1696 inter
515 1650 679 1695 ceterad
709 1649 967 1706 gravamina,
1000 1661 1106 1705 quae
1137 1648 1218 1692 sibi
1249 1651 1292 1692 et
1321 1647 1547 1692 aecclesiae
1570 1662 1670 1692 suae

109 1745 163 1777 ex
193 1731 404 1776 communi
433 1729 603 1774 malicia
631 1728 779 1772 mundi
807 1727 1075 1782 incumbunt,
1113 1726 1193 1770 hoc
1226 1725 1348 1770 nobis
1379 1726 1669 1783 conquerendo

110 1810 330 1866 suggessit,
363 1808 474 1865 quod
504 1807 675 1864 quidam
704 1805 993 1849 ministerialis
1015 1808 1158 1849 noster
1178 1804 1295 1848 Hezo
1315 1805 1485 1848 nornine
1504 1808 1669 1862 partem

112 1888 216 1945 agri,
248 1887 320 1944 qui
349 1887 470 1930 iuxta
497 1884 672 1929 fluvium
690 1883 852 1927 Bodam
883 1883 987 1927 situs
1019 1886 1083 1927 est
1114 1886 1156 1926 et
1181 1896 1314 1939 usque
1336 1883 1390 1926 ad
1408 1886 1555 1926 nostra
1583 1882 1671 1927 fere

111 1970 303 2024 tempora
333 1964 492 2009 solebat
522 1976 613 2007 esse
643 1975 929 2020 compascuus,
962 1961 1117 2018 absque
1136 1960 1224 2004 ulla
1243 1960 1347 2004 iuris
1367 1961 1530 2005 ratione
1551 1974 1671 2005 occu-

112 2045 241 2103 pavit.
288 2043 424 2101 Super
455 2055 538 2099 qua
566 2054 613 2085 re
641 2054 718 2084 nos
758 2040 980 2095 diligenter
1011 2053 1037 2083 a
1067 2038 1326 2096 sapientibus
1366 2042 1408 2082 et
1438 2039 1671 2083 senioribus

113 2122 268 2167 nostris
298 2121 476 2166 veritate
505 2119 707 2176 inquisita
736 2118 1036 2176 comperimuS,
1075 2116 1186 2174 quod
1219 2116 1333 2160 idem
1364 2130 1463 2172 ager
1494 2117 1547 2160 ad
1576 2131 1672 2174 pre-

115 2200 296 2245 bendam
330 2199 511 2243 fratrum
557 2200 599 2241 et
637 2196 838 2240 ditionem
874 2195 1077 2253 prepositi
1117 2194 1273 2251 absque
1314 2194 1400 2238 ullo
1446 2194 1672 2239 dubietatis

117 2277 312 2336 scrupulo
348 2277 571 2335 pertineat.
642 2274 844 2318 Similiter
890 2274 941 2317 de
981 2273 1242 2328 molendinO,
1288 2273 1399 2330 quod
1434 2272 1672 2317 Wunnerus

117 2357 238 2401 iuxta
272 2355 418 2400 villam
454 2352 822 2409 Helmerikesdorp
860 2350 1135 2407 reedificavit,
1181 2351 1293 2407 quod
1337 2351 1463 2394 etiam
1503 2350 1674 2407 quidam

117 2435 244 2480 liber⁸
265 2433 444 2478 Hoierus
474 2430 662 2476 nomines
682 2430 773 2474 sine
802 2429 887 2473 ullo
918 2429 1022 2473 iuris
1054 2428 1251 2484 suffragio
1277 2429 1504 2483 detinebat,
1535 2429 1675 2472 veraci

120 2512 323 2557 relatione
353 2511 586 2555 didicimus.
632 2507 936 2552 Nichilominus
967 2507 1019 2551 de
1046 2521 1132 2551 11113
1158 2510 1288 2562 curte,
1321 2519 1427 2563 quae
1446 2506 1527 2550 fuit
1546 2506 1674 2550 Hein-

121 2591 198 2635 rici
227 2588 321 2634 Rufi
352 2589 403 2633 de
434 2587 683 2643 Groninga0,
714 2585 1000 2629 indubitanter
1030 2585 1311 2641 cognovimus.
1375 2584 1489 2635 Quae
1520 2584 1675 2640 omnia,

123 2668 247 2713 sicuti
274 2667 480 2711 veraciter
510 2666 564 2709 ad
593 2663 847 2722 prebendam
879 2663 1212 2718 congregationis
1244 2666 1286 2706 et
1306 2661 1359 2705 ad
1378 2675 1551 2705 manum
1580 2675 1675 2719 pre-

123 2746 251 2805 positi
287 2744 498 2803 pertinere
534 2742 838 2797 intelleximus,
884 2741 945 2784 sic
988 2754 1064 2798 per
1103 2742 1343 2798 presentem
1380 2739 1578 2796 paginam
1616 2739 1677 2784 eis

221 2850 249 2872 a.
275 2842 364 2871 Hanc
393 2840 528 2870 tabulam
555 2851 593 2870 ex
620 2839 781 2877 archetypo
809 2836 906 2867 edidit
931 2835 1053 2867 Erhard
1080 2837 1156 2877 Reg.
1174 2835 1310 2874 Westph,
1324 2836 1360 2866 11
1386 2835 1464 2866 Cod.
1486 2834 1560 2874 dipl.
1579 2846 1612 2874 p.
1626 2834 1676 2866 55.

125 2895 155 2926 b.
182 2893 368 2925 Hodenricus
389 2893 517 2924 Erhard.
603 2902 630 2923 c.
660 2892 813 2928 Gruninga
834 2890 904 2920 Erh.
990 2890 1019 2920 d.
1049 2890 1149 2920 cetera.
1176 2889 1291 2920 addidi
1315 2900 1354 2919 οι·
1380 2889 1515 2919 Ethardz‘
1538 2889 1677 2920 editione·

127 2957 154 2978 e.
181 2947 258 2978 liber
279 2947 393 2978 addidi
410 2959 449 2978 ex
469 2947 541 2978 Erh.
558 2947 630 2978 edit.
711 2944 732 2975 f.
753 2944 875 2975 minime
898 2955 922 2973 c.

1739 951 1832 988 1149

1689 1002 1754 1034 Oct.
1765 1018 1797 1023 -
1812 1001 1886 1032 Dec.
