1924 3288
537 203 737 236 wmALm
766 203 1015 236 131³1s'r0LAn
1044 203 1166 236 ease.
1552 192 1636 237 145

69 296 222 354 gaudio
255 296 302 342 in
330 298 504 356 proprio
537 313 637 344 suae
667 299 885 356 dignitatis
917 303 1031 344 statu
1061 300 1116 344 ad
1145 312 1223 344 sua
1251 300 1530 355 revertentes,
1569 313 1635 344 re·
1673 302 1765 339 114⁷

69 374 205 420 ditum
241 375 377 434 patris
415 377 550 421 nostri
586 390 681 422 cum
710 378 967 422 iocunditate
999 381 1221 436 expectent
1251 380 1294 422 et
1322 377 1478 421 nostris
1511 380 1636 434 atque

67 453 188 510 regni
222 454 578 512 oportunitatibus
609 455 796 500 debitum
825 455 924 501 fidei
955 460 997 501 et
1027 456 1192 501 consilli
1222 454 1414 500 effectum
1447 469 1636 500 accomo-

70 531 183 577 dent.
290 532 471 578 Ducissa
501 547 666 591 quoque
695 533 894 579 Poloniae
907 532 930 590 ¹,
962 538 1108 579 nostra
1139 534 1282 590 amita,
1313 537 1405 578 tum
1433 547 1511 592 per
1542 548 1636 578 sen-

67 610 246 656 tentiam
275 612 740 668 excommunicationis,
781 626 886 669 quae
922 613 948 656 a
977 613 1096 656 vobis
1127 613 1171 656 in
1201 613 1341 670 ipsam
1369 612 1638 670 promulgata

67 688 162 746 fuit,
191 691 284 734 tum
301 703 379 748 per
399 689 634 735 absentiam
652 691 795 754 patris¹
808 690 956 747 nostri,
983 691 1049 734 sui
1068 691 1213 748 utique
1233 691 1394 735 domini
1415 694 1457 735 et
1476 691 1635 747 fratris,

67 767 156 813 vim
190 767 351 826 patitur
388 771 431 813 et
468 768 520 813 de
557 771 671 814 terra
709 783 787 814 sua
817 772 860 813 et
890 769 941 813 de
971 769 1128 814 honore
1160 770 1226 813 sui
1257 770 1433 814 ducatus
1465 769 1637 814 exulare

68 845 242 902 cogitur.
296 845 432 904 Super
470 861 554 904 qua
590 861 638 892 re
673 850 816 892 vestra
852 847 1049 892 discretio
1088 848 1194 892 bene
1224 848 1467 892 meminisse
1497 848 1634 903 debet,

70 923 182 982 quod
226 927 350 983 pater
384 928 529 970 noster
567 926 744 970 eandem
785 939 974 970 sororem
1011 940 1131 970 suam
1169 926 1417 970 cancellario
1458 929 1598 970 vestro
1607 922 1635 981 ²,

68 1003 160 1047 viro
197 1003 344 1061 utique
378 1004 561 1062 sapienti
592 1007 634 1049 et
663 1004 838 1049 honesto
868 1004 1072 1061 nobisque
1102 1004 1348 1060 karissimo,
1388 1005 1434 1048 in
1464 1017 1637 1048 manum

69 1081 280 1126 commisit
323 1085 366 1127 et
409 1096 488 1140 per
534 1097 630 1127 eum
667 1086 832 1127 vestrae
871 1082 1110 1127 celsitudini
1147 1083 1287 1140 ipsam
1326 1085 1485 1126 attente
1524 1095 1637 1126 com-

68 1160 298 1217 mendavit,
333 1163 382 1205 ut
410 1161 607 1205 videlicet
638 1161 692 1205 ad
721 1161 811 1206 eius
841 1161 1152 1206 restitutionem
1182 1160 1433 1205 clementem
1463 1174 1638 1217 operam

70 1237 269 1284 adhibere
299 1239 540 1295 dignemini.
639 1238 935 1284 Corbeiensem
966 1253 1130 1296 quoque
1161 1239 1356 1283 abbatem
1380 1238 1636 1294 Wibaldum,

68 1320 262 1361 nostrum
290 1317 436 1375 utique
467 1320 509 1362 et
538 1318 659 1374 regni
687 1318 824 1362 nostri
852 1317 1032 1374 fidelem,
1063 1318 1159 1375 pari
1189 1317 1408 1373 diligentia
1438 1319 1480 1360 et
1508 1316 1638 1360 simili

70 1395 209 1439 studio
246 1395 294 1439 in
329 1409 502 1440 manum
540 1396 722 1454 predicti
761 1395 1002 1440 cancellarii
1031 1396 1162 1441 vestri
1191 1409 1268 1453 per
1298 1409 1472 1439 manum
1502 1394 1639 1438 incliti

69 1473 208 1531 patris
234 1474 370 1518 nostri
393 1473 706 1532 presentialiter
725 1474 1009 1531 commissum,
1040 1478 1206 1519 vestrae
1225 1474 1541 1518 mansuetudini
1561 1487 1638 1516 nos

71 1564 236 1608 quoque
265 1553 619 1609 commendamus,
650 1556 699 1596 111
727 1567 822 1597 611111
841 1553 888 1596 111
908 1553 1023 1597 0111111
1042 1553 1293 1597 necessitate
1315 1566 1392 1596 sua
1412 1551 1640 1596 clementer

69 1629 314 1687 protegatis,
347 1634 389 1676 et
417 1631 617 1690 precipue
643 1631 689 1674 in
709 1631 869 1675 duabus
901 1631 1123 1676 abbatiolis
1155 1631 1406 1687 obtinendis,
1444 1630 1640 1674 videlicet

69 1707 296 1753 Kaminata
333 1711 375 1753 et
403 1709 612 1754 Visbioke.
668 1708 783 1761 Quae
820 1709 919 1766 quia
954 1710 1042 1754 fere
1079 1709 1290 1767 collapsae
1328 1712 1370 1753 et
1401 1709 1638 1753 destructae

71 1790 193 1830 erant
219 1790 310 1831 tam
338 1787 384 1831 in
414 1788 617 1844 religione
649 1801 776 1844 quam
805 1787 851 1830 in
880 1788 1237 1844 possessionibus,
1272 1787 1637 1831 mansuetissimus

70 1867 192 1922 pater
229 1868 373 1909 noster
410 1879 480 1909 eas
519 1864 763 1910 Corbeiensi
798 1865 1054 1909 monasterio
1093 1868 1135 1909 et
1171 1866 1334 1923 prefato
1374 1865 1516 1909 abbati
1547 1865 1638 1908 iure

71 1942 352 2000 proprietario
399 1942 596 1999 contulit,
646 1942 842 2000 quatinus
886 1957 965 2001 per
1007 1943 1143 2000 ipsius
1179 1944 1434 1987 industriam
1471 1943 1637 1986 divinus

69 2019 227 2065 ibidem
265 2020 365 2065 ordo
404 2021 655 2066 reformetur
693 2024 755 2077 et,
792 2021 1126 2078 possessionibus
1161 2021 1394 2065 recollectis
1437 2035 1543 2078 quae
1574 2021 1638 2064 di-

72 2111 242 2156 spersae
279 2102 378 2143 sunt
418 2102 543 2157 atque
581 2099 854 2156 conservatis,
894 2099 987 2144 loca
1015 2100 1199 2158 penitus,
1229 2103 1278 2143 ut
1308 2103 1522 2158 ceperant,
1552 2113 1638 2142 non

71 2175 354 2222 destruantur.

75 2317 156 2366 69.
190 2321 464 2365 Bernhardus
512 2322 726 2378 episcopus
772 2321 1134 2365 Hildesheimensis
1170 2322 1364 2381 Euyenio
1395 2322 1471 2366 III
1493 2337 1638 2379 papae

192 2399 425 2443 Wibaldum
456 2400 723 2442 commendat.
1449 2397 1523 2452 (M.
1546 2398 1636 2452 57.)

189 2487 433 2533 Reverendo
463 2488 578 2546 patri
608 2501 657 2531 ac
687 2487 855 2531 domino
887 2501 962 2531 suo
993 2491 1163 2533 sanctae
1190 2488 1404 2532 Romanae
1439 2488 1638 2532 ecclesiae

0 2550 5 2554 ³
72 2579 235 2610 summo
275 2566 464 2623 pontifici
501 2565 690 2622 Eugenio
735 2564 1037 2620 B(ernhardus)
1069 2566 1150 2610 Dei
1190 2566 1327 2621 gratia
1363 2565 1638 2608 Hildeneshe-
1663 2552 1678 2573 ⁰

71 2644 229 2688 mensis
269 2644 468 2688 ecclesiae
505 2644 675 2688 humilis
713 2643 907 2687 minister
942 2646 1031 2687 tam
1070 2644 1265 2688 devotam
1296 2657 1423 2700 quam
1454 2642 1639 2686 debitam

73 2722 187 2780 patri
216 2722 510 2767 obedientiam.

191 2799 540 2845 Commendamus
573 2799 789 2844 serenitati
819 2802 984 2842 vestrae
1016 2798 1215 2843 dilectum
1244 2798 1420 2842 fratrem
1446 2801 1638 2842 nostrum

72 2876 314 2923 Wibaldum
344 2878 543 2924 ecclesiae
573 2877 837 2922 Corbeiensis
869 2877 1087 2934 abbatem,
1119 2877 1258 2922 virum
1288 2877 1388 2921 boni
1419 2877 1532 2934 apud
1561 2889 1637 2921 nos

168 2967 200 3003 1.
227 2966 366 3014 Agnes,
391 2978 484 3004 uxor
507 2966 701 3004 wladislai
725 2965 841 3002 ducis.
939 2966 973 3002 2.
1000 2965 1174 3003 Guidoni.

131 3031 235 3067 Jnn',
257 3034 446 3063 Bibliotheca
466 3035 489 3063 1.
1284 3031 1330 3067 10

1659 351 1779 383 aneo.

1676 2493 1768 2529 1147
