1924 3288
520 196 719 228 erALm
747 194 996 227 EP1sT0LAE
1026 194 1097 225 281.
1121 193 1192 225 282.
1551 182 1639 226 409

76 293 187 339 Nam
215 292 548 338 devastationem
569 294 753 336 vestram
780 294 822 335 et
840 291 965 335 huius
986 290 1114 335 castri
1135 290 1462 335 destructionem
1492 290 1641 334 honori

1702 294 1796 330 1150

1663 344 1718 375 Iul.
1730 354 1775 375 ex.
1792 360 1825 365 —-

76 374 221 417 nostro
252 370 506 416 contrariam
537 383 628 414 esse
658 384 743 414 non
775 370 1046 426 ambigimus3
1080 371 1122 413 et
1153 368 1341 426 quisquis
1372 369 1452 413 hoc
1482 369 1642 413 malum
1675 386 1814 427 Septin.

77 449 381 506 disseminavit,
414 462 509 494 eum
540 452 686 492 contra
715 449 976 493 voluntatem
1005 451 1196 492 nostram
1225 447 1388 504 fecisse,
1420 451 1642 504 cognoscet

77 531 169 573 tota
198 528 332 572 Italia.
380 527 429 571 In
458 527 664 585 proximis
697 528 808 571 enim
840 527 943 571 duos
974 527 1186 584 principes
1207 527 1327 583 regni
1347 527 1495 583 nostri,
1527 527 1640 571 viros

80 606 248 665 quidem
280 607 482 651 discretos
515 609 556 650 et
585 619 763 662 magnae
794 606 1070 662 auctoritatis,
1104 605 1298 670 abbatem
1324 605 1520 650 videlicet
1541 605 1642 650 Cor-

80 686 292 732 beiensem
315 688 357 730 et
375 684 645 740 A(rnoldum)
668 684 963 729 cancellarium
982 687 1126 728 nostre
1156 677 1282 728 curie’
1292 684 1345 728 ad
1363 687 1507 742 partes
1527 685 1643 742 ipsas

78 764 426 819 transmittimus;
465 763 538 820 qui
573 763 743 820 negotia
777 766 920 807 vestra
957 763 1009 807 de
1047 776 1151 820 pace
1188 777 1240 807 ex
1269 766 1414 807 nostro
1445 766 1643 822 precepto

79 844 126 888 in
146 842 297 888 melius
319 842 648 898 commutabunt,
682 845 724 887 et
744 842 795 886 de
817 842 959 899 pueris
982 842 1132 886 vestris
1153 842 1451 899 recuperandis
1473 856 1645 900 operam

81 921 251 967 dabunt.
298 920 409 974 Quos
439 934 517 979 per
547 921 689 964 omnia
719 920 978 964 honorabitis
1010 922 1052 964 et
1082 920 1221 964 verbis
1253 934 1399 964 eorum
1428 924 1646 978 tamquam

80 1013 259 1059 persone
288 1002 432 1044 nostre
462 998 589 1043 fidem
621 999 787 1043 dabitis.
832 998 890 1042 Ut
919 998 1092 1042 interim
1111 1012 1211 1043 vero
1234 999 1340 1043 bene
1359 1013 1434 1043 vos
1455 1000 1645 1044 habeatis

82 1082 124 1124 et
151 1078 332 1123 viriliter
351 1092 428 1136 pro
450 1081 586 1123 castro
608 1081 752 1122 nostro
774 1078 908 1134 stetis,
940 1077 1132 1121 volumus
1159 1080 1200 1121 et
1220 1078 1296 1121 sub
1319 1078 1491 1122 obtentu
1511 1079 1646 1135 gratie

80 1160 224 1202 nostre
253 1157 372 1202 vobis
402 1157 671 1215 precipimus.
720 1156 973 1213 Quecunque
993 1170 1092 1200 vero
1115 1156 1183 1201 vel
1205 1170 1387 1214 persona
1406 1157 1474 1201 vel
1497 1158 1646 1202 civitas

81 1235 303 1280 consilium
334 1239 377 1280 et
406 1235 610 1280 auxilium
640 1235 758 1279 vobis
789 1235 1046 1293 prestiterit,
1077 1249 1175 1279 nam
1207 1249 1351 1279 omnes
1382 1236 1646 1280 maiestatem

81 1318 270 1359 nostram
307 1313 514 1360 offendere
523 1321 551 1371 ⁸,
594 1314 760 1359 facilius
798 1314 934 1370 gratie
970 1316 1113 1359 nostre
1151 1314 1421 1359 serenitatem
1459 1315 1647 1360 obtinere

80 1393 248 1452 poterit.

85 1589 203 1639 282.
227 1592 439 1636 Wibaldus
458 1592 644 1635 Arnoldo
669 1593 910 1650 praeposito
935 1592 1166 1636 Coloniensi
1196 1600 1234 1635 et
1255 1593 1500 1636 cancellario
1522 1594 1649 1651 siyni-

223 1672 342 1733 fleat,
378 1686 421 1714 se
451 1678 588 1714 tamen
618 1677 676 1713 tot
703 1671 897 1728 impensis
926 1671 1109 1714 toleratis
1138 1672 1382 1729 leyationem
1412 1672 1650 1714 Romanam

228 1756 511 1807 suscepturum
540 1765 635 1792 esse.
1433 1748 1506 1801 (M.
1530 1749 1648 1803 261.)

204 1838 431 1883 Carissimo
463 1837 631 1881 domino
664 1840 706 1881 et
737 1837 871 1882 amico
892 1851 966 1881 suo
987 1837 1209 1892 A(rnoldo)
1231 1838 1462 1882 venerabili
1482 1843 1651 1885 sanctae

84 1917 344 1963 Coloniensis
375 1916 575 1961 ecclesiae
610 1915 785 1959 maiorib
815 1916 1030 1974 preposito
1058 1917 1199 1972 regiae
1231 1918 1371 1961 curiae
1402 1918 1650 1962 cancellario

83 1997 214 2040 frater
248 1994 500 2050 W(ibaldus)
540 1994 622 2038 Dei
658 1994 796 2050 gratia
834 1994 898 2051 id,
937 1994 1048 2052 quod
1089 1998 1152 2039 est
1188 1995 1233 2038 in
1272 1995 1474 2040 aecclesia
1508 1996 1650 2041 catho-

84 2074 179 2132 lica,
210 2088 255 2118 se
284 2074 427 2131 ipsum
457 2076 499 2118 et
528 2087 606 2117 sua
633 2074 841 2117 universa.

205 2151 324 2197 Sicut
367 2152 479 2209 apud
515 2154 700 2196 vestram
745 2152 1036 2196 celsitudinem
1076 2166 1128 2196 ex
1164 2155 1286 2209 parte
1325 2151 1649 2210 deploravimus,

86 2231 188 2275 satis
220 2230 397 2274 dolendo
427 2230 644 2286 miramur,
675 2234 818 2274 utrum
850 2244 902 2274 ex
934 2231 1073 2274 animo
1105 2230 1363 2275 serenissimi
1385 2233 1560 2294 augusti
1580 2233 1649 2289 sit,

88 2323 142 2353 an
173 2322 225 2353 ex
256 2322 420 2363 eorum,
453 2308 525 2364 qui
554 2308 789 2365 principem
819 2309 984 2352 consilii
1012 2309 1150 2353 locum
1181 2310 1293 2367 apud
1322 2310 1463 2367 ipsum
1493 2314 1650 2367 tenent,

88 2387 352 2443 suggestione
381 2385 468 2441 fiat,
501 2386 611 2442 quod
642 2386 813 2430 divitiae
842 2390 1011 2431 nostrae
1040 2390 1183 2432 tantae
1215 2391 1258 2432 et
1276 2391 1364 2432 tam
1386 2389 1550 2446 amplae
1571 2389 1652 2433 sibi

89 2466 321 2510 videantur.
382 2464 525 2508 Primo
562 2464 675 2507 enim
704 2468 802 2521 post
830 2466 1011 2510 reditum
1044 2480 1166 2510 suum
1179 2463 1190 2483 ¹
1220 2466 1337 2510 misit
1366 2467 1486 2510 nobis
1517 2467 1651 2523 Roge-

88 2544 200 2587 rium
237 2543 290 2587 de
319 2542 498 2598 Ariana,
537 2546 586 2586 ut
623 2542 661 2586 ei
692 2546 828 2587 vestes
862 2547 904 2587 et
934 2558 1051 2587 arma
1079 2558 1156 2602 pro
1189 2558 1289 2588 suae
1320 2544 1554 2588 dilectionis
1585 2560 1651 2590 re-

89 2621 278 2665 verentia
307 2622 596 2679 preberemus3
630 2621 740 2677 quod
769 2634 846 2666 nos
878 2622 1064 2665 studiose
1092 2622 1306 2678 facientes,
1338 2637 1422 2666 non
1446 2625 1651 2668 minorem

91 2713 217 2756 quam
245 2699 396 2755 viginti
425 2713 662 2744 marcarum
694 2712 921 2756 expensam
950 2699 1137 2743 fecimus.
1184 2700 1347 2744 Deinde
1378 2702 1515 2744 vocati
1535 2703 1651 2745 veni-

1724 1846 1817 1882 1150

1674 1896 1750 1934 Aug.
1763 1906 1808 1926 ex.
1825 1912 1857 1916 -

1703 1938 1786 1977 Sept.
1796 1938 1837 1969 in.

1677 2474 1768 2511 1149

90 2791 184 2821 mus
215 2778 268 2821 ad
294 2778 454 2821 curiam
474 2778 789 2822 Frankenevort
808 2780 954 2821 nostra
974 2780 1016 2820 et
1037 2782 1178 2823 vestra
1199 2793 1382 2837 expensa
1401 2792 1485 2822 non
1505 2793 1649 2836 parva.
1675 2793 1750 2833 Aug.
1763 2794 1801 2826 15

187 2905 215 2927 a.
241 2898 286 2928 sic
308 2897 395 2934 αἰκὲς
418 2909 459 2927 an
480 2899 586 2929 contra
606 2907 711 2929 omnes
732 2897 921 2929 maiestatem
942 2899 1077 2929 nostram
1098 2898 1305 2930 offendentes?
1388 2898 1418 2929 b.
1439 2898 1603 2930 venerabili
1625 2912 1652 2931 c.

187 2966 222 3003 1.
245 2966 509 3014 Hierosolyma.
