1924 3288
555 204 755 235 WIBALDI
783 203 1034 236 EP1s⁷r0LAE
1061 203 1133 236 445.
1155 203 1227 235 446.
1593 194 1679 238 577

108 295 228 343 445.
253 297 544 343 Wichmannus
575 300 908 359 archiepiscopus
927 301 1296 359 Maydeburyensis
1316 301 1504 345 Wibaldo
1538 302 1589 344 de
1612 318 1681 345 su-

248 378 419 435 periore
451 379 623 436 epistola
652 379 872 439 siqniflcat.
1464 377 1537 433 (Μ.
1560 379 1680 433 415.)

226 465 559 522 W(ichmannus)
597 467 679 511 Dei
723 468 861 523 gratia
898 466 1296 524 Magadeburgensis
1342 467 1681 526 archiepiscopus

108 543 260 589 dilecto
296 545 343 588 in
373 544 540 589 Christo
577 546 700 589 fra-tri
733 545 962 602 W(ibaldo)
994 546 1225 591 venerabili
1256 545 1501 591 Corbeiensi
1540 546 1683 591 abbati

107 622 341 667 fraternum
372 636 468 667 cum
500 624 758 668 orationibus
790 624 1049 681 obsequium.

228 700 364 758 Super
401 702 570 757 negotio
600 705 740 746 vestro
780 702 882 758 quid
919 703 1040 747 nobis
1074 716 1099 747 a
1129 702 1282 747 domno
1313 716 1427 761 papa
1457 703 1514 747 sit
1542 703 1683 747 iniun-

109 781 236 835 ctum,
269 779 421 822 domno
447 779 642 837 episcopo
665 779 1006 837 Osenbruggensi
1029 781 1294 838 scripsimus3
1329 781 1463 838 eique,
1494 784 1543 824 ut
1563 795 1684 825 suam

108 857 228 902 nobis
258 859 517 915 presentiam
547 858 593 901 in
613 858 834 915 Mersburg
865 859 1061 904 exhibeat
1084 862 1139 904 10
1158 860 1252 904 Kal.
1274 860 1510 916 Februarii,
1542 863 1684 904 aucto-

109 936 235 980 ritate
273 936 504 994 apostolica
539 937 813 981 iniunximus.
877 937 996 990 Quod
1032 938 1126 982 ideo
1158 939 1469 983 fraternitatem
1498 941 1685 982 vestram

109 1014 301 1059 volumus
333 1016 453 1071 scire,
485 1029 539 1060 ne
571 1019 667 1059 ante
699 1015 811 1060 diem
841 1016 1183 1073 prenominatum
1211 1017 1420 1062 festinetis
1450 1017 1608 1062 venire.

110 1156 230 1204 446.
256 1160 468 1204 Wibaldus
499 1177 525 1204 a
546 1159 763 1203 Friderico
784 1161 815 1204 I
835 1162 1086 1219 imperatore
1110 1162 1228 1219 petit,
1261 1169 1307 1204 ut
1334 1163 1384 1205 de
1404 1162 1687 1206 Nortlandiae

260 1239 427 1282 decimis
456 1255 532 1282 sua
564 1255 690 1283 causa
710 1240 977 1283 Wichmarmo
1005 1239 1313 1298 archiepiscopo
1337 1241 1688 1298 Maydebarqensi

258 1318 420 1360 scribat.
485 1318 681 1371 Quericur
718 1319 768 1361 de
798 1317 1041 1361 Widekindo
1077 1318 1127 1360 de
1160 1317 1436 1375 Sualenbery,
1481 1318 1688 1362 Thiderici

260 1397 416 1438 comitis
439 1411 703 1453 percussore,
745 1403 783 1439 et
813 1397 863 1439 de
895 1397 1040 1439 comite
1074 1396 1446 1454 Telceneburyensi,
1486 1398 1688 1440 bonorum

262 1474 563 1517 Corbeiensiam
593 1475 794 1517 invasore.
1470 1472 1542 1528 (Μ.
1565 1474 1686 1529 412.)

231 1562 379 1606 Inclito
409 1563 710 1621 triumphatori
741 1566 783 1607 et
813 1562 995 1618 glorioso
1028 1562 1198 1607 domino
1228 1576 1303 1607 suo
1335 1562 1584 1619 F(riderico)
1606 1564 1688 1608 Dei

111 1640 248 1696 gratia
277 1640 563 1685 Romanorum
592 1641 840 1698 imperatori
871 1644 1070 1698 augusto,
1104 1655 1129 1685 a
1158 1640 1249 1685 Deo
1281 1644 1501 1699 coronato,
1532 1657 1686 1699 magno

113 1722 156 1763 et
177 1718 365 1776 pacifico,
395 1720 526 1763 frater
546 1718 800 1774 W(ibaldus)
823 1719 904 1763 Dei
925 1720 1062 1775 gratia
1091 1719 1149 1775 id,
1183 1720 1293 1776 quod
1324 1723 1389 1764 est
1418 1720 1464 1764 in
1485 1721 1688 1766 aecclesia

113 1796 338 1852 catholica,
372 1797 416 1840 in
449 1811 496 1841 eo
527 1797 738 1854 imperare
769 1800 811 1841 et
840 1811 1031 1853 regnare,
1064 1798 1136 1854 qui
1166 1797 1240 1841 dat
1270 1798 1449 1842 salutem
1479 1800 1649 1855 regibus
1663 1797 1685 1843 ¹.

231 1874 351 1919 Licet
394 1889 537 1919 rerum
574 1879 812 1919 vestrarum
857 1878 1015 1919 statum
1060 1878 1102 1919 et
1138 1876 1412 1920 victoriarum
1449 1880 1687 1921 vestrarum

113 1953 291 2010 gloriam
321 1967 397 2010 per
429 1954 735 1997 sacratissimos
768 1953 918 1997 affatus
940 1956 1101 1997 vestros
1133 1967 1384 2009 cognoscere
1415 1968 1500 1998 non
1521 1969 1686 2000 merue-

113 2032 260 2087 rimus,
291 2034 454 2087 tamen,
491 2031 689 2088 quoniam
718 2031 832 2075 fama
861 2032 1089 2087 referente,
1122 2045 1228 2089 quae
1258 2032 1495 2076 interdum·
1526 2034 1689 2078 incerta

114 2123 191 2167 pro
220 2109 330 2153 veris
361 2123 561 2166 spargere
592 2109 711 2166 solet,
744 2109 795 2153 de
826 2110 1029 2167 sospitate
1060 2113 1102 2153 et
1131 2111 1413 2168 prosperitate
1433 2114 1574 2155 vestra
1593 2126 1688 2156 ver-

114 2187 214 2232 bum
244 2188 414 2243 bonum,
446 2187 620 2231 verbum
641 2187 967 2232 consolatorium
988 2188 1238 2245 accepimus,
1271 2189 1460 2232 omnium
1480 2189 1687 2234 bonorum

114 2265 307 2322 largitori
354 2265 525 2309 devotas
571 2269 614 2309 et
651 2266 841 2310 assiduas
879 2269 1019 2322 grates
1057 2266 1299 2320 referimus3
1346 2267 1527 2325 supplici
1562 2282 1687 2325 prece

116 2357 212 2388 cum
241 2344 422 2387 fratrum
452 2346 692 2387 nostrorum
722 2343 897 2399 collegio
922 2344 1004 2388 Dei
1034 2345 1368 2388 misericordiam
1399 2345 1686 2403 deprecantes,

115 2425 164 2465 ut
192 2422 311 2466 vobis
349 2421 547 2476 longevos
587 2421 676 2465 dies
714 2422 874 2466 tribuat
912 2425 954 2466 et
992 2423 1162 2466 eosdem
1201 2436 1366 2480 semper
1400 2424 1447 2467 in
1477 2438 1554 2468 sua
1583 2438 1687 2482 pace

116 2499 294 2543 feliciter
325 2499 523 2556 disponat
554 2502 596 2543 et
626 2513 770 2543 omnes
800 2499 994 2543 inimicos
1025 2504 1186 2545 vestros
1217 2501 1295 2545 sub
1325 2501 1504 2558 pedibus
1533 2502 1686 2547 vestris

117 2576 309 2621 celeriter
339 2579 539 2620 conterat.

238 2654 509 2710 Suggerimus
541 2657 681 2698 autem
712 2655 929 2698 serenitati
958 2658 1137 2711 vestrae,
1175 2656 1286 2712 quod
1318 2655 1686 2712 Osnebruggenses

120 2732 306 2790 episcopi
335 2732 538 2789 quasdam
559 2732 855 2776 decimationes
877 2746 962 2776 non
982 2747 1137 2790 parvae
1156 2733 1353 2777 utilitatis
1373 2734 1419 2777 in
1438 2734 1688 2779 Nortlandia

121 2809 363 2855 Corbeiensi
384 2810 608 2854 aecclesiae
628 2810 714 2853 iam
734 2824 809 2867 per
830 2810 956 2866 longa
975 2814 1166 2868 tempora
1187 2811 1462 2856 abstulerunt.
1500 2812 1548 2856 In
1569 2813 1686 2857 cuius

216 2914 242 2935 a.
269 2905 420 2936 interdum
442 2905 595 2936 interdum
617 2906 685 2936 cod.

216 2963 248 2998 1.
273 2964 332 2999 ΡΒ.
352 2964 430 3009 143,
453 2964 508 2999 10.

190 3027 294 3062 «Iuni,
317 3029 506 3058 Bibliotheca
527 3030 550 3058 1.
1355 3047 1401 3084 37

1723 473 1817 509 1156

1707 524 1834 554 exeunte

1731 1575 1824 1611 1156

1710 1626 1836 1656 exeunte
