1924 3288
593 216 793 248 wrssALm
820 215 1042 248 EPISTOLA
1072 214 1141 246 138.
1563 203 1648 247 217

82 315 198 373 ipsos
230 312 391 370 facere,
429 315 557 371 prout
588 312 771 370 Spiritus
802 315 971 356 sanctus
1002 312 1048 356 in
1078 309 1254 356 articulo
1285 310 1488 368 temporis
1521 310 1649 367 dedit,

83 393 135 438 de
179 392 382 448 karitate,
435 392 487 436 de
533 391 793 447 obedientia,
841 391 893 434 de
937 390 1175 435 humilitate
1219 403 1456 434 sermonem
1501 389 1650 434 habui-

82 484 189 515 mus.
311 470 400 523 Quo
436 471 682 526 terminato,
721 470 894 514 maioris
925 469 1172 513 monasterii
1202 469 1441 526 prepositus
1475 483 1649 525 surgens

83 549 226 605 egredi
254 548 422 593 volebat
456 549 510 593 ad
538 547 855 592 Louthewicum
886 548 1083 592 comitem
1102 547 1388 604 regionarium
1409 551 1452 592 et
1472 548 1526 592 ad
1547 548 1651 593 alios

83 627 287 685 quosdam
323 627 465 672 laicos.
515 626 588 671 Set
617 630 805 671 retentus
837 630 902 670 est
933 641 958 670 a
986 627 1127 682 nobis,
1166 626 1348 670 multum
1378 627 1651 672 suadentibus

83 709 127 751 et
154 706 408 764 petentibus,
448 709 496 749 ut
526 719 620 749 cum
651 705 853 748 fratribus
885 705 986 761 suis,
1020 706 1092 762 qui
1121 706 1166 748 in
1196 708 1386 762 tempore
1418 706 1652 751 discordiae

83 784 135 829 de
164 785 420 829 monasterio
452 784 610 840 egressi
639 783 708 827 vel
738 783 860 827 eiecti
884 784 1065 839 fuerant,
1096 784 1141 827 in
1163 784 1429 828 concordiam
1449 785 1651 842 redirent,

82 866 150 918 ut,
189 863 228 906 si
257 862 308 906 de
339 862 540 906 electione
572 862 781 917 agendum
819 865 950 918 esset,
989 862 1027 905 is
1067 862 1119 906 ab
1151 863 1344 906 omnibus
1376 865 1654 909 communiter

84 939 321 997 eligeretur,
354 941 426 998 qui
457 940 650 984 omnibus
680 954 852 997 preesse
883 940 1064 984 deberet.
1112 940 1495 985 Dissimulabamus
1527 943 1652 999 enim,

85 1019 196 1077 quod
234 1032 405 1063 causam
444 1018 612 1063 differre
648 1018 871 1074 vellemus,
911 1019 1043 1063 donec
1079 1019 1188 1063 forte
1218 1020 1263 1062 in
1293 1020 1483 1077 ipsorum
1512 1021 1653 1065 verbis

83 1097 151 1142 vel
179 1111 227 1142 re
258 1097 417 1155 aliquid
447 1101 594 1155 aptum
626 1100 668 1141 et
690 1097 957 1141 commodum
977 1098 1167 1142 invenire
1187 1111 1422 1155 possemus,
1455 1113 1536 1156 quo
1558 1100 1653 1144 abs-

85 1190 165 1234 que
201 1177 363 1221 invidia
400 1179 442 1221 et
477 1177 592 1233 odio,
638 1176 793 1220 infecto
832 1177 1000 1232 negotio
1047 1176 1369 1220 discederemus.
1493 1177 1652 1235 Itaque,

83 1255 204 1299 nobis
236 1255 397 1299 duobus
430 1258 471 1299 et
500 1255 702 1298 fratribus
735 1255 807 1311 qui
837 1255 1056 1299 nobiscum
1087 1258 1291 1299 venerant
1319 1256 1514 1312 remotis,
1555 1270 1654 1314 pro-

83 1334 172 1378 lixa
206 1334 510 1378 consultatione
539 1347 631 1377 rem
661 1333 707 1376 in
737 1336 903 1391 tempus
933 1337 1175 1390 traxerunt,
1214 1334 1503 1391 revocatisque
1533 1335 1654 1379 nobis

84 1413 130 1457 in
167 1413 397 1456 armarium
435 1412 639 1456 librorum
672 1415 714 1456 et
745 1412 944 1456 adhibitis
976 1426 1149 1456 suorum
1168 1413 1350 1456 fratrum
1380 1414 1549 1471 paucis,
1588 1428 1654 1458 re-

85 1491 363 1550 sponderunt,
413 1504 458 1534 se
495 1503 591 1534 cum
630 1491 789 1534 eisdem
825 1491 1048 1547 fratribus,
1088 1505 1166 1549 pro
1207 1491 1357 1548 quibus
1394 1492 1655 1537 intercedere

84 1569 348 1626 volebamus,
386 1568 651 1613 reconciliari
687 1583 773 1613 non
811 1583 956 1627 posse,
996 1570 1080 1613 nisi
1116 1570 1308 1614 ordinato
1338 1570 1457 1628 prius
1490 1571 1654 1627 abbate,

86 1648 158 1706 qui
189 1661 259 1693 eos
290 1661 460 1692 monere
491 1651 534 1692 et
563 1661 711 1703 cogere
744 1648 1007 1692 auctoritatis
1037 1649 1130 1692 iure
1160 1652 1317 1706 posset.
1365 1650 1425 1694 Et
1455 1652 1561 1708 qaid
1589 1650 1654 1693 in-

86 1740 212 1784 quam
251 1728 352 1771 laici
383 1728 594 1771 vobiscum
632 1728 683 1770 de
720 1729 898 1771 instanti
932 1730 1096 1785 neyotio
1129 1718 1417 1772 contulerant?
1523 1729 1653 1772 »Nut-

87 1807 172 1849 Zam
200 1806 397 1862 inquiunt
420 1821 651 1863 personam
682 1807 907 1864 obliqatam
939 1817 977 1851 et
1005 1810 1052 1851 in
1083 1808 1168 1851 alio
1199 1809 1451 1851 monasterio
1481 1809 1654 1851 ordina-

86 1893 172 1928 tam
209 1893 257 1928 ut
293 1899 574 1937 assumamus,
623 1885 877 1928 hortantem«
999 1886 1124 1929 Recte
1161 1886 1334 1942 inquam
1383 1895 1421 1929 et
1458 1889 1656 1930 canonice

86 1978 137 2006 ac
167 1964 217 2006 de
247 1978 365 2006 sacre
394 1963 563 2020 reqalae
583 1965 784 2006 sententia
803 1978 875 2006 vos
895 1973 1074 2007 monent.
1124 1963 1226 2007 Gam
1258 1967 1367 2008 enim
1390 1965 1513 2007 huius
1533 1980 1652 2008 mon-

87 2043 233 2085 asterii
263 2043 472 2099 possessio
504 2043 672 2098 pariter
704 2049 741 2084 et
776 2048 922 2084 sacra‘¹
952 2043 1119 2086 domino
1155 2051 1298 2086 nostro
1330 2044 1526 2100 pontifici
1564 2044 1653 2087 Ro-

21 2158 23 2160 .
86 2135 210 2163 mano
235 2122 466 2177 pertineat,
506 2121 544 2162 is
574 2120 691 2162 vobis
723 2120 935 2177 eliqendus
967 2123 1064 2174 erit,
1102 2123 1172 2164 cai
1200 2123 1425 2164 secundum
1455 2130 1656 2165 vetustam

90 2198 277 2242 coenobii
318 2200 447 2241 vestri
490 2199 735 2255 diqnitatem
779 2214 951 2241 manum
995 2201 1208 2256 imponere
1240 2202 1390 2257 possit.
1456 2199 1509 2243 Si
1547 2202 1656 2243 enim

89 2278 329 2320 ordinatum
368 2277 556 2319 abbatem
595 2277 767 2333 eliqz'tis,
812 2278 1042 2334 optandum
1071 2280 1217 2335 potius
1258 2293 1386 2335 quam
1423 2280 1654 2335 impetran-

89 2356 189 2398 dum
217 2355 334 2398 vobis
356 2357 435 2399 erit
441 2372 456 2407 ,·
488 2357 688 2412 quoniam
719 2357 919 2398 canonico
952 2364 990 2398 et
1019 2357 1173 2400 directo
1206 2357 1414 2399 electionis
1444 2358 1536 2399 iure
1563 2372 1656 2399 cum

88 2435 181 2490 ipso
213 2449 336 2491 ayere
364 2449 450 2477 non
474 2436 682 2491 poteritis,
716 2442 775 2476 set
803 2434 931 2477 multo
965 2434 1105 2477 labore
1137 2450 1186 2477 ac
1210 2435 1408 2492 precibus
1430 2437 1653 2477 insinuan-

89 2513 189 2554 dum
229 2513 325 2565 erit,
368 2527 475 2569 qaae
510 2527 583 2555 vos
619 2514 838 2554 necessitas
878 2528 905 2554 a
935 2521 1175 2555 sanctarum
1213 2515 1377 2556 tramite
1413 2513 1655 2570 reqularum

90 2591 256 2633 deviare
286 2591 541 2648 compulerit.
589 2590 788 2634 Preterea
818 2591 968 2633 domno
990 2606 1148 2648 papae,
1183 2606 1303 2648 quem
1323 2593 1411 2634 iam
1441 2592 1516 2633 dia
1538 2591 1653 2634 labo-

89 2683 186 2711 rare
203 2668 392 2724 fecistis,
433 2670 484 2711 de
513 2669 628 2712 vobis
652 2684 905 2726 persuasum
937 2677 995 2711 est
1024 2686 1051 2711 a
1081 2670 1243 2723 multis,
1283 2670 1396 2726 quod
1418 2671 1654 2726 postposito

90 2747 178 2789 Dei
212 2748 358 2789 timore
405 2761 542 2790 omnes
585 2762 663 2804 que
700 2755 837 2790 vestra
877 2755 974 2790 sunt
1018 2749 1201 2804 queratis
1243 2756 1280 2790 et
1317 2762 1402 2790 non
1443 2762 1521 2804 qne
1559 2747 1655 2790 Iesu

91 2823 246 2868 Christi
252 2841 266 2875 ,-
303 2839 435 2882 neque
473 2833 606 2868 tutum
642 2826 758 2868 vobis
795 2833 871 2878 est,
911 2834 958 2868 ut
988 2840 1079 2868 eum
1110 2827 1160 2868 de
1191 2834 1319 2868 cetero
1351 2826 1655 2869 inconsiderate

91 2911 255 2960 ayentes
278 2904 336 2946 ad
354 2905 621 2946 iracundiam
634 2918 870 2961 provocare
889 2919 974 2946 non
995 2905 1186 2947 timeatis.
1226 2902 1341 2947 Haeo
1360 2903 1490 2947 verba
1508 2906 1655 2947 nostra

188 3006 215 3027 a.
243 2999 289 3028 εἰσ
310 2998 396 3035 cod.,·
419 3010 459 3029 an
481 2999 630 3029 sacratio?

1683 313 1775 350 1148

1674 364 1750 395 Nov.
1765 363 1784 395 5
