1924 3288
495 196 693 227 erALm
721 194 970 225 Ems'roLAE
999 193 1068 223 176.
1092 192 1161 222 177.
1527 179 1611 222 297

53 293 164 351 quod
182 291 284 336 fides
304 295 458 347 vestra,
492 305 597 348 quae
618 304 694 348 per
715 290 980 334 dilectionem
1002 291 1211 346 operatur,
1240 287 1480 331 firmissime
1501 290 1617 330 tenet
1642 291 1732 327 1149

53 375 96 416 et
131 370 369 415 nullatenus
409 370 594 425 dubitat,
634 383 756 412 omne
796 369 940 412 datum
979 367 1185 424 optimum
1224 369 1266 410 et
1304 379 1425 409 omne
1461 365 1617 409 donum

51 449 283 508 perfectum
314 449 533 493 desursum
566 462 656 492 esse
689 450 731 491 et
762 448 786 491 a
815 450 936 504 patre
967 446 1173 489 luminum
1205 444 1454 489 descendere
1466 441 1488 487 ¹.
1536 442 1617 488 Le-

51 527 182 572 vastis
222 527 428 584 siquidem
466 526 605 570 oculos
637 529 798 570 vestros
829 526 874 574 in
904 527 1087 579 montes,
1127 523 1238 567 unde
1268 523 1383 566 venit
1413 522 1619 566 auxilium

51 603 208 662 vobis²,
248 606 412 662 quando
451 605 646 660 religiose
684 604 735 648 de
771 603 1002 647 communis
1032 602 1167 659 patris
1200 604 1242 645 et
1271 602 1439 658 patroni
1468 601 1618 657 nostri,

53 684 307 729 sanctissimi
328 683 522 728 videlicet
552 681 800 727 confessoris
833 681 989 724 Christi
1019 679 1218 735 Remacli,
1250 679 1411 723 meritis
1432 680 1618 735 cogitan-

52 765 137 819 tes,
174 762 262 806 eius
292 762 524 819 patrocinio
557 761 656 805 estis
688 760 881 815 assecuti,
915 759 1025 815 quod
1056 758 1293 802 communia
1322 761 1494 815 peccata
1523 772 1619 815 pre-

52 841 198 899 pedire
228 839 489 884 videbantur.
550 839 608 883 Et
644 839 743 883 11001
781 837 959 882 eruditio
990 840 1133 881 vestra
1172 840 1213 880 et
1253 837 1417 880 devotio
1457 836 1620 880 abunde

52 918 273 975 intelligat,
295 918 451 962 eisdem
472 918 622 961 studiis
644 916 973 961 conservandam
996 929 1086 959 esse
1106 915 1444 972 prosperitatem,
1471 915 1620 971 quibus

46 1000 148 1043 'eam
189 997 331 1054 adepti
362 996 482 1052 estis,
521 999 663 1039 tamen
694 998 841 1039 nostra
880 994 1115 1038 sollicitudo
1153 1007 1238 1036 non
1271 993 1500 1037 arbitratur
1531 1007 1621 1037 esse

55 1076 248 1131 otiosum,
281 1075 317 1118 si
349 1077 391 1118 et
419 1088 493 1118 vos
523 1073 643 1117 filiali
674 1077 715 1117 et
744 1074 893 1117 intimo
926 1071 1076 1115 affectu
1107 1085 1444 1115 commoneamus
1477 1075 1518 1115 et
1547 1085 1621 1115 vos

54 1156 99 1199 in
137 1155 182 1198 id
217 1154 358 1212 ipsum
389 1153 647 1210 supplicibus
678 1153 787 1196 votis
820 1151 1075 1195 adiuvemus.
1137 1150 1248 1193 Nam
1279 1153 1420 1194 vestra
1448 1163 1622 1207 prospe-

54 1234 159 1277 ritas
189 1235 336 1276 nostra
356 1234 439 1286 est,
473 1234 514 1275 et
543 1232 588 1275 in
618 1234 785 1275 tantum
816 1233 913 1274 sunt
941 1229 1062 1273 nobis
1095 1229 1236 1272 omnia
1265 1229 1481 1272 vobiscum
1511 1242 1623 1272 00111-

56 1312 211 1367 munia,
242 1314 291 1355 ut
309 1310 439 1354 nichil
460 1310 656 1365 alienum,
688 1309 817 1353 nichil
838 1311 1102 1364 segregatum
1123 1307 1369 1363 iudicemus,
1389 1307 1472 1350 nisi
1493 1321 1624 1364 quan-

55 1394 146 1434 tum
176 1389 410 1434 intervallis
440 1388 640 1444 locorum,
674 1388 824 1445 quibus
845 1387 967 1430 valde
991 1386 1241 1441 invidemus,
1275 1386 1416 1443 spacio
1436 1386 1625 1441 longiore

57 1469 275 1512 distamus.
335 1468 392 1512 Et
423 1468 620 1525 quoniam
652 1467 702 1510 de
732 1470 973 1510 nostrarum
1002 1478 1145 1508 rerum
1175 1464 1419 1508 habitudine
1450 1465 1522 1522 pia
1551 1478 1625 1508 vos

58 1547 188 1591 animi
219 1547 410 1591 anxietas
441 1548 672 1604 permovet,
705 1545 810 1588 sciat
830 1547 972 1587 vestra
1003 1543 1236 1598 sinceritas,
1271 1543 1381 1599 quod
1410 1543 1454 1586 in
1483 1543 1626 1587 labore

57 1625 274 1669 hominum
305 1639 448 1669 sumus
481 1629 522 1669 et
553 1638 648 1668 cum
678 1623 917 1667 hominibus
938 1621 1199 1678 flagellamur
1207 1618 1235 1677 ³,
1269 1621 1380 1677 quia,
1411 1625 1626 1665 tantarum

59 1707 101 1748 et
129 1707 218 1748 tam
245 1707 502 1748 remotarum
531 1717 673 1746 rerum
704 1704 1010 1760 procuratores,
1047 1714 1278 1756 numquam
1308 1700 1375 1744 vel
1404 1714 1500 1744 raro
1532 1701 1627 1744 abs-

61 1796 140 1839 que
169 1783 389 1826 vexatione
419 1784 584 1838 tempus
615 1781 820 1838 preterire
851 1793 1086 1836 possumus.
1137 1778 1333 1822 Ceterum
1362 1792 1430 1822 res
1461 1782 1627 1822 nostras

59 1861 150 1904 Deo
195 1860 378 1918 propitio
419 1873 495 1917 per
531 1859 684 1902 merita
723 1861 764 1902 et
799 1848 1142 1901 intercessionem
1181 1857 1409 1900 venerandi
1447 1857 1628 1914 pastoris

62 1942 104 1983 et
142 1939 310 1996 patroni
347 1938 482 1981 nostri
510 1937 696 1981 Remacli
731 1936 996 1991 moderante,
1037 1949 1201 1979 summa
1230 1949 1372 1979 rerum
1404 1934 1520 1979 salva
1551 1938 1627 1991 est,

61 2017 159 2062 11001
190 2017 240 2060 de
270 2016 460 2074 partibus
493 2015 797 2072 aliquantulum
829 2015 1047 2071 depereat3
1079 2028 1239 2070 nosque
1270 2014 1315 2057 in
1333 2028 1516 2071 persona
1536 2015 1628 2058 sani

63 2098 105 2140 et
134 2095 363 2139 incolumes
395 2108 538 2138 sumus
570 2097 612 2138 et
635 2095 766 2138 vestri
796 2094 841 2137 in
860 2094 1038 2137 veritate
1069 2096 1290 2136 amatores.
1390 2092 1628 2136 Remittetis

62 2174 182 2218 nobis
205 2174 317 2218 circa
339 2177 505 2230 tempus
528 2172 766 2216 autumnale
789 2186 931 2216 cecum
952 2174 1140 2215 vestrum
1159 2171 1335 2215 latorem
1356 2171 1628 2228 presentium,

65 2252 132 2296 cui
163 2252 290 2296 etiam
322 2253 536 2296 ductorem
556 2251 649 2295 viae
673 2250 922 2308 prebebitis3
956 2253 997 2294 et
1026 2263 1103 2307 per
1132 2250 1272 2306 ipsum
1302 2250 1422 2293 nobis
1452 2253 1630 2306 quatuor

65 2330 291 2386 cuniculos,
324 2331 426 2374 duos
458 2330 653 2374 videlicet
682 2343 819 2373 mares
851 2332 893 2372 01
923 2329 1026 2372 duas
1057 2328 1249 2383 feminas,
1281 2328 1471 2372 mittetis.

72 2473 185 2519 177.
216 2476 427 2519 Wibaldus
466 2474 684 2518 Hartberto
725 2476 912 2531 episcopo
948 2474 1197 2516 Traiectensi
1236 2474 1286 2515 de
1325 2474 1492 2515 ecclesia
1522 2473 1628 2515 Lin-

213 2554 419 2597 wardensi
447 2554 596 2596 scribit.
1408 2549 1479 2603 (M.
1513 2549 1628 2603 161.)

186 2643 428 2687 Reverendo
449 2642 562 2699 patri
584 2655 656 2684 suo
680 2644 722 2684 et
743 2641 909 2683 domino
930 2640 1190 2694 H(artberto)
1212 2639 1442 2683 venerabili
1463 2642 1632 2683 sanctae
1659 2645 1750 2680 1149

69 2721 348 2766 Traiectensis
382 2720 605 2764 aecclesiae
637 2719 832 2776 episcopo
869 2719 1000 2762 frater
1020 2717 1268 2772 W(ibaldus)
1297 2717 1377 2760 Dei
1409 2718 1545 2772 gratia
1573 2718 1631 2773 id,

69 2800 180 2857 quod
218 2803 281 2843 est
316 2800 362 2842 in
401 2798 603 2843 aecclesia
641 2797 865 2853 catholica,
905 2798 1077 2853 exiguas
1117 2797 1326 2840 orationes
1364 2799 1405 2840 et
1435 2796 1631 2839 devotum

70 2877 298 2922 servitium.

166 2965 469 3013 1.,1a00b.1,17.
567 2965 601 3000 2.
627 2964 834 3009 Ps.120‚1.
932 2965 966 3000 3.
991 2964 1051 3000 Ps.
1070 2964 1125 3009 72,
1145 2963 1178 2999 5.
