1924 3288
508 179 707 211 wmALm
734 178 985 211 musi-omn
1012 177 1072 210 388
1085 178 1199 209 -390,
1552 168 1638 213 521

78 272 412 332 complectimur,
444 277 487 319 et
516 288 578 330 ea,
610 288 716 332 quae
748 275 800 319 ad
826 274 1027 319 honorem
1046 278 1167 319 tuum
1187 278 1378 334 spectare
1396 280 1640 333 noscuntur,
1664 280 1757 317 1152

0 375 25 404 ρ
77 351 258 397 libenter
294 353 488 397 volumus
525 367 603 411 per
640 354 782 397 omnia
818 367 1077 411 promovere.
1134 353 1271 411 Super
1306 354 1473 398 iniuriis
1511 355 1641 410 igitur
1683 330 1738 361 Μ’

80 429 306 475 aecclesiae
336 431 578 476 Gorbeiensi
615 431 744 475 illatis
782 431 924 476 debita
959 432 1038 476 tibi
1078 430 1295 476 affectione
1325 432 1640 490 compatientes,

78 508 322 554 discretioni
351 512 449 554 tuae
480 510 780 555 commonendo
811 509 1081 566 consulimus,
1115 513 1164 554 ut
1195 511 1384 567 adversa,
1415 524 1522 568 quae
1553 511 1641 555 exi-

78 589 208 643 stunt,
229 588 275 631 in
294 588 601 646 presentiarum
623 588 901 645 equanimiter
929 587 1102 632 sufferas
1122 591 1393 646 nostramque
1411 589 1642 634 vindictam

76 665 270 721 mitigato
302 666 440 710 animo
472 665 696 724 prestolari
725 680 810 710 non
840 666 1040 722 graveris.
1103 666 1152 710 In
1181 666 1300 711 brevi
1331 667 1505 723 etenim,
1545 681 1641 712 cum

76 744 279 801 temporis
311 744 574 801 oportunitas
604 758 650 788 se
679 744 799 788 nobis
830 744 1012 788 Domino
1042 745 1209 788 favente
1239 745 1474 802 prebuerit,
1511 746 1641 790 talem

78 821 158 866 tibi
178 822 407 866 vindictam
428 822 643 878 faciemuS,
676 822 786 879 quod
808 823 881 866 alii
902 823 1057 866 similia
1076 823 1338 867 committere
1357 824 1639 881 trepidabunt.

77 898 275 944 Preterea
302 903 346 944 te
376 900 570 955 ignorare
599 900 807 957 nolumus,
839 901 951 958 quod
975 901 1105 944 tercio
1127 901 1224 944 Idus
1246 901 1439 946 Octobris
1452 899 1463 919 ¹
1482 903 1642 946 curiam

77 977 315 1033 generalem
347 992 400 1022 ex
431 978 604 1022 consilio
634 979 873 1037 principum
904 979 992 1022 vita
1014 980 1167 1023 comite
1186 978 1429 1024 Wirceburo
1459 980 1642 1025 celebrae

75 1056 162 1100 turi
191 1070 350 1100 sumus.
397 1056 446 1100 In
477 1070 560 1113 qua
588 1058 846 1114 presentiam
877 1060 994 1101 tuam
1025 1058 1147 1102 nobis
1179 1058 1371 1115 cupimus
1403 1059 1603 1104 exhiberi.

79 1198 196 1247 389.
223 1201 463 1244 Fridericus
483 1202 514 1245 Ι
530 1216 609 1244 ‘rex
630 1202 936 1245 Corbeiensibus
959 1203 1109 1255 scribit,
1136 1208 1283 1245 ‘eorum
1313 1204 1490 1247 iniurias
1521 1207 1640 1248 casti-

220 1287 364 1337 9atum
393 1281 459 1322 iri.
505 1280 574 1322 Ne
603 1281 733 1322 sacris
762 1295 805 1322 se
837 1281 1075 1323 abstineant.
1424 1280 1496 1335 (M.
1520 1282 1639 1335 367.)

194 1367 228 1412 F
231 1367 467 1423 (ridericus)
491 1368 573 1412 Dei
602 1369 740 1424 gratia
769 1368 1052 1412 Romanorum
1082 1382 1159 1412 rex
1188 1369 1385 1414 universo
1417 1373 1641 1416 conventui
1667 1380 1760 1417 1152

77 1446 340 1491 Corbeiensis
372 1446 595 1491 aecclesiae
625 1447 807 1502 gratiam
837 1460 958 1491 suam
989 1450 1031 1491 et
1062 1461 1184 1491 omne
1214 1447 1382 1492 bonum.
1683 1430 1738 1461 ω’

194 1524 491 1569 Universitatis
520 1528 686 1569 vestrae
717 1525 929 1570 doloribus
961 1525 1103 1569 debita
1123 1524 1340 1570 affectione
1360 1528 1641 1585 compatimur

77 1605 120 1648 et
147 1605 300 1648 vestris
332 1604 535 1659 angustiis
568 1603 794 1647 admodum
824 1603 1105 1648 condolemus.
1161 1603 1268 1647 Cum
1299 1608 1439 1649 autem
1470 1610 1640 1664 oportu-

75 1682 187 1726 nitas
219 1696 264 1726 se
293 1683 414 1726 nobis
435 1682 617 1726 Domino
647 1682 814 1726 favente
844 1682 1071 1739 prebuerit,
1101 1682 1163 1726 ita
1191 1685 1353 1726 vestras
1383 1684 1639 1730 intendimus

76 1759 222 1804 ulcisci
258 1761 456 1816 iniurias,
496 1763 544 1804 ut
581 1763 623 1804 et
661 1759 779 1803 dolor
814 1764 954 1804 vester
991 1760 1159 1804 omnino
1197 1760 1385 1816 mitigari
1420 1762 1570 1807 debeat
1599 1767 1642 1808 et

77 1852 235 1894 omnes,
267 1838 338 1895 qui
367 1838 597 1882 vindictam
626 1839 926 1895 persenserint,
957 1838 1113 1882 similia
1139 1834 1400 1884 committere
1429 1854 1515 1884 non
1544 1855 1640 1898 pre-

77 1919 256 1960 sumant.
303 1916 462 1960 Verum
494 1916 592 1973 quia
612 1920 786 1974 propter
807 1917 976 1960 easdem
997 1917 1175 1960 iniurias
1197 1917 1352 1973 divina,
1384 1918 1493 1962 sicut
1523 1933 1638 1964 acce-

76 1995 230 2052 pimus,
260 1995 307 2038 in
336 1997 477 2038 vestra
507 1994 713 2049 aecclesia¹
735 1994 953 2050 siluerunt,
985 2008 1128 2039 cruces
1150 1998 1407 2052 sternuntur,
1436 1996 1639 2053 reliquiae

75 2076 317 2117 sanctorum
346 2076 581 2129 moventur,
614 2073 855 2117 discretioni
876 2076 1040 2117 vestrae
1066 2074 1317 2131 propensius
1338 2075 1638 2119 commonendo

76 2151 332 2196 consulimus
372 2155 414 2195 et
452 2151 723 2207 mandamus,
762 2154 830 2207 ut,
868 2151 1060 2195 crucibus
1099 2152 1338 2209 sanctisque
1375 2152 1563 2210 reliquiis
1593 2154 1639 2198 in

76 2233 233 2274 statum
262 2229 491 2287 pristinum
521 2229 741 2285 restitutis,
774 2229 1082 2274 aecclesiastica
1104 2230 1361 2275 celebrantes
1394 2230 1543 2288 officia,
1575 2232 1637 2275 di-

75 2308 174 2352 vino
206 2307 335 2352 cultui
365 2321 481 2351 more
513 2307 635 2351 solito
665 2307 893 2364 insistatis,
924 2306 1101 2352 firmiter
1131 2311 1368 2366 speranteS,
1408 2310 1519 2366 quod
1548 2310 1637 2368 ple-

75 2386 239 2429 nariam
268 2386 387 2430 vobis
417 2385 645 2430 vindictam
675 2386 763 2429 vita
792 2386 944 2430 comite
973 2386 1185 2431 faciemus.

79 2526 196 2574 390.
223 2530 463 2574 Fm’dericus
499 2530 529 2574 I
565 2545 640 2572 rex
677 2529 1005 2573 Huxariensibus
1050 2532 1207 2586 scribit,
1255 2547 1307 2574 ne
1342 2531 1554 2575 Folcwino
1602 2541 1639 2576 et

222 2608 463 2651 Widelcindo
496 2609 748 2665 promissam
779 2608 1001 2664 pecaniam
1038 2610 1214 2663 solvant,
1255 2617 1378 2668 utque
1416 2611 1638 2654 destructas

223 2687 467 2729 munitiones
496 2687 696 2743 reficiant.
1421 2685 1493 2741 (M.
1517 2688 1635 2742 368.)

195 2773 468 2829 F(ridericus)
499 2774 580 2818 Dei
618 2774 754 2830 gratia
783 2773 1065 2818 Romanorum
1101 2788 1178 2820 rex
1215 2775 1422 2821 universis
1458 2777 1636 2834 burgen·
1662 2785 1755 2822 1152

79 2851 193 2896 sibus
225 2851 276 2896 de
305 2851 479 2896 Huxera
507 2852 688 2908 gratiam
719 2865 838 2896 suam
869 2856 911 2897 et
941 2867 1062 2898 omne
1092 2853 1260 2898 bonum.
1679 2835 1734 2866 Μ’

174 2940 206 2975 1.
231 2939 310 2977 Oct.
330 2940 386 2977 13.
