1930 3224
588 189 796 222 muns
827 189 1133 222 connmnnsns
1591 176 1649 220 29

77 286 177 346 plus
211 287 394 330 minusve
429 287 572 330 recisa.
638 286 833 329 Primitus
869 302 964 330 vero
1001 287 1061 330 ita
1092 292 1355 343 comparatus
1386 285 1516 327 codex
1547 292 1647 338 erat,

82 371 130 408 ut
165 363 371 409 exhiberet
410 364 604 423 Dionysii
642 362 806 421 Eoeiyui
846 364 1065 423 Bedaeque
1103 363 1300 407 circulum
1336 377 1531 420 maynum
1565 378 1648 420 pa-

81 441 203 486 echas
213 437 236 498 ¹,
268 442 341 502 qui
371 443 422 486 ab
454 457 563 486 anno
591 441 681 486 532
712 442 770 485 ad
799 457 953 484 annum
979 441 1096 485 1063
1120 441 1366 500 perveniens
1396 441 1651 498 undeviqinti

83 535 287 564 annorum
330 521 375 564 in
411 535 454 563 se
498 519 620 564 habet
657 519 788 578 cyclos
826 526 914 562 octo
955 526 994 562 et
1030 520 1184 578 viqinti.
1252 517 1422 563 Etenim
1464 519 1651 577 quamvis

81 599 224 656 maqni
261 598 405 641 circuli
434 598 691 656 principium
730 597 853 651 absit,
894 604 1030 640 tamen
1067 612 1214 640 manus
1250 597 1384 640 seculo
1417 595 1516 640 XII
1542 597 1649 639 anti-

82 671 225 735 quior'
253 676 312 719 sic
339 675 521 734 sinqulos
551 690 756 718 annorum
775 690 1027 718 novenorum
1048 675 1248 718 denorum
1269 675 1400 734 cyclos
1419 675 1464 718 in
1477 675 1651 733 paqinis

79 754 252 812 sinqulis
279 754 439 812 positos
474 754 656 796 numeris
693 753 920 811 inscripsit,
950 752 1085 812 facile
1121 760 1168 796 ut
1204 760 1428 811 appareat,
1469 753 1650 796 codicem

80 830 269 876 habuisse
299 832 586 890 quaterniones
615 831 719 874 duos
747 832 831 873 sive
856 830 972 890 folia
1001 831 1176 874 sedecim
1184 848 1200 886 ,·
1238 832 1282 874 in
1314 846 1421 889 quae
1451 831 1649 890 quemad-

78 910 247 952 modum
277 910 380 969 cycli
417 910 562 968 diqesti
597 916 744 963 essent,
786 909 960 952 ostendit
989 924 1039 951 ea
1070 924 1177 967 quae
1206 910 1390 967 sequitur
1419 909 1562 952 tabula
1590 910 1650 952 ita

80 987 284 1047 confecta,
317 994 364 1031 ut
392 994 431 1031 et
459 1003 567 1046 quae
597 988 762 1030 omnino
786 987 993 1044 perierint
1012 985 1127 1044 folia
1157 986 1301 1029 litteris
1329 988 1510 1029 minimis
1539 987 1648 1030 indi-

79 1072 211 1122 cetur,
251 1073 290 1110 et
316 1081 464 1109 manus
492 1065 604 1108 itlius
632 1065 766 1109 seculo
798 1062 897 1108 XII
924 1065 1150 1123 superioris
1179 1065 1410 1108 numeratio
1443 1065 1648 1124 cyclorum

79 1144 222 1204 quoad
247 1145 424 1203 supersit
453 1150 670 1188 cernatur:

360 1232 447 1264 fol.1
475 1242 492 1264 r
526 1253 1362 1263 .................

474 1295 494 1318 v
526 1307 1363 1317 .................

384 1357 396 1364 -
428 1341 448 1372 2
475 1349 492 1371 ι·
523 1361 1361 1371 .................

472 1403 492 1425 v
524 1393 701 1424 532—550
734 1414 1362 1424 .............

383 1465 395 1472 -
427 1448 447 1479 3
474 1457 490 1478 r
525 1447 704 1478 551—569
734 1468 1361 1477 .............

472 1511 492 1532 v
524 1500 700 1532 570—588
732 1521 1359 1531 .............

380 1574 395 1582 ·
422 1554 448 1593 4
468 1565 489 1592 r
522 1552 748 1593 589—607
788 1581 1361 1591 ............

467 1631 494 1659 v
522 1619 747 1659 sos-626
783 1647 1309 1657 ...........
1339 1647 1361 1672 ,-

380 1707 395 1714 -
423 1685 448 1726 5
467 1697 489 1724 r
521 1684 747 1725 627—645
783 1713 1359 1723 ............

467 1763 495 1790 v
522 1751 747 1790 646—664
785 1778 1360 1788 ............

379 1837 394 1845 ·
423 1817 448 1856 6
470 1828 491 1856 r
523 1815 747 1856 665-683
786 1843 1358 1854 ............

466 1895 493 1922 v
521 1882 742 1922 684—702
783 1909 1356 1919 ............

379 1969 394 1977 ·
423 1949 446 1988 7
467 1960 488 1988 r
519 1947 742 1987 703—721
783 1974 1356 1984 ............

467 2026 493 2054 v
521 2013 747 2054 722—740
780 2022 1016 2051 macutus
1043 2023 1198 2052 eronus

172 2116 206 2152 1.
230 2115 268 2151 in
292 2115 398 2161 cuius
414 2115 583 2153 versibus
599 2114 755 2162 singulis
770 2113 980 2150 indicantur
1003 2115 1039 2159 a)
1057 2113 1189 2150 Annus
1204 2112 1344 2150 domini
1360 2111 1477 2149 nostri
1493 2110 1640 2158 Christi,

75 2173 116 2220 b)
139 2174 312 2221 indictio,
343 2177 379 2221 c)
410 2175 519 2212 lunae
544 2178 692 2221 epacta,
724 2175 762 2221 d)
795 2176 1073 2219 concurrentes,
1106 2175 1141 2218 e)
1174 2172 1283 2210 lunae
1315 2172 1459 2220 cyclus,
1489 2171 1522 2218 f>
1553 2172 1641 2209 luna

75 2234 202 2281 XIIII,
226 2236 266 2282 g)
291 2234 371 2272 dies
395 2235 580 2272 dominica
603 2234 781 2281 paschae,
812 2234 852 2280 h)
876 2234 965 2270 luna
988 2233 1063 2270 diei
1087 2232 1284 2279 paschalis.
1316 2253 1361 2259 —
1393 2233 1436 2268 In
1467 2231 1640 2269 inferiore

76 2294 173 2342 cycli
196 2294 342 2340 septimi
367 2295 502 2338 decimi
527 2295 692 2341 margine
717 2305 847 2331 manus
871 2304 945 2331 sec.
968 2293 1021 2330 IX
1047 2293 1107 2330 vel
1130 2293 1167 2329 X
1190 2293 1316 2339 posuit
1339 2292 1387 2330 ad
1411 2293 1512 2333 illam
1535 2292 1639 2329 tabu-

75 2353 192 2391 larum
216 2354 451 2401 partitionem
476 2357 686 2400 spectantes
710 2350 848 2390 versus
864 2353 951 2390 hos:

287 2414 412 2461 Linea,
437 2414 592 2461 Christe,
618 2418 703 2451 tuos
727 2414 845 2460 prima
869 2417 926 2450 est
950 2422 1045 2459 quae
1070 2411 1236 2449 continet
1258 2422 1392 2459 annos;

287 2473 413 2520 Atque
437 2474 599 2511 secunda
622 2476 734 2519 tenet,
760 2472 856 2520 cycli
881 2482 976 2519 quae
998 2471 1154 2509 indictio
1179 2475 1343 2519 constet3

287 2533 458 2572 Servabit
481 2544 654 2571 numeros
678 2533 819 2579 epactis
843 2532 954 2569 tertia
978 2535 1114 2580 certos;

287 2593 424 2638 Quarta
446 2594 526 2631 dies
549 2596 718 2630 numerat
742 2595 884 2638 septem
906 2591 1108 2628 bissextilis
1132 2591 1237 2640 anni3

287 2652 423 2697 Quinta
445 2651 515 2690 tibi
539 2653 653 2690 ciclos
677 2652 816 2689 lunaris
836 2654 1017 2697 'conputet
1041 2651 1147 2699 anni3

286 2712 364 2749 Iam
388 2716 537 2759 quartas
560 2713 723 2750 decimas
748 2711 918 2758 designat
942 2714 1118 2757 sextaque
1143 2711 1266 2758 lunas3

287 2771 452 2818 Septima
475 2783 559 2809 nam
584 2772 744 2818 paschae
769 2770 932 2808 ostendit
956 2774 1176 2817 tempusque
1200 2770 1390 2817 diemque3

286 2831 460 2869 Aetatem
483 2831 593 2869 lunae
617 2834 798 2869 monstrat
821 2830 1043 2868 novissimus
1067 2830 1167 2868 ordo.

75 2887 110 2926 2.
154 2888 215 2927 hic
249 2890 326 2928 illic
362 2891 460 2930 enim
497 2892 611 2930 erasis
644 2891 756 2929 huius
791 2901 921 2928 manus
963 2890 1061 2928 notis
1104 2889 1338 2936 superposuit
1372 2889 1446 2927 alia
1480 2889 1636 2936 scriptor

76 2950 191 2987 seculi
215 2950 300 2987 XII.
