1924 3288
526 178 728 209 wmALm
756 177 1007 209 mus'ronffl
1033 175 1106 207 403.
1128 175 1200 206 404.
1555 163 1643 208 539

83 274 257 331 sperant
276 296 332 304 -
355 273 466 330 quod
487 273 637 318 debeat
655 273 870 317 mortifere
891 297 946 304 ·-
968 272 1190 331 imperare.
1238 271 1357 324 Quod
1377 271 1476 328 quia
1501 274 1648 315 contra

82 363 280 395 coronam
315 352 436 407 regni
473 355 515 395 et
551 352 767 395 karissimi
803 350 880 395 filii
917 351 1054 395 nostri
1089 350 1326 405 F(riderici)
1363 349 1648 393 Romanorum

79 429 193 486 regis
223 429 423 474 honorem
457 433 709 487 attemptare
738 432 1000 487 presumunt,
1033 429 1169 473 eidem
1190 442 1268 486 per
1287 431 1329 472 te
1359 427 1550 471 volumus
1583 440 1647 471 se-

79 507 234 551 cretius
254 508 456 564 nuntiari,
488 512 548 565 ut,
575 522 702 565 super
731 507 810 551 hoc
836 510 1001 551 maturo
1023 507 1195 550 consilio
1216 506 1373 562 habito,
1406 505 1507 563 quid
1536 505 1646 549 facto

81 598 186 644 opus
219 585 288 642 sit,
318 586 539 644 provideat
569 586 794 644 sapienter.
842 586 954 629 Data
986 585 1155 642 Signiae
1190 587 1242 629 12
1272 583 1364 628 Kal.
1388 582 1596 628 Octubris.

80 726 201 775 404.
226 729 366 773 Wezel
393 730 610 773 Friderico
639 729 668 773 I
694 731 784 788 reyi
810 730 1059 787 yratalatur.
1123 729 1274 772 Contra
1305 729 1544 771 clericorum
1575 728 1648 770 clo-

230 808 495 851 minationem
531 809 657 851 verba
687 808 810 866 facit.
875 808 1056 852 Nuntios
1093 807 1293 866 quosdam
1331 807 1509 849 Romam
1545 806 1651 848 mitti

226 886 321 928 vult.
1433 881 1505 937 (M.
1529 881 1647 936 384.)

205 973 449 1018 Clarissimo
479 974 562 1018 Dei
592 975 729 1030 gratia
750 974 998 1030 F(riderico)
1018 973 1175 1030 Wezel,
1208 973 1261 1017 ad
1290 986 1456 1017 summa
1486 972 1650 1017 animae

79 1055 122 1097 et
151 1052 338 1110 corporis
368 1052 455 1096 leta
483 1053 668 1110 undique
699 1052 912 1110 proficere.

199 1130 395 1175 Inmensa
423 1131 613 1187 laeticia,
655 1131 767 1187 quod
797 1144 898 1186 gens
930 1133 1071 1174 vestra
1100 1143 1174 1173 vos
1206 1129 1287 1173 sibi
1316 1129 1362 1172 in
1390 1143 1534 1184 regem
1566 1128 1649 1173 ele-

77 1208 208 1265 gerit,
248 1222 431 1253 moveor.
554 1208 771 1265 Ceterum,
809 1209 921 1266 quod
950 1208 1124 1252 consilio
1156 1207 1402 1251 clericorum
1433 1210 1475 1252 et
1503 1221 1649 1251 mona-

79 1286 266 1343 chorum,
299 1300 476 1344 quorum
508 1287 699 1331 doctrina
730 1287 873 1330 divina
903 1290 945 1330 et
964 1286 1149 1330 humana
1175 1285 1348 1329 confusa
1367 1288 1478 1341 sunt,
1510 1298 1650 1329 sacro-

79 1368 269 1409 sanctam
288 1364 461 1422 Urbem,
493 1365 708 1409 dominam
737 1366 897 1421 mundi,
929 1365 1172 1409 creatricem
1201 1367 1243 1407 et
1262 1366 1442 1407 matrem
1462 1364 1650 1407 omnium

76 1443 394 1501 imperatorum,
427 1457 554 1501 super
583 1443 662 1487 hoc
693 1444 802 1487 sicut
832 1443 1039 1487 deberetis
1069 1456 1154 1486 non
1183 1441 1465 1497 consuluistis,
1498 1444 1540 1485 et
1560 1441 1650 1485 eius

78 1520 460 1578 confirmationem,
507 1536 584 1579 per
631 1535 757 1578 quam
797 1535 941 1565 omnes
981 1524 1023 1565 et
1059 1521 1149 1565 sine
1188 1533 1271 1577 qua
1307 1519 1413 1563 nulli
1449 1533 1650 1577 umquam

78 1599 318 1657 principum
343 1600 670 1658 imperaverunt,
701 1613 787 1643 non
807 1599 1058 1656 requisistis,
1089 1612 1167 1642 nec
1189 1599 1228 1642 ei
1248 1599 1356 1642 sicut
1376 1596 1487 1641 filius
1507 1598 1648 1654 matri,

80 1678 118 1722 si
145 1681 289 1722 tamen
317 1677 430 1722 filius
463 1681 505 1722 et
533 1678 727 1722 minister
754 1677 842 1721 eius
863 1691 954 1721 esse
974 1676 1268 1734 proposuistis,
1298 1689 1385 1720 non
1405 1676 1649 1733 scripsistis,

79 1755 349 1800 vehementer
395 1755 527 1800 doleo.
596 1755 697 1807 Quis
740 1755 852 1799 enim
891 1754 1033 1798 stabili
1073 1755 1219 1798 ordine
1255 1752 1458 1811 proficere
1495 1754 1648 1810 valeat,

79 1833 165 1878 nisi
209 1847 333 1890 quem
369 1833 557 1877 Rebecca
603 1833 752 1876 dilexit
792 1836 834 1876 et
871 1831 1111 1889 promovit?
1177 1831 1298 1875 Licet
1336 1831 1491 1889 quippe
1528 1835 1651 1890 pater

80 1911 217 1956 Ysaac
236 1911 363 1956 vellet
387 1916 429 1956 et
447 1912 652 1956 niteretur
671 1911 787 1956 Esau
806 1909 1095 1955 benedictione
1114 1909 1314 1967 preferre,
1346 1910 1483 1967 Iacob,
1514 1914 1650 1955 matre

80 1990 222 2048 ipsum
252 1992 440 2045 vocante,
473 1992 515 2034 et
541 1990 785 2033 consilium³
807 1988 927 2046 quasi
946 1988 1154 2032 insulsum
1183 1988 1276 2046 ipso
1307 1988 1429 2032 Iacob
1459 1989 1649 2045 timente,

83 2068 183 2125 quia
200 2067 316 2112 Esau
345 2081 507 2111 moram
538 2068 583 2111 in
603 2068 795 2112 venando
825 2067 939 2123 fecit,
969 2066 1302 2110 benedictionem
1334 2070 1376 2110 et
1402 2067 1648 2123 dominium,

83 2145 190 2190 alio*
219 2145 293 2189 illo
326 2145 506 2201 dolente,
538 2146 731 2190 obtinuit.
852 2144 910 2189 Et
938 2147 987 2188 ut
1017 2145 1070 2188 ad
1098 2158 1190 2188 rem
1218 2144 1463 2202 perveniam
1492 2145 1649 2202 ipsam-

83 2238 163 2281 que
192 2223 311 2267 vobis
342 2223 507 2280 plenius
539 2237 762 2281 exponam,
795 2223 905 2280 quod
936 2223 1042 2278 dioc,
1074 2222 1315 2278 diligentius
1348 2222 1588 2266 attendatis.

201 2301 375 2345 Vocatio
411 2305 645 2345 vestrorum
683 2301 783 2345 olim
822 2301 1163 2358 predecessorum
1204 2304 1246 2344 et
1275 2303 1416 2344 vestra
1453 2300 1588 2344 adhuc
1624 2315 1651 2345 a

83 2379 213 2436 cecis,
248 2379 294 2423 id
325 2382 389 2423 est
419 2392 444 2422 a
474 2379 723 2435 Iulianistis,
756 2379 951 2423 hereticis
984 2382 1025 2422 et
1055 2378 1259 2436 apostatis
1290 2378 1452 2422 clericis
1484 2378 1576 2423 dico
1608 2382 1651 2423 et

83 2457 201 2501 falsis
238 2457 454 2501 monachis
493 2471 615 2501 suum
653 2457 843 2501 ordinem
881 2456 1240 2514 prevaricantibus
1272 2459 1315 2500 et
1345 2460 1492 2500 contra
1522 2470 1649 2501 euan-

84 2535 218 2591 gelica
247 2535 477 2593 apostolica
498 2538 540 2579 et
563 2535 763 2578 canonica
783 2537 940 2578 statuta
961 2534 1271 2578 dominantibus
1293 2537 1348 2590 et,
1379 2534 1540 2590 legibus
1561 2538 1649 2578 tam

83 2613 278 2657 humanis
311 2628 436 2670 quam
467 2613 619 2656 divinis
644 2612 983 2667 reclamantibus,
1017 2611 1261 2655 aecclesiam
1281 2612 1361 2656 Dei
1383 2615 1424 2656 et
1445 2612 1650 2656 secularia

86 2691 430 2747 disturbantibus,
461 2692 574 2734 facta
604 2694 679 2734 est.
722 2690 841 2742 Quod
873 2692 1013 2733 autem
1041 2689 1147 2733 tales
1170 2690 1268 2746 sint,
1300 2690 1483 2734 ostendit
1501 2690 1648 2734 beatus

86 2768 249 2825 Petrus,
281 2769 398 2813 cuius
419 2769 598 2813 vicarios
626 2782 670 2812 se
691 2782 782 2812 esse
801 2768 1074 2823 mentiuntur,
1107 2767 1268 2811 dicens:
1301 2768 1523 2826 Fuyientes
1546 2771 1645 2823 eius,

88 2863 195 2906 quae
223 2850 270 2891 in
299 2850 454 2892 mundo
486 2857 563 2902 eet,
596 2848 950 2904 concupiscentiae
981 2849 1308 2904 corruptionem,
1340 2849 1572 2892 ministrate
1601 2850 1648 2893 in

183 2951 210 2975 a·
236 2943 341 2975 matris
362 2943 511 2975 excidisse
532 2942 657 2973 videtur.
740 2941 771 2972 b.
793 2941 851 2972 alio
874 2942 918 2973 bis
939 2943 1048 2983 legitur
1070 2943 1100 2972 1⁸1·
1123 2942 1190 2974 cod.

1690 284 1783 321 1152

1671 334 1755 374 Sept.
1770 335 1809 365 20

1674 976 1767 1014 1152
