1924 3288
578 182 778 214 wmALm
807 182 1028 215 ems'rOLA
1058 184 1128 214 8⁷2.
1546 172 1635 216 499

74 273 192 322 372.
219 274 459 320 Ibida-cous
479 277 508 321 I
519 295 594 322 rex
613 278 805 337 Euqem'o
827 279 901 323 III
904 296 1050 338 papae
1077 280 1299 341 siymfieat,
1318 294 1361 322 se
1380 294 1517 337 reqem
1539 295 1636 322 con-

218 355 401 398 stitutum
422 371 516 399 esse.
554 356 769 401 Ecclesiae
790 356 1067 416 defensionem
1080 358 1297 416 promittit.
1342 356 1524 415 ,Περαίας
1542 373 1637 400 suos

219 434 478 476 commendat
488 429 509 476 ¹.
1421 432 1492 488 (M.
1517 434 1635 488 345.)

187 520 471 566 Dilectissimo
517 522 563 566 in
600 522 766 566 Christo
812 523 925 580 patri
965 537 1040 567 suo
1077 523 1302 579 E(ugenio)
1348 526 1517 568 sanctae
1554 523 1637 567 Ro-
1662 526 1754 562 1152

69 611 220 644 manae
250 599 476 644 aecclesiae
507 613 669 644 summo
700 599 890 658 pontifici
920 600 1168 646 Fredericus
1199 601 1280 646 Dei
1315 602 1454 657 gratia
1483 601 1637 646 Roma·
1664 575 1752 606 Mart.

69 689 220 720 norum
249 691 326 722 rex
357 681 400 722 et
429 691 596 735 semper
635 682 835 734 augustus
871 677 1043 723 filialem
1079 693 1156 737 per
1187 679 1330 723 omnia
1369 679 1636 724 dilectionem

69 757 113 800 et
141 754 326 800 debitam
355 755 401 799 in
431 755 614 799 Domino
644 756 935 801 reverentiam.

157 832 328 878 Patrem
357 833 522 891 patriae
553 834 691 890 decet,
730 834 969 879 veneranda
999 835 1234 892 priscorum
1264 834 1460 879 instituta
1489 849 1637 891 regum

67 910 293 968 vigilanter
323 911 547 956 observare
578 915 620 956 et
650 912 780 956 sacris
813 926 959 956 eorum
988 912 1221 970 disciplinis
1251 913 1391 956 tenaci
1411 913 1551 957 studio
1572 914 1637 957 in-

67 988 235 1046 herere,
275 993 323 1034 ut
352 990 518 1034 noverit
547 1003 725 1046 regnum
756 990 838 1034 sibi
869 991 894 1034 a
923 990 1013 1035 Deo
1045 990 1245 1034 collatum
1273 990 1435 1046 legibus
1469 1005 1517 1035 ac
1546 1005 1636 1034 mo-

67 1067 184 1111 ribus
213 1081 300 1111 non
328 1067 469 1111 minus
500 1068 705 1112 adornare
738 1082 864 1125 quam
895 1069 1023 1112 armis
1056 1071 1098 1113 et
1128 1068 1237 1113 bello
1266 1069 1495 1113 defensare.
1545 1068 1637 1113 Sol-

68 1144 250 1190 lemnem
279 1146 422 1203 itaque
452 1146 621 1204 imperii
650 1146 829 1190 Romani
859 1160 1020 1190 morem
1052 1147 1076 1190 a
1106 1147 1276 1204 proavis
1299 1147 1469 1203 nostris,
1501 1147 1637 1205 impe-

67 1223 278 1268 ratoribus
316 1223 511 1268 videlicet
549 1228 591 1269 et
627 1225 818 1280 regibus,
860 1224 913 1268 ad
949 1238 1025 1268 nos
1062 1225 1360 1268 transmissum
1399 1229 1635 1281 sequentes,

67 1300 254 1357 legatum
282 1305 495 1358 nostrum,
526 1302 666 1346 virum
697 1302 857 1346 scilicet
887 1302 1115 1346 discretum
1146 1306 1188 1346 et
1217 1302 1454 1359 honestum,
1485 1303 1636 1357 E(ber-

67 1378 261 1434 bardum)
293 1379 575 1424 venerabilem
601 1379 994 1435 Bavenbergensem
1025 1381 1282 1438 episcopum,
1315 1381 1523 1424 adiunctis
1556 1381 1637 1425 sibi

67 1456 260 1512 H(i]]ino)
298 1457 538 1501 Trevirensi
578 1457 709 1502 electo
751 1461 794 1501 et
830 1458 1030 1513 A(damo)
1072 1458 1327 1503 Everacensi
1367 1459 1539 1515 abbate,
1583 1459 1636 1502 ad

67 1538 231 1580 vestrae
262 1535 498 1579 sanctitatis
527 1535 785 1593 presentiam
816 1538 858 1579 et
889 1536 942 1579 ad
962 1535 1120 1580 Urbem
1149 1536 1360 1580 destinare
1382 1537 1634 1594 curavimus,

67 1616 116 1657 ut
144 1616 232 1657 tam
263 1626 316 1657 ex
345 1614 554 1671 presentis
584 1614 764 1671 paginae
794 1614 949 1658 indicio
983 1628 1110 1671 quam
1134 1615 1396 1672 exipsorum
1416 1615 1514 1659 viva
1533 1629 1634 1659 voce

68 1691 120 1735 de
149 1691 305 1735 nostris
348 1692 614 1749 provectibus
654 1695 696 1735 et
731 1692 861 1735 totius
903 1692 1128 1736 aecclesiae
1167 1706 1216 1736 ac
1250 1688 1371 1748 regni
1401 1696 1515 1737 statu
1546 1707 1634 1738 cer-

67 1769 197 1813 tiores
229 1783 320 1813 esse
350 1769 533 1826 possitis.

188 1846 353 1903 Itaque,
394 1847 559 1903 quando
596 1846 755 1904 placuit
791 1847 972 1891 terribili
1011 1851 1053 1891 et
1090 1847 1130 1891 ei
1168 1847 1239 1903 qui
1270 1847 1407 1892 aufert
1437 1848 1635 1905 spiritum
1658 1860 1745 1890 Febr.
1759 1862 1797 1891 15

67 1924 330 1982 principum,
370 1923 550 1968 terribili
589 1924 702 1981 apud
738 1938 858 1980 reges
897 1922 1073 1980 terrae²‚
1120 1924 1165 1967 in
1210 1925 1328 1969 cuius
1367 1940 1496 1969 manu
1537 1930 1635 1970 sunt

68 2002 255 2046 omnium
285 2005 513 2059 potestates
545 2005 588 2046 61
618 2003 804 2046 011111111111
833 2003 928 2046 iura
957 2015 1203 2058 regnorum,
1241 2002 1375 2047 felicis
1406 2004 1635 2049 memoriae

67 2083 266 2137 patruum
304 2093 352 2123 ac
382 2080 633 2123 nutritorem
668 2083 880 2136 nostrum,
918 2080 1147 2135 gloriosum
1176 2079 1461 2125 Romanorum
1490 2096 1635 2138 regem

69 2157 340 2212 C(onradum)
373 2157 424 2201 de
461 2158 648 2214 presenti
677 2158 766 2201 vita
805 2171 998 2214 evocare,
1038 2158 1226 2202 universi
1255 2159 1469 2217 principes
1499 2161 1632 2216 regni,

67 2238 286 2293 tamquam
315 2235 457 2278 divino
489 2235 642 2292 spiritu
673 2236 877 2292 suscitati,
914 2238 964 2279 17
989 2236 1056 2279 die
1079 2239 1176 2293 post
1206 2236 1511 2294 depositionem
1543 2239 1632 2282 eius
1656 2253 1774 2285 Mart.5

68 2313 113 2356 in
144 2313 346 2370 oppidum
375 2312 694 2357 Frankenevurt
732 2317 819 2357 tam
858 2327 935 2371 per
974 2327 1019 2357 se
1048 2314 1163 2370 ipsos
1195 2328 1322 2371 quam
1351 2329 1429 2373 per
1458 2330 1632 2373 respon-

69 2390 178 2434 sales
208 2390 432 2435 honoratos
464 2394 767 2446 convenerunt,
808 2394 850 2435 et
891 2391 1046 2447 absque
1083 2391 1209 2436 ullius
1240 2406 1383 2437 morae
1413 2394 1632 2438 interiecto

69 2468 210 2526 spacio
242 2468 388 2512 eadem
418 2468 486 2512 die
517 2481 612 2512 cum
641 2468 802 2524 ingenti
823 2468 1023 2512 divinitus
1051 2469 1150 2513 data
1170 2471 1393 2514 concordia
1412 2471 1496 2528 ipsi
1515 2472 1632 2529 prin-

69 2546 183 2603 cipes
214 2549 256 2590 et
285 2546 441 2590 caeteri
469 2559 662 2603 proceres
700 2558 796 2589 cum
831 2546 961 2589 totius
992 2547 1138 2604 populi
1167 2548 1310 2592 favore
1343 2553 1384 2593 et
1416 2549 1632 2593 alacritate

68 2636 145 2667 nos
175 2624 220 2667 in
249 2624 368 2679 regni
397 2623 612 2679 fastigium
643 2622 867 2678 elegerunt.
916 2623 1070 2675 Quinta
1090 2626 1358 2682 postmodum
1382 2627 1463 2682 die,
1494 2627 1539 2670 id
1570 2631 1634 2671 est
1656 2641 1774 2673 Mart.9

69 2702 283 2745 transacta
312 2701 505 2759 proxime
535 2700 746 2745 mediante
777 2699 1135 2759 quadragesima⁸,
1167 2704 1260 2761 pari
1292 2706 1334 2747 et
1356 2704 1503 2748 eodem
1533 2718 1631 2749 con-

164 2812 198 2848 1.
223 2811 323 2848 Haec
348 2812 515 2858 epistola,
540 2822 563 2848 a
579 2811 752 2848 Wibaldo
778 2810 943 2858 formata,
967 2823 1098 2850 vereor
1120 2817 1163 2850 ut
1185 2814 1265 2851 sine
1282 2815 1569 2852 commutatione
1584 2815 1631 2852 ad

69 2879 202 2917 papam
226 2871 338 2907 missa
361 2871 421 2908 sit.
459 2870 515 2908 Cf.
541 2881 624 2917 epp.
643 2871 714 2908 374
737 2874 775 2908 61
798 2872 868 2908 376
892 2875 929 2908 61
953 2873 1022 2909 377
1048 2872 1155 2910 infra.
1260 2874 1295 2910 2.
1319 2874 1381 2911 ΡΒ.
1407 2875 1463 2921 75,
1490 2875 1545 2911 12.
1574 2875 1630 2912 13.

69 2930 105 2967 3.
129 2930 154 2967 1.
172 2940 205 2967 6.
229 2930 413 2968 dominica
435 2931 599 2968 Laetare.

1266 2998 1346 3036 32*
