1924 3288
582 184 782 216 wmALm
811 182 1031 215 EPISTOLA
1062 181 1131 212 151.
1550 167 1636 211 253

74 284 192 326 terae
229 283 370 325 autem
408 279 679 325 continebant
713 279 964 338 peticionem
995 282 1037 323 et
1067 277 1302 321 suasionem
1335 275 1639 333 archiepiscopi
1665 278 1756 314 1143

76 359 128 404 de
158 359 349 415 eligendo
379 359 425 402 in
457 359 651 403 abbatem
680 358 811 402 fratre
842 357 1026 413 comitis,
1063 359 1275 414 postremo
1307 354 1435 399 etiam
1466 353 1638 397 commi·
1662 328 1725 358 Μ’
1742 329 1758 357 ¹

75 437 291 482 nationem
323 437 546 494 quandam,
578 438 615 481 si
645 437 843 495 peticioni
875 436 963 480 eius
994 436 1039 478 in
1070 434 1216 478 eadem
1238 446 1419 491 persona
1437 445 1524 475 non
1543 445 1640 489 pre-

75 515 269 560 beremus
309 529 548 559 assensum:
605 515 658 559 Si
702 515 840 571 inquit
886 530 976 558 eum
1021 530 1105 557 non
1153 514 1352 571 eleqerz'tis
1397 521 1435 555 et
1479 512 1642 554 siniam·

77 595 244 652 aliquid
274 610 324 638 ex
355 595 431 638 Ιιοσ
454 595 715 652 provenerit,
752 608 885 650 neque
914 595 1117 650 iniquitas
1147 607 1240 635 mea
1268 606 1400 648 neque
1423 598 1642 648 peccatum

75 688 224 717 meum.
276 671 424 728 Legati
465 674 658 729 preterea
694 670 828 727 ipsius
868 670 1073 726 quaedam
1110 669 1313 713 immania
1349 668 1640 725 loquebantur,

77 750 399 805 comminantes,
439 749 476 793 si
514 749 643 792 alius*
675 748 830 793 electus
866 748 993 804 foret,
1036 747 1250 791 dominum
1283 761 1405 791 suum
1436 745 1641 803 archiepi-

78 841 270 886 scopum,
309 841 363 872 ne
393 830 726 883 consecraretur,
769 826 1099 883 prohibiturum,
1133 826 1310 882 denique
1340 826 1386 868 in
1417 827 1643 883 conspectu

79 906 223 950 domni
251 919 388 964 papae
419 919 515 950 eum
545 905 665 949 nobis
697 904 1027 948 adversaturum.
1120 904 1247 948 Venit
1278 917 1376 959 ergo
1399 904 1501 959 dies,
1534 916 1642 958 cum,

78 984 192 1029 facta
235 984 464 1028 secundum
505 983 730 1028 aecclesiae
762 983 1114 1027 >consuetudinem
1154 981 1346 1026 sollemni
1381 981 1645 1025 invocatione

81 1061 263 1120 Spiritus
302 1062 457 1118 sancti,
507 1062 561 1105 ad
598 1061 836 1117 eligendum
873 1064 1039 1118 patrem
1078 1064 1120 1104 et
1157 1063 1371 1117 pastorem
1410 1060 1645 1103 animarum

79 1144 319 1185 nostrarum
348 1141 394 1184 in
425 1139 608 1197 capitulo
641 1139 917 1183 consedimus.
1041 1138 1189 1182 Comes
1221 1152 1319 1182 vero
1351 1152 1481 1196 supra
1509 1138 1645 1181 nomi-

79 1222 204 1263 natus
242 1219 293 1263 de
331 1218 614 1277 promovendo
653 1219 783 1262 fratre
823 1231 897 1261 suo
936 1216 1139 1261 sollicitus
1179 1220 1281 1260 erat.
1329 1216 1448 1260 Unde
1486 1219 1527 1260 et
1558 1230 1646 1259 am-

80 1297 230 1342 biendo
262 1297 508 1353 singillatim
538 1310 696 1352 omnes,
734 1296 806 1353 qui
837 1295 1091 1339 desiderium
1122 1309 1244 1338 suum
1274 1308 1522 1352 promovere
1552 1297 1647 1352 pot-

82 1379 214 1432 erant,
245 1389 322 1433 per
352 1389 397 1420 se
429 1379 471 1419 et
499 1389 575 1433 per
606 1378 787 1419 secretos
818 1374 993 1417 nuncios
1021 1373 1309 1430 conveniebat,
1342 1377 1384 1417 et
1405 1373 1534 1417 alium
1556 1373 1647 1429 qui-

82 1454 178 1498 dem
216 1454 480 1498 suasionibus
490 1453 520 1509 ¹³,
566 1453 714 1497 alium·
733 1453 963 1497 terroribus
1004 1452 1058 1495 ad
1097 1451 1343 1496 electionem
1382 1451 1646 1495 sollicitabat.

81 1532 191 1576 Nam
235 1535 277 1576 et
311 1532 527 1589 preposito
564 1535 709 1575 nostro
749 1545 825 1588 per
862 1530 1091 1574 familiares
1130 1531 1299 1574 nuntios
1340 1530 1417 1574 sub
1457 1529 1650 1585 diligenti

83 1610 423 1654 interminatione
453 1610 515 1653 ita
544 1609 757 1667 pollicitus
789 1612 866 1664 est,
899 1609 1022 1666 quod,
1055 1608 1091 1652 si
1113 1608 1360 1663 electionem
1384 1609 1528 1652 fratris
1561 1608 1649 1651 sui⁰

84 1688 130 1732 in
159 1688 298 1745 aliquo
329 1688 567 1746 impediret,
600 1689 715 1732 omni
744 1688 901 1732 honore
933 1701 1029 1731 eum
1058 1687 1104 1730 in
1136 1686 1338 1730 aecclesia
1363 1690 1510 1730 nostra
1529 1700 1650 1744 pror-

85 1780 156 1810 sus
194 1767 385 1810 nudaret.
507 1766 614 1810 Cum
649 1767 778 1822 igitur
818 1766 869 1810 de
906 1765 1121 1809 voluntate
1161 1764 1325 1808 comitis
1361 1764 1405 1807 in
1435 1765 1650 1822 publicum

86 1844 245 1888 dictum
273 1845 442 1899 fuisset,
486 1847 529 1887 et
558 1844 728 1901 quidam
759 1845 810 1888 de
839 1844 1040 1888 fratribus
1070 1842 1223 1899 repleti
1253 1843 1407 1900 spiritu
1436 1843 1518 1887 Dei
1547 1843 1652 1886 resi-

87 1926 246 1967 sterent
291 1926 332 1967 et
369 1935 516 1966 causas
562 1923 903 1966 contradictionis
947 1935 1046 1965 suae
1084 1920 1239 1964 multas
1280 1924 1322 1964 et
1359 1921 1652 1965 convenientes

86 2002 310 2045 redderent
341 2026 396 2031 —
430 2002 517 2046 sive
549 2002 660 2058 quod
686 2001 900 2059 predictus
922 2000 1158 2054 HeinricuS,
1191 2012 1316 2055 quem
1347 1999 1500 2055 eligere
1531 2012 1652 2055 coge-

87 2080 253 2136 bantur,
283 2080 395 2123 infra
425 2094 556 2123 annos
571 2104 574 2107 >
589 2083 718 2134 esset3
752 2080 839 2123 sive
865 2079 976 2136 quod
999 2092 1106 2136 pene
1126 2077 1350 2123 illiteratus
1371 2077 1494 2121 huius
1516 2077 1652 2133 digni-

87 2159 188 2202 tatis
219 2157 402 2202 officium
434 2158 559 2202 verbo
592 2161 634 2202 et
664 2158 854 2201 doctrina
883 2157 1057 2201 minime
1082 2156 1392 2200 amministrare
1422 2155 1652 2211 sufficeret3

89 2237 178 2281 sive
209 2237 341 2294 quod,
380 2237 502 2294 inops
534 2235 699 2279 consilii
729 2239 771 2280 et
804 2235 933 2278 totius
963 2235 1233 2292 prudentiae,
1273 2248 1407 2291 neque
1439 2248 1483 2278 se
1514 2235 1654 2291 ipsum

89 2327 224 2371 neque
261 2329 351 2359 rem
381 2318 470 2358 tam
501 2314 702 2370 grandem
733 2314 966 2369 gubernare
995 2313 1062 2357 vel
1092 2326 1238 2368 regere
1268 2312 1524 2370 prevaleret3
1566 2312 1654 2355 sive

91 2393 190 2450 quia
217 2393 390 2438 libertas
422 2396 464 2437 et
495 2393 596 2436 ordo
627 2391 833 2447 regularis
865 2391 1078 2435 electionis
1109 2392 1155 2434 in
1184 2394 1329 2434 nostra
1358 2390 1559 2434 aecclesia
1578 2404 1655 2447 per

91 2485 187 2515 eum
217 2475 381 2515 cassata
410 2471 636 2526 videretur,
669 2470 740 2526 qui
771 2472 944 2527 propter
973 2469 1170 2513 timorem
1199 2469 1343 2512 fratris
1372 2469 1505 2524 magis
1529 2481 1655 2525 quam

90 2553 284 2607 respectu
303 2549 384 2593 Dei
406 2552 447 2593 et
468 2548 698 2593 communis
725 2547 919 2590 utilitatis
942 2551 1223 2591 assumeretur
1245 2572 1300 2577 -
1323 2561 1419 2590 cum
1439 2546 1558 2602 tales,
1590 2546 1654 2588 in-

92 2641 231 2684 quam,
263 2627 543 2672 excusationis
573 2640 722 2670 causae
745 2629 1065 2683 exponerentur,
1098 2638 1250 2681 comes,
1284 2625 1355 2681 qui
1377 2638 1472 2668 cum
1492 2627 1657 2667 armata

92 2718 221 2749 manu
250 2706 466 2750 nobiscum
496 2706 542 2748 in
565 2704 747 2762 capitulo
770 2703 952 2758 sedebat,
986 2703 1184 2747 adversus
1208 2717 1291 2759 eos,
1325 2703 1396 2759 qui
1416 2702 1656 2746 huiusmodi

92 2782 388 2840 loquebantur,
428 2783 560 2827 multo
595 2784 734 2826 furore
766 2785 808 2826 et
838 2782 903 2825 ira
932 2795 1086 2836 magna
1117 2780 1377 2824 efferebatur.
1425 2780 1583 2832 Quibus
1615 2783 1657 2825 et

190 2910 216 2933 a.
245 2903 320 2933 alius
349 2904 532 2934 addiderunt
557 2906 691 2934 martene
721 2908 747 2932 ct
774 2902 914 2932 Durand.
996 2901 1026 2931 b.
1054 2900 1145 2931 alium
1174 2900 1366 2931 suasionibus
1395 2903 1495 2932 iterum
1526 2901 1603 2932 add.
1631 2913 1656 2932 c.

95 2964 120 2986 c.
144 2965 207 2986 suls
229 2970 255 2987 c.
