1924 3288
556 200 753 231 wmALm
782 198 1030 230 EPISTOLAE
1058 198 1109 229 91.
1130 198 1180 229 92.
1566 187 1650 231 165

87 295 379 341 claritudinem
419 294 595 339 collatus
628 299 710 351 est,
751 295 921 352 optimis
954 293 1187 352 disciplinis
1218 294 1303 338 tuis
1335 294 1545 351 quendam
1577 294 1650 339 ob-

86 374 298 419 scuritatis
336 374 463 418 situm
499 374 655 418 inferre
691 373 919 431 prevaleat.
969 372 1080 417 Sane
1118 375 1160 417 et
1199 386 1374 417 acumen
1412 372 1571 428 ingenii
1607 376 1649 416 et

83 453 303 498 facundiae
333 452 510 509 gloriam
541 455 583 497 et
613 452 787 509 adeptas
818 451 1044 507 dignitates
1065 451 1302 495 humilitate
1324 451 1444 508 quasi
1466 450 1647 507 quodam

83 545 343 588 gemmarum
379 531 600 588 splendore
639 530 830 585 ornabis,
881 532 923 573 et
959 530 1222 586 memineris,
1269 529 1448 573 honores
1488 529 1646 573 eisdem

84 609 243 654 artibus
284 623 374 653 esse
412 609 659 664 servandos,
699 608 848 664 quibus
890 621 958 651 eos
999 622 1043 651 es
1086 610 1313 652 assecutus.
1365 606 1645 654 Fortunatum

83 688 217 744 enim,
247 691 295 731 ut
325 687 567 731 seculariter
597 686 806 741 dieamus,
839 699 929 729 esse
959 686 1118 742 potuit,
1151 686 1262 742 quod
1293 685 1540 741 ascendist13
1574 686 1648 730 sed

83 779 227 822 regere
257 769 298 810 te
328 766 468 823 ipsum
498 765 543 808 in
575 764 673 820 alto,
710 763 904 820 equidem
933 763 1166 807 industriae
1197 767 1272 807 est.
1324 763 1545 808 Presentia
1574 768 1648 808 tua

82 844 167 889 tuis
198 844 457 888 auditoribus
490 842 714 900 disciplina
744 842 799 885 sit
809 847 822 896 ;’
860 856 956 886 raro
988 842 1196 900 siquidem
1228 842 1476 898 castigabis,
1512 843 1550 886 si
1581 857 1647 886 as-

82 922 225 966 siduus
269 922 412 966 fueris.
466 920 566 965 Plus
610 920 737 964 habet
776 920 892 964 locus
930 923 1028 964 tuus
1068 934 1194 977 quam
1232 920 1408 964 docendi
1438 920 1644 977 officium3

80 1015 180 1045 nam
210 1003 252 1045 et
282 999 515 1045 censoriam
546 999 743 1043 exhibere
775 998 900 1043 debes
932 999 1220 1055 severitatem,
1253 999 1451 1055 quoniam
1483 1003 1525 1043 et
1555 1013 1645 1044 cor-

79 1079 265 1135 rigendis
297 1079 484 1123 moribus
514 1078 747 1136 prefectum
777 1080 819 1121 te
851 1091 942 1121 esse
972 1077 1153 1121 noveris
1202 1076 1315 1129 Quae
1349 1077 1573 1135 disciplina
1604 1081 1647 1122 et

81 1157 324 1202 exercitatio
363 1157 555 1201 omnibus
595 1159 659 1199 est
696 1155 890 1200 subtilior
929 1159 971 1199 et
1007 1156 1053 1199 in
1090 1156 1231 1199 fructu
1270 1156 1431 1199 eunctis
1462 1170 1644 1214 propen-

80 1236 176 1280 sior.
230 1235 388 1280 Scienti
417 1248 553 1293 pauca
583 1233 813 1290 sufficiant,
853 1248 938 1278 non
967 1237 1016 1278 ut
1046 1234 1261 1279 doctorem
1293 1234 1540 1291 doceamus,
1580 1239 1645 1279 set

78 1328 132 1359 ne
161 1313 345 1359 officium
373 1317 673 1372 pretereamus.

83 1475 163 1522 92.
199 1478 456 1521 Corbeienses
486 1476 721 1520 Wibaldum
751 1482 921 1532 royant,
954 1482 1000 1517 ut
1029 1476 1175 1518 initam
1209 1475 1461 1519 Corbeiensis
1493 1475 1644 1520 Stabu-

197 1556 397 1614 lensisque
417 1555 703 1598 coenobiorum
715 1553 1026 1611 fraternitatem
1046 1554 1189 1596 litteris
1210 1554 1424 1613 confirmet
1439 1561 1478 1596 et
1491 1556 1642 1597 utrius-

198 1650 276 1693 que
304 1634 542 1676 monasterii
565 1640 793 1690 patronum
823 1632 1028 1690 utrimque
1060 1632 1138 1674 coli
1168 1632 1316 1675 iubeat.
1456 1630 1528 1685 (M
1555 1631 1641 1686 76.)

195 1723 359 1767 Dilecto
390 1723 502 1780 patri
534 1735 583 1766 ac
613 1722 782 1765 domino
814 1735 888 1764 suo
914 1720 1108 1765 Wibaldo
1130 1720 1212 1764 Dei
1243 1721 1381 1776 gratia
1410 1722 1643 1766 venerabili

78 1801 321 1846 Corbeiensi
352 1801 493 1845 abbati
522 1800 572 1844 E.
595 1800 712 1858 prior
741 1802 913 1856 totaque
945 1800 1211 1855 congregatio
1242 1798 1426 1842 filiorum
1457 1814 1642 1857 suorum,

77 1880 167 1924 Deo
198 1879 244 1922 in
275 1879 420 1922 eodem
450 1879 704 1922 monasterio
737 1878 813 1921 sub
845 1878 934 1921 eius
959 1878 1163 1932 regimine
1183 1877 1493 1934 famulantium,
1526 1879 1642 1935 quic-

78 1958 200 2015 quid³
221 1957 362 2001 valent
391 1956 536 2000 sedula
557 1956 745 2000 oratione
767 1959 809 2000 et
829 1956 971 2000 debita
989 1959 1079 1999 tam
1099 1956 1250 2000 dilecto
1271 1957 1383 2013 patri
1403 1956 1639 2001 dilectione.

195 2035 375 2079 Multum
407 2035 575 2092 quidem
606 2048 703 2090 egre
734 2035 988 2078 sustinemus
1019 2037 1108 2078 tam
1140 2035 1382 2078 diuturnam
1412 2035 1542 2079 vestri
1569 2036 1642 2079 ab·

78 2114 269 2170 sentiam,
300 2113 385 2157 nisi
416 2113 526 2170 quod
556 2126 632 2170 pro
663 2113 922 2156 incremento
955 2112 1154 2156 ecelesiae
1183 2116 1353 2156 nostrae
1384 2127 1458 2157 vos
1486 2114 1640 2158 seimus

76 2193 121 2236 111
150 2192 229 2236 hae
259 2192 450 2237 absentia
478 2191 692 2245 laborare3
726 2191 780 2234 ad
811 2205 935 2247 quem
966 2191 1094 2234 etiam
1123 2191 1311 2235 laborem
1342 2191 1522 2236 viriliter
1554 2193 1640 2236 suf-

76 2271 295 2315 ferendum
332 2285 428 2326 vos,
474 2270 519 2313 in
558 2272 759 2326 quantum
797 2269 1098 2326 presumimus,
1139 2269 1410 2313 exhortamur
1448 2273 1489 2314 et
1527 2284 1639 2314 com-

76 2363 293 2393 monemus
326 2352 380 2405 et,
411 2351 459 2392 ut
488 2348 597 2392 bono
628 2346 711 2391 fine
741 2348 1003 2403 terminetur,
1033 2347 1366 2392 misericordiam
1386 2348 1468 2392 Dei
1487 2350 1641 2404 iugiter

77 2441 310 2472 exoramus.
371 2426 566 2471 Ceterum
611 2426 768 2482 gratias
808 2425 970 2481 agimus
1008 2429 1175 2470 vestrae
1212 2427 1479 2484 paternitati,
1529 2428 1640 2484 quod

76 2505 186 2549 inter
225 2505 328 2549 duos
364 2505 568 2563 parietes,
608 2508 656 2547 ut
694 2518 763 2547 eos
801 2504 847 2547 in
884 2517 1012 2547 unam
1043 2505 1286 2548 societatem
1316 2505 1638 2561 eoniungeretis,

77 2586 277 2640 tanquam
313 2584 497 2641 prudens
533 2583 720 2626 imitator
750 2583 841 2626 veri
870 2582 984 2625 illius
1017 2582 1229 2637 angularis
1267 2582 1421 2640 lapidis
1435 2581 1446 2600 ¹
1475 2584 1638 2628 medius

78 2661 266 2717 sedistis,
308 2665 349 2705 et
386 2662 458 2705 diu
497 2662 776 2706 desideratam
813 2660 933 2704 nobis
964 2660 1286 2704 karissimorum
1315 2661 1495 2705 fratrum
1526 2675 1637 2706 com-

76 2740 318 2784 munionem
364 2743 406 2784 et
451 2740 677 2798 optabilem
721 2740 767 2782 in
806 2738 972 2782 Christo
1019 2738 1315 2783 adunationem
1354 2739 1408 2783 ad
1445 2739 1637 2784 effectum

76 2815 367 2875 perduxistis².
416 2817 713 2862 Consummato
754 2830 851 2872 ergo
889 2817 1006 2874 operi
1038 2820 1270 2861 extremam
1299 2831 1472 2862 manum
1503 2818 1638 2865 adhuc

173 2917 199 2937 a.
254 2904 285 2938 'c
306 2920 332 2938 c.

172 2965 206 3002 1.
227 2904 365 3012 ³11³th
382 2966 414 3012 2,
432 2966 491 3002 20.
585 2967 618 3003 2.
644 2966 689 3003 V.
716 2975 828 3011 supra
850 2975 887 3012 p.
904 2965 974 3002 128
997 2975 1034 3004 n.
1051 2964 1086 3004 4.

1675 297 1768 335 1148

1670 1727 1762 1763 1148
