1924 3288
534 195 733 226 wmALDI
762 192 1011 225 EPISTOLAE
1044 190 1113 222 150.
1137 189 1207 221 151.
1561 174 1646 220 251

85 291 290 353 producta
307 291 518 350 positione
537 289 813 346 numerosior,
844 291 908 333 set
928 289 1158 343 exnostra,
1189 286 1234 330 id
1254 283 1649 340 00111101100110111111,

86 370 385 416 consuetudine
421 369 502 412 hoc
537 368 736 424 facimus,
776 367 848 425 qui
883 366 990 411 nihil
1027 365 1172 409 dicunt
1209 363 1420 420 singulare
1451 365 1524 407 aut
1552 376 1651 420 pro-

85 449 240 508 prium,
271 449 376 492 nisi:
407 449 508 492 Mea
538 448 664 506 culpa
687 448 876 505 peccavi.
925 443 1190 503 Superfiuam
1209 443 1388 488 fortasse
1417 445 1481 486 set
1509 444 1651 485 tamen

87 525 314 572 officiosam
346 540 518 584 operam
548 526 823 581 assumimus,
854 523 1051 568 videlicet
1080 521 1315 566 Minervam
1345 521 1494 565 docere
1525 523 1651 575 artes,

85 606 133 650 in
163 605 314 650 silvam
342 605 453 649 ferre
482 603 620 660 ligna,
660 603 829 647 mittere
862 615 990 659 aquas
1027 601 1074 645 in
1102 600 1297 656 flumina,
1335 600 1480 644 iuvare
1509 597 1653 642 lumen

89 682 188 729 solis
221 682 405 728 accensis
435 681 609 726 facibus.
667 681 763 725 Non
794 680 984 737 doleatis,
1014 679 1238 723 karissime
1267 681 1402 736 pater,
1435 677 1546 734 quod
1574 676 1654 720 1100

87 776 173 807 11011
202 761 386 818 habetis,
426 761 537 817 quod
565 760 722 804 habent
752 759 933 817 cymices
975 761 1018 802 et
1046 756 1266 802 vermiculi
1277 754 1301 814 ¹,
1341 756 1538 814 quoniam
1574 755 1655 799 hoc

87 840 265 897 habetis,
288 840 399 897 quod
417 839 541 883 multi
560 839 751 883 homines
772 851 858 881 non
877 837 1054 891 habent3
1085 850 1183 892 non,
1204 836 1391 892 inquam,
1412 833 1654 894 tristemini,

90 918 207 977 quod
230 931 316 963 non
344 918 508 962 habetis
540 916 659 974 illud,
692 930 744 960 ex
776 929 857 973 quo
878 915 1016 959 Deum
1036 928 1159 958 nemo
1180 914 1287 958 vidit
1306 927 1520 971 umquam,
1553 926 1654 970 quo-

89 997 206 1042 niam
223 996 329 1041 illud
347 996 525 1052 habetis,
548 1009 600 1040 ex
622 1008 703 1053 quo
724 994 837 1039 beati
858 996 969 1050 sunt,
993 993 1064 1050 qui
1084 992 1222 1036 Deum
1241 992 1455 1036 videbunt.
1497 991 1656 1035 Iudicia

89 1075 263 1121 Domini
299 1075 475 1133 abyssus
514 1070 672 1118 multa²
703 1075 745 1116 et
782 1072 807 1116 ό
847 1071 1023 1116 altitudo
1063 1071 1306 1115 divitiarum
1344 1071 1576 1128 sapientiae
1615 1073 1657 1115 01

91 1154 290 1199 scientiae
319 1153 420 1210 Dei,
461 1166 587 1210 quam
616 1150 1056 1210 incomprehensibilia
1086 1152 1184 1193 sunt
1213 1149 1369 1193 iudicia
1400 1150 1489 1194 eius
1521 1152 1563 1193 et
1591 1149 1656 1192 in-

90 1232 357 1289 vestigabiles
387 1231 481 1276 viae
519 1226 643 1274 eius³.
696 1230 908 1288 ‘Tyrannis
941 1232 983 1274 et
1013 1227 1309 1272 aecclesiarum
1339 1228 1656 1272 subversoribus

91 1311 164 1356 dat
182 1310 513 1355 incolumitatem
535 1312 578 1353 et
599 1309 785 1352 omnium
804 1322 947 1353 rerum
969 1306 1239 1363 affluentiam,
1270 1305 1478 1362 religiosis
1501 1310 1543 1351 et
1564 1320 1656 1350 eru-

91 1389 191 1434 ditis
223 1389 430 1448 episcopis
452 1401 748 1446 corporeorum
774 1387 983 1432 subtrahit
1002 1386 1208 1430 visionem
1229 1384 1458 1442 oculorum,
1489 1399 1543 1429 110
1564 1399 1658 1441 gre-

91 1481 187 1525 gem
218 1481 340 1512 suum
372 1462 503 1511 oculis
535 1467 672 1511 carnis
702 1466 876 1510 videant
914 1469 956 1510 et
987 1463 1170 1509 officium
1202 1463 1347 1508 altaris
1378 1463 1554 1522 implere
1584 1478 1658 1508 va-

91 1547 218 1591 leant.
264 1546 430 1590 Patitur
461 1548 503 1590 et
534 1544 747 1602 apostolus
778 1544 950 1602 aliquid,
984 1543 1094 1601 quod
1113 1556 1199 1587 non
1217 1542 1322 1599 vult,
1352 1545 1527 1601 propter
1549 1543 1659 1600 quod

92 1628 157 1669 ter
176 1624 404 1669 Dominum
426 1624 694 1682 deprecatur3
725 1626 788 1667 set
809 1623 963 1667 dicitur
994 1623 1052 1667 ei:
1084 1623 1254 1681 Sufficit
1273 1622 1351 1665 tibi
1366 1624 1510 1680 qratia
1529 1618 1655 1676 mea⁴,

94 1706 136 1748 et
181 1703 234 1747 ad
276 1702 581 1747 revelationum
619 1701 925 1746 humiliandam
972 1702 1213 1759 superbiam
1257 1700 1441 1744 monitor
1488 1700 1658 1757 quidam

92 1781 300 1825 humanae
315 1780 615 1825 imbecillitatis
633 1780 859 1838 apponitur
868 1777 881 1799 ⁵
897 1780 943 1825 in
959 1780 1278 1824 similitudinem
1288 1778 1657 1836 triumphantium,

96 1859 245 1917 quibus
276 1859 323 1902 in
352 1872 478 1903 curru
506 1861 619 1902 retro
652 1872 790 1902 comes
831 1858 1079 1915 adherebat,
1117 1871 1193 1916 per
1232 1857 1417 1913 singulas
1456 1856 1658 1901 acclama-

95 1938 230 1983 tiones
262 1937 418 1982 civium
448 1937 611 1981 dicens:
643 1938 869 1982 Hominem
899 1946 936 1981 te
965 1945 1177 1981 memento.
1225 1935 1383 1980 Valete.

103 2098 216 2146 151.
247 2100 503 2143 Corbeienses
528 2099 777 2142 ,Bernhardo
810 2101 999 2156 episcopo
1031 2098 1372 2142 Hildesheimensi
1400 2099 1658 2155 respondent,

244 2177 487 2221 Heinricum
506 2177 537 2221 I
559 2177 768 2235 quondam
789 2192 908 2220 suum
930 2178 1116 2220 abbatem
1148 2176 1411 2235 quamobrem
1441 2177 1486 2218 in
1515 2192 1660 2219 mona-

246 2256 412 2299 sterium
443 2256 626 2312 recipere
658 2256 851 2298 abnuant.
1443 2252 1516 2307 (M.
1545 2253 1659 2308 132.)

217 2345 398 2389 Domino
431 2347 472 2388 et
501 2344 615 2402 patri
641 2344 905 2387 sanctissimo
925 2342 1182 2399 Bernhardo,
1214 2342 1444 2387 venerabili
1465 2343 1660 2401 episcopo

100 2426 269 2468 sanctae
299 2421 726 2467 Hildenesheimensis
763 2420 1007 2477 aecclesiae,
1045 2423 1272 2464 conventus
1304 2421 1528 2465 aecclesiae
1559 2421 1660 2465 Cor-

99 2501 280 2546 beiensis
320 2501 494 2546 devotae
532 2499 732 2545 orationis
769 2499 1014 2543 instantiam
1052 2502 1095 2543 et
1125 2498 1309 2543 debitam
1337 2499 1534 2543 karitatis
1563 2513 1660 2557 per-

101 2579 391 2624 severantiam.

217 2656 346 2702 Venit
383 2657 436 2700 ad
472 2671 549 2700 nos
588 2654 839 2700 venerabilis
878 2654 1006 2699 abbas
1045 2653 1189 2698 Sancti
1220 2651 1495 2711 Godehardi⁶,
1535 2655 1659 2699 homo

101 2737 146 2780 111
175 2738 319 2779 nostro
349 2734 602 2779 monasterio
634 2748 686 2778 ex
715 2733 839 2788 longo
870 2731 956 2775 iam
985 2735 1173 2790 tempore
1205 2732 1379 2777 dilectus
1412 2736 1453 2776 01
1479 2733 1659 2778 familia-

198 2841 231 2877 1.
255 2840 451 2877 Oculorum
476 2840 573 2876 enim
597 2839 737 2875 lumina
760 2838 933 2874 amiserat
952 2837 1186 2874 Bernhardus
1211 2837 1418 2884 episcopus.
1459 2838 1505 2875 V.
1524 2838 1658 2876 Chron.

102 2896 269 2937 Hildeshss
300 2900 418 2945 (Mon.
447 2899 510 2936 SS.
535 2900 618 2936 VII.
643 2899 748 2943 856).
880 2899 914 2934 2.
946 2898 1007 2934 Ρο.
1039 2897 1103 2942 35,
1135 2897 1169 2933 7.
1301 2898 1334 2934 3.
1367 2898 1471 2935 Rom.
1505 2900 1568 2945 11,
1600 2900 1658 2936 33.

102 2960 138 2997 4.
162 2961 185 2997 2
210 2960 290 2997 Cor.
318 2960 373 3006 12,
398 2960 432 2995 9.
529 2959 563 2995 5.
587 2960 632 2996 V.
660 2960 682 2995 2
699 2959 781 2995 Cor.
801 2958 855 3004 12,
874 2957 907 2994 7.
1003 2958 1038 2994 6.
1063 2956 1284 2994 Fridericus.

1676 285 1767 322 1149

1687 2347 1778 2383 1149
