1924 3288
606 184 804 216 wmAnm
833 183 1054 216 EP1s'r0LA
1085 183 1155 215 150.
1575 174 1660 217 247

97 282 141 324 et
168 279 426 337 incipiebant
455 280 640 336 grassari
677 280 723 324 in
762 294 859 324 suos
899 293 1118 338 compares
1157 283 1220 336 et,
1258 280 1448 338 proiecta
1478 281 1661 325 nominis
1691 283 1783 320 1148

95 357 230 402 nostri
259 370 308 402 ac
327 359 549 416 potestatis
571 358 820 415 reverentia,
851 358 994 416 predis
1016 371 1086 402 eos
1116 361 1159 403 et
1177 358 1338 416 rapinis
1358 358 1624 403 incessebant
1633 366 1659 403 ⁵.

94 435 356 481 Induxerunt
383 439 577 494 preterea
613 437 728 480 intra
764 450 907 481 muros
938 437 1036 484 atrii
1064 437 1310 481 monasterii
1338 438 1473 481 nostri
1502 437 1659 494 genusb

93 513 311 559 hominum
342 515 679 572 desperatorum,
710 515 916 572 predones
946 514 1141 559 videlicet
1169 529 1218 559 ac
1247 515 1430 560 latrones
1462 518 1505 560 et
1535 529 1658 573 quos—

93 592 191 637 dam
220 593 499 651 proscriptos,
532 593 583 637 de
615 593 764 651 quibus
794 593 964 651 publica
995 593 1257 650 querimonia
1287 593 1515 650 clamabat,
1548 594 1659 651 quod

93 671 184 716 vias
205 674 248 716 et
265 671 419 715 itinera
439 671 679 715 obsiderent
707 674 750 715 et
769 671 1001 715 latrociniis
1024 672 1166 715 omnia
1185 672 1500 729 permiscerent.
1534 671 1658 716 Com-

92 749 317 794 movebant
345 748 616 793 clandestinis
647 749 832 794 consiliis
864 749 991 794 corda
1021 750 1284 806 quorundam
1314 750 1494 794 fratrum
1515 750 1562 794 in
1592 763 1658 794 or-

92 827 190 872 dine
219 840 294 871 suo
325 826 636 871 dissolutorum.

209 904 329 957 Quod
356 904 515 949 malum
545 918 679 963 usque
710 905 813 950 adeo
840 905 1033 962 invaluit,
1064 908 1112 949 ut
1131 908 1228 963 post
1247 906 1430 950 reditum
1450 909 1656 964 nostrum,

91 997 216 1042 quem
244 983 324 1028 hac
352 983 603 1028 necessitate
634 987 731 1028 ante
751 983 996 1042 prefinitum
1017 987 1059 1028 et
1080 987 1332 1042 oportunum
1353 987 1520 1041 tempus
1541 997 1657 1028 acce-

89 1062 329 1118 leravimus,
360 1064 446 1106 tres
479 1062 529 1106 de
559 1062 794 1106 iunioribus
823 1062 1025 1106 fratribus
1054 1063 1100 1106 in
1122 1063 1407 1106 anniversario
1429 1062 1497 1106 die
1519 1063 1656 1106 obitus
1681 1071 1746 1102 cet.
1761 1072 1779 1102 8

89 1140 397 1198 predecessoris
427 1141 562 1184 nostri
593 1140 755 1184 abbatis
777 1140 966 1185 Heinrici
996 1155 1072 1198 pro
1097 1155 1146 1185 eo
1167 1141 1386 1185 nobiscum
1408 1154 1527 1185 orare
1548 1141 1656 1184 mul-

89 1219 248 1264 tociens
280 1218 499 1262 ammoniti
536 1218 838 1275 detrectarent,
879 1232 926 1262 eo
966 1219 1078 1276 quod
1115 1219 1331 1263 dominum
1368 1233 1491 1281 suum
1529 1219 1657 1277 depo-

89 1297 244 1342 suisset
273 1298 316 1342 et
345 1297 391 1341 in
421 1297 519 1342 sede
550 1298 640 1341 eius
671 1296 849 1341 sedisset
878 1300 1025 1341 contra
1055 1310 1248 1341 canones.
1295 1297 1378 1341 Pro
1410 1311 1493 1354 qua
1521 1298 1656 1342 rebel-

87 1375 199 1420 lione
229 1378 272 1420 et
301 1378 545 1433 contemptu
574 1378 776 1432 tanquam
805 1375 1092 1421 inobedientes
1125 1378 1167 1419 et
1192 1376 1407 1420 temerarii
1429 1376 1480 1419 de
1511 1390 1655 1420 mona-

84 1442 216 1498 sterio
247 1454 459 1498 communi
489 1454 677 1497 omnium
706 1452 861 1497 iudicio
893 1456 991 1497 sunt
1004 1453 1210 1510 proiecti.
1274 1454 1388 1506 Quae
1420 1455 1528 1499 actio
1561 1455 1655 1499 aliis

87 1531 371 1588 singularibus
401 1532 554 1576 litteris
584 1534 676 1575 tota
705 1531 945 1589 conscripta
968 1528 1066 1575 est¹.
1114 1531 1205 1576 Hoc
1234 1546 1442 1577 venenum
1474 1533 1525 1578 de
1557 1547 1655 1578 con-

86 1609 250 1654 flatorio
280 1609 460 1668 predicti
490 1609 771 1654 conventiculi
799 1609 972 1653 fluxisse
1003 1623 1088 1654 non
1119 1610 1347 1654 dubitatur.

206 1687 348 1733 Crevit
378 1688 550 1732 cottidie
581 1688 773 1732 simultas
805 1691 848 1732 et
866 1688 1027 1732 nocivis
1049 1689 1284 1744 augmentis
1304 1689 1350 1733 in
1370 1691 1536 1733 tantum
1556 1704 1654 1748 pro-

87 1769 208 1810 vecta
238 1769 316 1823 est,
346 1769 395 1810 ut
422 1766 488 1810 illi
516 1766 614 1824 ipsi,
646 1766 698 1810 de
730 1766 880 1823 quibus
911 1766 1070 1810 dictum
1101 1770 1178 1823 est,
1209 1781 1286 1811 nos
1316 1781 1394 1824 per
1424 1768 1653 1813 submissos

86 1844 270 1889 latrones
300 1844 511 1888 trucidare
541 1844 842 1902 temptaverint
871 1846 900 1888 4
930 1844 1023 1888 Kal.
1056 1844 1254 1889 Ianuarii.
1317 1845 1406 1898 Quo
1437 1846 1655 1903 nequiciae
1677 1858 1751 1889 Dec.
1768 1859 1807 1890 29

87 1926 240 1967 conatu
269 1922 477 1978 frustrati.
509 1920 678 1966 effracto
710 1922 874 1966 stabulo
904 1925 1063 1979 nostro,
1100 1926 1278 1980 quatuor
1309 1937 1438 1981 equos
1469 1923 1654 1969 abduxe-

85 2004 198 2057 runt,
230 2004 316 2045 tres
347 2000 498 2056 gladiis
529 2000 806 2044 confoderunt
815 1997 843 2044 ².
892 2000 983 2044 Hoc
1001 2001 1160 2045 factum
1179 2002 1226 2045 in
1256 2015 1328 2046 ore
1348 2002 1537 2046 omnium
1557 2015 1653 2046 cum

86 2079 379 2124 maledictione
408 2081 600 2122 versatur
631 2080 673 2122 et
700 2092 777 2122 nos
809 2078 1021 2123 anxietate
1053 2092 1102 2123 ac
1139 2079 1419 2124 sollicitudine
1446 2080 1650 2138 implevit.

204 2157 444 2215 Perpendat
467 2169 592 2212 nunc,
612 2156 839 2200 reverende
858 2159 993 2214 pater,
1025 2170 1074 2201 ac
1092 2157 1249 2202 iudicet
1269 2161 1410 2202 vestra
1428 2159 1654 2217 prudentia

87 2236 138 2281 de
168 2239 308 2280 vestra
337 2235 546 2294 peticione
578 2248 703 2292 super
732 2234 846 2278 illius
876 2235 1020 2278 fratris
1050 2235 1096 2279 in
1117 2236 1346 2280 claustrum
1374 2241 1566 2281 nostrum
1586 2252 1651 2282 re-

86 2314 297 2371 ceptione,
338 2314 409 2370 qui
445 2315 535 2356 tam
564 2312 732 2356 mobilis
771 2315 813 2356 et
850 2313 1132 2358 convertibilis
1165 2315 1295 2358 animi
1326 2318 1411 2371 est,
1452 2315 1523 2372 qui
1554 2329 1651 2359 con—

87 2392 224 2436 suevit
252 2405 480 2450 pravorum
518 2390 653 2446 magis
693 2404 819 2447 quam
849 2391 1118 2448 prudentium
1158 2392 1420 2449 acquiescere
1451 2393 1648 2437 consiliis.

86 2469 177 2514 Hoc
206 2473 272 2514 est
300 2470 442 2525 ignem
471 2469 517 2512 in
548 2469 643 2512 sinu
673 2468 910 2513 recondere.
1021 2468 1214 2514 Audistis
1244 2483 1369 2526 nunc,
1401 2484 1508 2527 quae
1538 2472 1651 2515 mala

87 2548 206 2592 nobis
236 2547 396 2603 fecerit,
427 2546 650 2602 intelligite
681 2560 805 2602 nunc,
838 2560 944 2603 quae
974 2561 1051 2590 nos
1083 2548 1122 2592 ei
1151 2548 1262 2592 bona
1292 2548 1557 2592 contulimus.

203 2625 359 2670 Fuerat
386 2625 431 2669 111
463 2625 662 2682 obsequio
694 2638 769 2668 suo
805 2624 968 2668 iuvenis
1006 2624 1197 2681 quidam,
1237 2625 1348 2669 filius
1385 2626 1530 2670 fratris
1570 2627 1648 2685 sui,

86 2703 254 2748 nomine
284 2703 550 2760 Cuonradus,
591 2703 662 2760 qui
701 2703 755 2746 ad
792 2716 868 2746 nos
906 2716 1099 2747 reversus
1140 2707 1222 2759 est,
1261 2703 1447 2747 nondum
1484 2704 1648 2749 deterso
1677 2711 1767 2747 1147

87 2781 238 2826 sudore
267 2782 430 2826 itineris
460 2781 652 2826 Romani.
713 2781 824 2825 Eum
859 2794 935 2824 nos
965 2794 1050 2825 non
1081 2780 1216 2825 solum
1245 2781 1471 2826 clementer
1504 2797 1647 2828 verum
1693 2760 1755 2791 Im

183 2892 210 2913 a.
237 2883 429 2913 incessabant
450 2895 475 2914 c.
558 2883 588 2913 b.
610 2882 666 2921 gfis
689 2895 715 2912 c.

182 2947 215 2982 1.
240 2946 286 2983 V.
311 2957 370 2993 ep.
387 2947 455 2984 126
480 2957 590 2994 supra
613 2957 650 2993 p.
671 2946 742 2983 200
757 2956 811 2993 sq.
908 2947 941 2983 2.
971 2945 1017 2983 V.
1041 2956 1099 2993 ep.
1119 2945 1187 2983 149
1213 2957 1325 2994 supra
1347 2957 1383 2994 p.
1402 2948 1473 2985 230
1488 2958 1544 2997 sq.
