1924 3288
589 221 787 252 wmALm
815 219 1035 252 EP1s¹r0LA
1064 219 1113 250 58.
1552 207 1633 250 137

75 319 278 374 augentur
320 316 504 361 rationes
544 316 736 360 dolorum
746 323 772 360 ⁸.
895 315 1037 370 Certe,
1087 318 1134 359 ut
1171 317 1336 359 caetera
1371 314 1637 358 incommoda
1663 317 1754 354 1147

75 395 292 451 silemus,
332 395 452 438 nobis
489 408 705 439 senescere
734 408 819 438 non
850 394 967 448 licet3
1006 394 1134 437 immo
1166 393 1418 437 senescimus
1451 393 1633 449 quidem,
1677 366 1742 397 Μ’

75 473 149 518 scd
186 473 324 530 quies,
365 487 471 530 quae
509 473 676 517 senibus
717 475 759 516 et
793 472 978 516 emeritis
1009 475 1242 530 prestatur,
1281 470 1402 515 nobis
1433 470 1635 515 Corbeiae

73 554 263 608 negatur.
309 551 419 595 Novi
447 550 633 606 labores,
672 564 782 593 nova
811 550 1039 605 industria,
1071 564 1181 593 nova
1211 549 1469 606 eloquentia,
1502 563 1635 593 novae

72 629 309 685 largitates,
348 642 458 672 nova
493 627 804 684 magnificentia
835 629 860 672 a
889 628 1009 671 nobis
1041 628 1193 671 cotidie
1225 630 1499 685 expetuntur,
1539 641 1635 671 cum

72 708 159 751 iam
198 708 270 751 diu
306 706 474 762 fatigati
512 706 696 763 aliquam
734 706 925 749 laborum
963 709 1203 749 nostrorum
1234 709 1391 750 metam
1420 706 1634 764 prospice-

72 799 227 841 remus,
261 785 444 842 aliquam
474 784 769 840 fatigationum
798 784 987 841 requiem
1018 797 1294 841 speraremus.
1341 784 1430 828 Aut
1457 797 1634 841 peccan-

75 864 174 908 dum
194 864 197 867 ’
218 866 282 908 est
326 863 372 906 in
415 877 507 906 rem
546 863 758 920 publicam
798 865 871 906 aut
908 863 1125 905 hominum
1164 861 1412 906 offensiones
1451 862 1634 906 toleran-

75 942 165 986 dae.
212 942 320 985 Tum
348 945 541 999 preterea
569 945 715 985 nostra
746 944 881 984 aetate
913 940 1046 983 omnis
1078 940 1212 997 pudor
1244 940 1467 996 abscessit,
1499 941 1634 984 omnis

74 1021 310 1064 reverentia
348 1020 534 1063 extincta
570 1022 653 1075 est,
699 1006 802 1062 fides
841 1019 1003 1062 interiit
1040 1021 1082 1062 et
1117 1018 1315 1062 honestas
1352 1022 1519 1062 mortua
1558 1022 1634 1062 est.

75 1098 184 1150 Quid
218 1098 348 1154 igitur
384 1098 544 1155 placuit
573 1097 691 1141 vobis
730 1097 944 1154 duplicare
977 1097 1141 1140 labores
1172 1097 1365 1140 nostros?
1426 1097 1637 1148 Quantum

74 1177 125 1220 in¹
149 1175 416 1220 reformanda
446 1178 488 1219 et
518 1175 778 1224 observanda
806 1175 1008 1230 religione
1038 1175 1221 1218 fructum
1250 1176 1387 1218 facere
1407 1175 1635 1231 valeamus,

74 1255 206 1299 vestri
235 1254 433 1309 defectus,
464 1254 593 1297 vestri
620 1253 799 1309 labores,
832 1254 903 1310 qui
925 1267 976 1297 ex
996 1267 1224 1310 pravorum
1243 1253 1498 1310 inprobitate
1518 1253 1636 1297 vobis

76 1333 227 1377 cotidie
257 1335 512 1387 accrescunt,
544 1332 692 1375 docere
722 1346 796 1375 vos
826 1331 1027 1389 perfacile
1058 1335 1246 1388 possunt.
1301 1331 1432 1375 Porro
1465 1332 1636 1376 divitiae

76 1411 178 1468 quid
205 1414 383 1468 prosunt
412 1411 639 1467 inquietis?
701 1409 908 1465 Colligitis
938 1410 1099 1466 itaque,
1132 1410 1243 1466 quod
1272 1423 1407 1466 neque
1437 1410 1483 1453 in
1513 1410 1637 1467 spiri-

75 1489 259 1533 tualibus
289 1502 424 1545 neque
454 1489 498 1532 in
526 1488 782 1532 secularibus
804 1488 985 1531 solidum
1005 1488 1205 1543 gaudium
1224 1488 1378 1532 habere
1398 1502 1635 1545 possumus.

78 1567 152 1611 Set
181 1581 277 1625 spes
306 1571 453 1611 nostra
482 1567 617 1622 Deus,
649 1567 782 1610 honor
811 1570 973 1621 noster,
1005 1580 1134 1621 genus
1165 1569 1369 1622 nostrum,
1403 1566 1637 1610 sublimitas

76 1649 241 1702 nostra,
283 1645 485 1690 exultatio
523 1649 687 1701 nostra,
726 1645 772 1688 in
812 1644 1189 1687 amministratione
1221 1658 1319 1687 suae
1350 1645 1413 1688 rei
1442 1644 1636 1701 publicae

75 1726 222 1768 nostra
250 1724 460 1781 parvitate
489 1727 693 1780 tanquam
724 1737 797 1766 suo
828 1723 1126 1778 instrumente,
1165 1722 1264 1766 licet
1293 1722 1368 1766 vili
1399 1726 1441 1766 et
1471 1723 1636 1778 exiguo,

76 1802 229 1857 utitur,
269 1815 427 1858 nosque
457 1816 534 1859 per
565 1816 667 1858 quos
698 1801 789 1845 vult
818 1801 1023 1856 graduum
1053 1804 1297 1858 provectus,
1329 1804 1531 1857 tanquam
1560 1815 1637 1858 per

76 1879 325 1924 munuscula
355 1880 547 1936 quedam,
580 1880 633 1923 ad
663 1880 730 1923 sui
758 1879 939 1922 nominis
969 1892 1154 1922 amorem
1174 1878 1399 1922 clementer
1422 1879 1564 1934 allicit,
1596 1883 1638 1922 et

76 1961 247 2002 nostrae
284 1957 526 2013 fragilitatis
565 1971 759 2001 excessus
799 1957 1019 2000 cotidianis
1054 1957 1182 2000 immo
1214 1957 1393 2000 assiduis
1423 1957 1636 2001 laboribus

77 2036 192 2080 velut
222 2036 471 2093 quibusdam
500 2035 677 2091 flagellis
709 2038 750 2079 et
781 2035 1142 2090 amaritudinibus,
1177 2049 1230 2078 ne
1262 2035 1313 2078 ab
1344 2035 1436 2092 ipso
1467 2035 1637 2079 receda-

78 2129 191 2170 mus,
237 2115 513 2171 comprimere
551 2114 759 2169 dignatur.
881 2113 945 2156 De
984 2114 1188 2157 Turnines
1227 2116 1394 2157 tantum
1433 2113 1634 2169 dolemus,

79 2195 281 2249 quantum
311 2192 449 2235 verbis
482 2193 716 2249 exprimere
746 2205 831 2235 non
850 2205 1084 2248 possumus.
1135 2190 1292 2248 Superb
1315 2205 1397 2247 qua
1415 2206 1462 2235 re
1483 2192 1635 2235 domno

78 2270 300 2334 Leodiensi
321 2271 515 2328 episcopo
538 2270 781 2326 scripsimus
794 2267 817 2324 ¹,
848 2270 955 2312 sicut
974 2269 1020 2312 in
1039 2269 1276 2312 litterarum
1297 2269 1503 2326 exemplo,
1526 2270 1636 2325 quod

78 2349 196 2393 vobis
227 2349 552 2403 transmisimus,
584 2348 725 2391 videre
754 2347 942 2404 potestis.
991 2347 1037 2390 Si
1067 2347 1243 2390 domnus
1265 2361 1388 2404 papa,
1422 2351 1469 2390 ut
1488 2348 1634 2402 fertur,

81 2427 294 2471 Treverim
323 2431 522 2471 venturus
560 2429 644 2481 est,
684 2439 760 2468 nos
789 2425 902 2482 ipsos
935 2425 988 2468 ad
1017 2425 1125 2469 hanc
1155 2439 1324 2468 causam
1353 2425 1635 2482 peragendam

81 2505 375 2562 expectabitis3
413 2505 478 2548 sin
508 2507 648 2548 autem
680 2511 832 2546 vanus⁰
864 2516 1006 2546 rumor
1039 2506 1121 2558 est,
1153 2503 1325 2546 fratrem
1357 2503 1634 2558 H(enricum),

80 2586 269 2626 nostrum
308 2583 506 2626 dilectum
543 2581 698 2636 filium,
740 2584 782 2624 et
811 2579 1104 2623 Erleboldum‘¹
1134 2581 1308 2624 fratrem
1347 2581 1400 2624 ad
1437 2581 1634 2624 domnum

80 2675 235 2718 papam
264 2664 427 2704 mature
457 2660 647 2715 mittetis,
678 2660 858 2703 ferentes
887 2672 1026 2701 secum
1048 2659 1188 2701 omnia
1207 2659 1497 2713 instrumenta,
1530 2672 1636 2714 quae

82 2739 134 2783 de
170 2739 372 2782 Tornines
411 2738 516 2782 bene
557 2738 673 2781 salva
711 2751 787 2794 per
823 2750 898 2779 nos
936 2736 1119 2790 habetis,
1159 2739 1201 2779 et
1239 2736 1435 2793 preoipue
1472 2736 1635 2781 litteras

178 2858 383 2908 a3douorum
412 2870 437 2888 c.
530 2857 560 2887 b.
590 2857 686 2896 Super
719 2872 750 2876 —
784 2855 959 2894 scripsimus
991 2866 1080 2885 erasa
1107 2861 1176 2886 sunt
1204 2857 1233 2885 in
1261 2856 1329 2886 cod.
1426 2864 1452 2886 c.
1481 2856 1580 2887 minus
1608 2869 1634 2888 c.

84 2910 113 2959 d.
143 2910 232 2942 Erleb
254 2923 280 2942 c.

177 2982 211 3018 1.
243 2992 302 3027 ep.
319 2982 362 3017 57
388 2991 498 3026 supra
521 2992 557 3027 p.
575 2980 653 3016 134.
