1924 3288
578 191 777 225 wnmm
805 191 1026 225 nersroLA
1056 190 1126 224 382.
1548 181 1637 226 513

72 282 201 342 38:2⁸⁷
214 267 432 346 Euyeniue
455 288 533 333 HI
553 305 676 348 papa
711 289 756 333 F
750 291 926 334 riderico
954 288 984 333 I
1012 290 1103 347 reyt‘
1139 290 1351 333 constituto
1387 289 1636 346 yratulatur.

135 417 139 421 ,
219 364 384 424 Sperat,
400 368 610 424 promissa
626 368 810 411 Conradi
827 370 936 426 reqis
953 384 1031 426 per
1051 383 1144 411 eum
1162 367 1376 425 impletum
1395 368 1462 410 iri.
1495 368 1637 421 Addit,

163 459 166 497 j
215 459 259 487 se
278 444 468 502 ieqatwm
491 446 738 502 propediem
767 447 990 489 missurum
1021 452 1138 489 ess-effi
1421 442 1494 498 (M.
1518 444 1637 498 378.)

147 550 150 555 ·
185 531 400 588 Eugenius
421 534 641 591 episcopus
663 548 808 578 servus
830 548 1047 579 servorum
1061 534 1143 579 Dei
1163 533 1388 578 karissimo
1405 534 1452 578 in
1468 533 1636 577 Christo

67 608 155 655 filio
182 609 432 666 F(riderico)
461 611 617 656 illustri
639 611 925 656 Romanorum
955 613 1047 668 regi
1076 612 1257 657 salutem
1288 615 1330 657 et
1361 611 1638 670 apostolicam

68 687 415 735 benedictionem..

186 765 356 811 Nuntiis
394 768 586 823 egregiae
623 771 721 812 tuae
750 768 983 812 nobilitatis
1015 771 1057 813 et
1086 768 1241 812 litteris
1273 767 1453 823 benigne
1485 780 1535 811 ac
1563 767 1639 810 ho-

67 847 187 889 neste
217 844 437 902 susceptis,
469 849 512 889 et
540 846 730 903 ipsorum
760 845 875 890 fideli
906 850 948 890 et
976 846 1176 904 prudenti
1206 846 1450 890 narratione
1481 848 1523 889 et
1545 845 1640 888 illa-

67 935 165 966 rum
207 921 531 978 diligentissima
573 924 856 981 inspectione,
903 938 1129 981 personam
1167 927 1305 980 tuam,
1351 924 1438 967 iam
1475 922 1642 981 pridem

67 998 188 1044 nobis
218 999 435 1056 dilectam,
472 1004 570 1058 post
600 1001 816 1046 decessum
846 1003 989 1060 patrui
1018 1002 1101 1058 tui,
1137 1001 1383 1046 recolendae
1413 1001 1642 1045 memoriae

69 1077 284 1133 G(onradi)
304 1078 588 1123 Romanorum
617 1081 744 1136 regis,
774 1081 870 1138 pari
890 1083 988 1124 voto
1020 1083 1062 1124 et
1084 1080 1276 1123 unanimi
1297 1093 1504 1123 consensu
1525 1079 1642 1136 prin-

69 1155 212 1214 cipum
239 1156 286 1200 in
314 1157 436 1212 regni
465 1157 682 1213 fastigium
711 1162 948 1216 promotam
972 1172 1077 1214 esse,
1108 1158 1333 1203 manifeste
1354 1157 1640 1213 cognovimus.

69 1234 189 1286 Quod
217 1238 336 1278 tanto
365 1235 581 1279 uberioreb
613 1236 870 1280 exultatione
902 1237 1176 1293 suscepimuS‚
1210 1238 1366 1293 quanto
1398 1249 1476 1293 per
1501 1234 1644 1278 dilecti

68 1310 147 1356 filii
174 1312 310 1356 nostri
335 1311 587 1367 O(ctaviani)
617 1314 844 1371 presbiteri
873 1314 1100 1358 cardinalis
1113 1311 1125 1331 ¹
1154 1314 1444 1358 narrationem
1476 1316 1518 1357 et
1547 1317 1642 1357 tua-

68 1404 165 1434 rum
202 1389 441 1435 litterarum
478 1392 787 1449 susceptionem
826 1406 947 1450 spem
985 1392 1204 1436 certiorem
1244 1392 1295 1436 de
1326 1395 1402 1435 tua
1432 1391 1644 1435 industria

69 1467 157 1512 iam
187 1470 310 1513 antea
338 1468 596 1513 tenebamus.
638 1469 728 1514 Deo
759 1471 902 1527 igitur,
936 1485 961 1515 a
992 1484 1073 1527 quo
1106 1473 1170 1514 est
1201 1484 1324 1514 omne
1356 1470 1503 1514 datum
1533 1469 1643 1526 opti-

15 1582 19 1585 .
69 1559 186 1591 mum
217 1550 260 1591 et
289 1560 411 1590 omne
441 1546 596 1591 donum
626 1549 859 1605 perfectum
869 1546 898 1605 ²,
930 1549 982 1593 de
1013 1549 1138 1593 corde
1169 1549 1327 1604 gratias
1360 1548 1522 1592 debitas
1545 1561 1643 1605 per-

70 1624 292 1680 solventes,
324 1624 436 1681 quod
467 1625 518 1669 de
548 1629 622 1669 tua
653 1627 932 1671 strennuitate
963 1627 1108 1670 divina
1139 1626 1363 1670 clementia
1394 1626 1643 1683 disponente

69 1705 159 1746 tam
197 1702 458 1747 concorditer
494 1703 653 1747 factum
689 1718 780 1749 esse
811 1705 1102 1761 cognovimus,
1130 1705 1324 1760 benigno
1355 1704 1500 1748 favore
1533 1703 1644 1747 sedis

71 1780 325 1838 apostolicae
357 1780 652 1838 approbamus.
716 1782 935 1827 Credimus
968 1784 1079 1827 enim
1092 1791 1120 1839 ⁰,
1158 1782 1270 1840 quod
1298 1782 1470 1837 bonum,
1504 1782 1528 1825 a
1557 1782 1644 1824 iam

71 1858 183 1903 dicto
227 1862 378 1917 patruo
425 1861 467 1903 et
512 1859 806 1917 predecessore
843 1863 915 1904 tuo
955 1860 1136 1905 firmiter
1174 1860 1295 1904 nobis
1335 1863 1377 1903 et
1418 1859 1644 1903 aecclesiae

70 1935 284 1981 Romanae
327 1937 604 1995 promissum,
649 1952 726 1996 per
767 1952 994 1994 generosae
1038 1939 1272 1983 devotionis
1321 1941 1420 1982 tuae
1458 1938 1645 1981 studium

71 2013 357 2075 'desideratum
389 2016 413 2059 a
442 2016 563 2060 nobis
596 2016 826 2060 auxiliante
856 2016 1039 2060 Domino
1071 2016 1272 2060 sortietur
1303 2014 1509 2059 effectum.
1556 2015 1642 2059 Nos

74 2093 283 2150 siquidem
314 2093 368 2137 ad
396 2093 567 2138 honoris
599 2097 641 2138 et
671 2093 938 2138 exaltationis
968 2097 1067 2138 tuae
1099 2096 1371 2150 augmentum
1400 2107 1478 2151 pro
1503 2093 1643 2137 debito

74 2171 289 2215 commissi
318 2171 439 2215 nobis
471 2170 617 2228 officii,
658 2186 840 2230 superna
869 2176 1120 2229 cooperante
1151 2172 1308 2228 gratia,
1348 2171 1547 2216 attentius
1578 2171 1644 2214 in-

74 2249 286 2300 tendimus
316 2249 520 2294 laborare.
581 2249 819 2308 Eapropter
850 2250 901 2293 de
933 2250 1239 2294 communicato
1268 2250 1449 2294 fratrum
1478 2253 1643 2293 nostro-

75 2341 171 2372 rum
201 2327 374 2371 consilio
394 2327 580 2383 legatum
611 2327 661 2371 de
690 2328 822 2371 latere
851 2330 994 2370 nostro
1027 2327 1080 2370 ad
1108 2330 1223 2372 tuam
1258 2328 1527 2372 serenitatem
1559 2327 1644 2370 dis-

75 2406 294 2464 posuimus
324 2406 370 2449 in
399 2405 592 2463 proximo
624 2405 858 2461 destinare,
898 2418 973 2461 per
1004 2418 1129 2462 quem
1150 2406 1428 2450 intentionem
1457 2405 1525 2450 et‘¹
1545 2418 1644 2463 pro-

76 2484 261 2542 positum
305 2487 498 2528 nostrum
544 2487 642 2527 tuae
687 2482 844 2539 gloriae
889 2483 1173 2540 disposuimus
1223 2484 1399 2541 aperire.
1470 2483 1643 2526 Interim

79 2565 219 2606 autem
248 2563 408 2618 regiam
441 2561 688 2617 dignitatem
718 2563 836 2604 tuam
860 2563 1018 2604 attente
1038 2575 1271 2617 monemus,
1302 2565 1350 2606 ut
1369 2561 1643 2620 professionis

77 2641 218 2696 regiae
246 2640 425 2684 formam
456 2638 690 2697 perspicaci
717 2637 876 2681 lumine
907 2638 1060 2682 mentis
1085 2653 1251 2696 semper
1272 2640 1465 2684 attendas
1487 2642 1530 2682 et
1551 2652 1644 2682 aec-

78 2717 229 2763 clesiae
259 2718 341 2763 Dei
376 2721 419 2762 et
449 2716 766 2761 aecclesiasticis
797 2717 989 2773 personis
1020 2721 1261 2776 promptam
1292 2721 1334 2761 et
1364 2717 1550 2761 debitam
1579 2717 1644 2760 iu-

175 2841 202 2862 a.
224 2834 309 2863 Haec
331 2833 460 2872 epistola
483 2833 512 2861 ἰιι
535 2831 638 2861 codice
661 2830 704 2861 bis
726 2831 841 2869 εενίρία
863 2836 923 2861 esi.-
952 2831 981 2861 1.
1001 2832 1059 2868 fol.
1073 2832 1201 2862 134v—
1214 2831 1285 2868 135,
1307 2832 1337 2861 2.
1358 2832 1415 2869 fol.
1431 2830 1535 2862 143—
1548 2830 1642 2861 1430.

78 2883 262 2916 b.ubefiofi
282 2887 311 2929 2.
395 2886 524 2916 c.enhn
545 2885 647 2915 om.2.
731 2883 818 2914 d.ac
839 2885 865 2914 2

175 2950 208 2985 1.
233 2949 289 2985 tit.
308 2947 345 2986 S.
363 2949 557 2986 Caeciliae.
652 2948 687 2984 2.
711 2947 834 2985 Iacob.
852 2947 885 2994 1,
903 2947 959 2984 17.

151 3012 254 3048 Jun'.
277 3016 465 3045 Bibliotheca
487 3015 509 3044 1.
1312 3014 1358 3050 33

1675 541 1769 577 1152

1661 589 1732 621 Mai.
1745 591 1783 621 17
