1924 3288
321 188 405 232 120
785 201 982 232 wmALm
1010 200 1259 233 ims'romn
1287 200 1432 232 40—42.

202 296 293 333 114⁷
319 307 445 351 quam
475 294 595 339 detis.
647 295 737 340 Hoc
767 299 876 340 esset
904 294 1097 340 veneficis
1129 309 1335 340 venenum
1364 309 1609 355 procurare,
1645 296 1870 345 rebellibus

202 1269 292 1305 1147

193 2393 284 2449 114?

319 385 437 416 arma
467 373 579 428 dare,
611 373 770 416 insanis
801 373 962 417 clavam
990 373 1215 431 porrigere.
1263 373 1375 418 Dum
1395 375 1441 418 in
1459 377 1712 421 monasterio
1729 379 1870 422 vestro

316 449 449 493 frater
488 464 579 494 esse
609 450 848 506 videbatur,
889 451 966 495 sub
997 451 1134 509 specie
1165 455 1207 496 et
1234 452 1403 496 nomine
1433 453 1669 511 prebendae
1697 457 1871 513 propter

317 527 472 571 bonum
509 528 626 584 pacis
664 528 862 585 potuistis
891 543 1033 573 rerum
1062 532 1296 574 vestrarum
1327 530 1546 588 dispendio
1576 531 1794 577 obstruere
1822 524 1871 577 os

315 603 575 661 loquentium
605 605 761 661 iniqua.
807 605 929 650 Nunc
957 621 1077 664 vero,
1112 611 1334 666 postquam
1364 608 1496 653 frater
1526 622 1618 653 esse
1647 611 1690 653 et
1715 608 1870 655 habere

317 682 572 739 prebendam
602 682 740 739 desiit,
773 698 798 728 a
828 684 980 729 domno
1009 699 1122 743 papa
1151 686 1465 742 condemnatus,
1496 686 1652 731 donare
1678 687 1731 743 ei,
1759 686 1871 732 unde

317 759 433 803 vobis
464 762 624 815 noceat,
655 774 740 804 non
770 761 905 805 solum
934 763 1070 820 turpis
1098 764 1290 821 symonia
1310 767 1374 808 set
1394 764 1521 808 etiam
1542 767 1690 822 aperta
1705 763 1872 810 insania

318 839 392 880 est.
439 836 525 880 Nos
556 836 608 880 de
637 851 740 895 pace
770 853 865 883 cum
894 840 986 898 ipso
1015 840 1208 885 habenda
1236 854 1313 885 nec
1337 842 1477 899 ipsum
1497 842 1696 886 domnum
1713 855 1871 900 papam

318 914 462 958 audire
492 915 717 972 potuimus,
748 917 903 961 nedum
931 917 1232 963 Prumiensem.

318 1076 402 1142 41.
434 1098 655 1142 Hem-im
683 1111 759 1139 rex
787 1095 967 1140 wibaldi
985 1098 1233 1157 fidelitatem
1252 1098 1407 1141 laudat.
1456 1098 1634 1142 Corn-'cia
1654 1098 1740 1142 eim
1756 1099 1873 1158 seque

435 1176 530 1238 vult.
575 1175 749 1218 Missum
781 1190 928 1232 equum
958 1176 1118 1232 accipit.
1684 1173 1756 1229 (Μ.
1779 1174 1869 1231 30.)

436 1264 657 1308 Heinricus
687 1263 769 1306 Dei
805 1262 943 1318 gratia
970 1262 1252 1307 Romanorum
1280 1277 1357 1308 rex
1375 1263 1568 1309 Wibaldo
1599 1263 1741 1309 abbati
1769 1262 1871 1309 Gor-

317 1342 478 1387 beiensi
507 1341 666 1398 gratiae
697 1354 797 1384 suae
825 1340 1140 1398 plenitudinem.

437 1419 553 1464 Certi
589 1432 751 1474 sumus,
791 1417 901 1474 quod
930 1420 1018 1461 tam
1046 1431 1124 1462 nos
1155 1431 1280 1474 quam
1310 1421 1476 1476 patrem
1504 1420 1695 1462 nostrum
1726 1418 1872 1478 eodem

319 1497 571 1542 sinceritatis
603 1495 754 1540 affectu
783 1495 1073 1552 complectaris
1105 1499 1146 1539 et
1175 1509 1329 1551 magna
1356 1495 1455 1540 fidei
1483 1496 1718 1540 constantia
1741 1495 1872 1541 hono-

318 1589 410 1619 rem
438 1575 656 1630 utriusque
685 1574 794 1617 tueri
825 1576 866 1616 et
894 1586 1141 1630 promovere
1171 1575 1351 1629 satagas.
1397 1573 1578 1618 Proinde
1609 1573 1871 1618 discretionis

319 1656 416 1696 tuae
447 1652 669 1696 consilium
699 1651 750 1694 de
781 1651 1157 1694 amministratione
1187 1651 1325 1707 regni,
1357 1651 1409 1695 de
1438 1664 1541 1708 pace
1570 1649 1788 1708 firmanda,
1819 1651 1872 1697 de

318 1730 579 1787 principibus
609 1728 860 1786 recipiendis
892 1731 934 1771 et
962 1728 1216 1771 honorandis
1246 1731 1336 1772 tota
1366 1729 1496 1772 animi
1526 1727 1739 1773 alacritate
1758 1742 1871 1774 com-

318 1807 554 1865 plectimur,
587 1810 628 1851 et
656 1810 744 1850 tam
774 1806 820 1849 in
848 1805 914 1848 his
946 1819 1070 1861 quam
1100 1806 1145 1848 in
1176 1805 1268 1848 aliis
1299 1806 1547 1863 prudentiae
1575 1809 1673 1851 tuae
1690 1805 1871 1851 familia-

318 1899 410 1929 rem
449 1885 683 1929 doctrinam
711 1883 871 1927 imitari
901 1883 1199 1927 desideramus.
1319 1881 1659 1928 Ambulatorem¹
1687 1897 1813 1941 vere,
1845 1883 1872 1930 a

320 1966 393 2006 tua
421 1962 672 2006 liberalitate
701 1961 822 2005 nobis
853 1960 1160 2016 transmissum,
1192 1961 1237 2004 in
1261 1962 1507 2006 memoriam
1527 1965 1570 2006 et
1588 1959 1755 2018 signum
1772 1964 1871 2007 tuae

321 2040 553 2084 dilectionis
585 2039 639 2083 ad
669 2035 838 2083 sellam²
866 2042 1054 2082 nostram
1085 2038 1374 2083 detinebimus.

321 2222 404 2270 42.
437 2223 656 2268 Heinricus
675 2225 960 2267 Romanorum
988 2239 1064 2267 rex
1083 2223 1318 2282 Eugenium
1338 2222 1414 2267 III
1416 2238 1579 2281 papam
1592 2224 1871 2280 patrocinium

440 2301 653 2361 esflayitat.
951 2327 957 2332 —
1685 2298 1757 2354 (Μ.
1779 2300 1868 2354 54.)

437 2390 678 2434 Reverendo
707 2389 753 2432 in
779 2388 945 2433 Christo
974 2389 1087 2446 patri
1118 2393 1160 2434 et
1189 2389 1356 2433 domino
1384 2403 1458 2434 suo
1485 2388 1675 2444 Eugenio
1706 2402 1870 2434 summo

322 2472 364 2513 et
406 2467 635 2512 universali
676 2465 865 2525 pontifici
900 2466 1121 2511 Heinricus
1166 2467 1247 2511 Dei
1291 2467 1428 2522 gratia
1468 2465 1751 2511 Romanorum
1792 2480 1869 2512 rex

323 2546 486 2591 debitae
516 2545 749 2589 dilectionis
780 2548 823 2588 et
852 2544 1040 2601 obsequii
1069 2545 1363 2589 sinceritatem.
1538 2596 1540 2598 ¹

438 2623 687 2667 Benedictus
707 2622 835 2678 Deus,
867 2622 940 2678 qui
969 2622 1203 2666 sanctitatis
1232 2625 1396 2666 vestrae
1424 2620 1717 2666 discretionem
1741 2622 1788 2667 in
1806 2621 1869 2668 of-

321 2700 461 2745 ficium
499 2704 542 2744 et
576 2699 929 2757 dispensationem
958 2700 1111 2743 summi
1139 2698 1404 2757 pontificatus
1434 2711 1645 2743 assumere
1674 2699 1869 2755 dignatus

324 2782 398 2822 est.
446 2778 658 2822 Iusticiam
685 2778 797 2821 enim
818 2781 859 2821 et
878 2777 1111 2832 veritatem,
1133 2777 1240 2821 sicut
1258 2775 1442 2831 religiosi
1462 2775 1513 2819 de
1531 2776 1649 2820 vobis
1670 2777 1868 2834 sentiunt,

322 2855 509 2911 diligitis,
541 2858 584 2899 et
613 2868 719 2911 quae
750 2855 803 2898 ad
833 2854 1023 2899 decorem
1053 2854 1199 2898 domus
1223 2853 1302 2898 Dei
1333 2855 1537 2911 spectant7
1568 2853 1743 2898 sollicite
1771 2867 1867 2913 per-

417 2943 448 2978 1.
474 2953 607 2991 equum
630 2942 850 2990 gradarium.
944 2942 978 2978 2.
1003 2940 1228 2988 ephippium.
