1924 3288
168 698 259 734 1157

162 1319 254 1355 1158

147 1368 203 1400 Iul.
220 1369 259 1400 19

164 1942 256 1978 1159

149 2027 205 2059 Iul.
222 2027 262 2059 26

284 192 370 237 608
825 203 1023 236 wmAnm
1050 203 1298 237 nprsrom

403 298 618 356 Siquidem
655 311 752 342 cum
789 312 867 356 pro
902 299 1080 356 insigni,
1127 313 1211 356 qua
1246 313 1347 355 erga
1386 301 1642 343 sanctorum*
1655 295 1837 344 exuvias

282 377 470 422 fervebat
481 374 504 434 ¹,
537 377 756 421 devotione
783 377 1006 422 nonnullas
1037 378 1247 435 quondam
1269 376 1501 422 beatissimi
1520 373 1609 421 Viti
1635 377 1845 435 martyris

281 455 481 512 reliquias
522 468 574 500 ex
604 454 846 499 Gorbeiensi
885 468 962 499 sua
999 455 1173 500 eeclesia
1211 455 1411 500 attulerat
1448 455 1502 499 ad
1537 454 1838 501 monasterium

285 533 544 590 Stabulense,
574 546 652 591 pro
683 546 860 590 quarum
889 533 1053 578 decenti
1082 537 1125 578 et
1152 532 1380 578 honorifica
1409 533 1697 577 asservatione
1709 533 1840 578 iuxta

283 612 455 655 domum
475 624 594 655 suam
614 610 866 655 abbatialem
884 611 1091 667 insignem
1112 626 1138 656 a
1159 612 1443 655 fundamentis
1465 611 1565 655 dum
1585 611 1840 655 extruxisset

284 688 558 746 ecclesiolam,
591 701 640 733 ae
661 702 711 733 ea
730 689 878 733 devote
897 692 1197 746 consummata,
1223 689 1274 733 de
1293 689 1407 732 illius
1428 686 1688 733 dedicatione
1697 685 1839 733 “medi-

282 770 465 824 taretur,
496 767 618 811 citius
649 780 776 824 quam
806 767 1074 812 existimabat
1103 781 1129 811 a
1157 766 1379 811 Frederico
1408 767 1662 825 imperatore
1693 766 1748 811 ad
1768 769 1849 811 ‹iu-⁴

282 846 392 889 riam
422 848 629 890 evocatur.
673 845 738 889 De
768 845 885 889 cuius
910 845 1108 889 mandato
1138 845 1291 889 iterata
1319 845 1364 889 in
1385 844 1605 889 Graeciam
1632 843 1841 901 legatione

282 923 484 979 fungitur.
604 923 669 967 De
700 936 782 980 qua
809 922 989 980 rediens,
1020 926 1244 981 postquam
1275 923 1325 967 de
1349 923 1608 979 gravissimis
1627 922 1748 979 regni
1764 935 1840 967 ne-

283 1001 408 1057 gotiis
454 1014 550 1044 cum
593 999 787 1044 Manuele
832 999 1294 1060 Constantinopolitano
1340 1002 1595 1060 imperatore
1635 999 1841 1045 foeliciter

282 1082 525 1135 tractasset,
556 1079 689 1122 nimia
716 1079 908 1123 laborum
936 1079 1181 1136 fatigatione
1210 1094 1288 1138 pro
1319 1080 1435 1124 senio
1466 1080 1697 1136 confectus,
1724 1078 1841 1138 'apud

281 1155 507 1200 Butelliam
527 1157 741 1201 civitatem
759 1157 806 1201 in
824 1158 1007 1214 regione,
1030 1171 1135 1215 quae
1150 1157 1377 1214 Pelagonia
1390 1160 1668 1215 nuncupatur,
1686 1168 1847 1214 magno

283 1234 471 1278 omnium
500 1235 701 1279 comitum
731 1249 902 1279 suorum
931 1235 1073 1280 dolore
1104 1239 1146 1280 et
1169 1235 1298 1292 luctu,
1329 1236 1467 1280 morbi
1491 1235 1699 1294 inopinati
1715 1235 1844 1280 vehe-

281 1313 441 1356 mentia
471 1326 496 1357 a
525 1312 772 1357 mortalibus
801 1314 855 1357 ad
874 1313 1132 1358 immortales
1153 1314 1342 1358 coelestis
1363 1314 1520 1370 gloriae
1541 1315 1652 1358 cives
1674 1314 1731 1358 14
1747 1311 1845 1358 Gal.-

281 1390 464 1446 Augusti
494 1403 603 1434 anno
636 1391 762 1447 1158,
795 1391 1169 1436 administrationis
1201 1405 1300 1435 suae
1330 1393 1401 1448 28,
1434 1392 1673 1436 abducitur,
1711 1390 1840 1436 Cuius

283 1481 433 1526 eorpus
463 1468 509 1512 in
538 1468 713 1513 basilica
743 1469 930 1513 eiusdem
964 1469 1046 1513 loci
1078 1483 1103 1513 a
1133 1469 1302 1526 collegis
1340 1472 1382 1514 et
1417 1469 1582 1513 itineris
1620 1468 1841 1514 comitibus

282 1545 510 1590 honorifico
541 1546 755 1590 conditum
786 1546 1025 1604 sepulchro,
1063 1547 1256 1591 relictum
1283 1548 1365 1591 fuit
1393 1547 1439 1590 in
1468 1547 1679 1605 deposito}
1709 1546 1842 1591 donec

282 1624 655 1668 reverendissimus
687 1624 863 1669 domnus
893 1624 1156 1682 Erleboldus,
1185 1626 1317 1669 frater
1347 1625 1435 1669 eius
1464 1638 1550 1669 non
1580 1624 1715 1669 solum
1742 1623 1842 1668 reli-

283 1702 406 1758 gione
437 1702 511 1746 sed
541 1705 584 1746 et
612 1703 814 1758 sanguine
844 1716 1082 1759 germanus,
1111 1704 1224 1748 vitae
1254 1705 1297 1748 et
1327 1705 1494 1747 sanctae
1515 1702 1848 1747 conversationis

283 1780 435 1824 merito
465 1783 508 1824 et
536 1779 682 1824 haeres
715 1780 935 1825 abbatialis
975 1781 1190 1837 dignitatis
1227 1782 1273 1825 in
1304 1781 1543 1826 Stabulensi
1572 1781 1840 1838 monasterio,

283 1859 436 1916 pignus
466 1858 702 1916 depositum
730 1859 873 1903 favore
895 1859 1108 1904 Frederici
1137 1860 1417 1917 imperatoris,
1447 1859 1494 1903 in
1523 1859 1640 1903 cuius
1671 1858 1842 1903 servitio

283 1937 379 1994 pius
409 1936 580 1994 praesul
601 1937 733 1981 vitam
763 1940 974 1994 posuerat,
1004 1937 1148 1982 revehi
1169 1937 1360 1982 obtinuit.
1407 1937 1538 1993 Quod,
1569 1926 1758 1982 revoluto
1785 1935 1845 1981 ab

285 2013 403 2059 obitu
430 2014 544 2058 illius
573 2028 658 2058 uno
690 2029 798 2059 anno
830 2019 871 2059 et
901 2029 977 2059 sex
1007 2015 1166 2072 diebus,
1197 2015 1378 2059 Henrico
1398 2014 1620 2059 Leodiensi
1645 2014 1846 2072 episeopo

284 2091 461 2136 solemni
497 2092 584 2135 ritu
622 2092 818 2149 exequias
856 2093 1112 2149 celebrante,
1159 2093 1451 2138 assistentibus
1491 2093 1626 2137 eidem
1663 2091 1839 2136 diversis

286 2169 519 2226 abbatibus,
550 2182 646 2213 cum
675 2184 829 2226 magna
854 2174 947 2215 111111
966 2171 1067 2215 cleri
1086 2174 1176 2215 tum
1195 2171 1342 2229 populi
1360 2171 1596 2228 frequentia
1613 2171 1660 2214 in
1678 2168 1846 2226 magni-

284 2246 362 2291 fico
399 2246 561 2291 tumulo
600 2251 697 2291 ante
736 2261 946 2292 summum
984 2248 1116 2293 altare
1147 2248 1406 2294 Stabulensis
1445 2248 1643 2293 ecclesiae
1671 2237 1845 2292 recondi*

284 2323 397 2381 fecit,
429 2327 632 2381 quatenus
663 2325 751 2369 eius
783 2339 1055 2383 successores,
1085 2326 1258 2371 chorum
1283 2327 1336 2371 ad
1355 2326 1499 2370 laudes
1519 2326 1738 2370 Altissimo
1768 2325 1841 2370 de·

286 2402 514 2447 cantandas
550 2403 852 2460 ingredientes,
891 2403 1165 2448 honorificum
1202 2404 1406 2448 eiusmodi
1442 2403 1706 2461 sepulchrum
1737 2411 1849 2460 prae*

287 2480 417 2524 oculis
447 2480 642 2524 continuo
672 2480 892 2537 habentes,
933 2481 1060 2526 officii
1096 2482 1162 2526 sui
1199 2495 1366 2540 semper
1396 2484 1535 2526 essent
1562 2492 1768 2525 memores
1798 2481 1841 2524 et

287 2558 341 2602 ad
371 2558 459 2602 eius
491 2558 701 2615 sequenda
730 2559 908 2615 vestigia
937 2563 1028 2603 tum
1062 2560 1108 2603 in
1139 2559 1374 2603 substantia
1402 2558 1645 2603 monasterii
1674 2570 1841 2602 conser-

286 2635 425 2679 vanda
462 2638 504 2679 et
539 2634 832 2692 amplificanda
867 2641 957 2680 tum
993 2637 1039 2681 in
1066 2636 1271 2693 regularis
1301 2636 1547 2694 disciplinae
1577 2634 1841 2679 observantia

286 2713 570 2771 promovenda
597 2712 871 2758 redderentur
906 2714 1141 2759 alacriores.
1262 2714 1380 2766 Quod
1409 2712 1701 2758 memorandae
1732 2711 1844 2756 anti·

289 2791 460 2848 quitatis
490 2794 805 2835 monumentum
835 2790 930 2849 plus
962 2805 1087 2848 quam
1106 2793 1196 2836 440
1225 2793 1346 2836 annis
1375 2792 1420 2835 in
1441 2791 1576 2835 medio
1597 2790 1713 2835 chori
1742 2802 1840 2834 con-

289 2869 416 2926 stitit,
462 2869 536 2913 sed
578 2871 675 2927 post
711 2867 897 2913 diversas
933 2869 1077 2914 ruinas
1116 2873 1159 2914 et
1198 2869 1390 2914 incendia
1423 2871 1658 2914 restaurato
1693 2866 1842 2925 templi

384 2958 416 2993 1.
442 2956 643 2994 Wibaldus.
