<?xml version="1.0" encoding="UTF-8"?>
<!DOCTYPE html PUBLIC "-//W3C//DTD XHTML 1.0 Transitional//EN"
    "http://www.w3.org/TR/xhtml1/DTD/xhtml1-transitional.dtd">
<html xmlns="http://www.w3.org/1999/xhtml" xml:lang="en" lang="en">
 <head>
  <title>
</title>
<meta http-equiv="Content-Type" content="text/html;charset=utf-8" />
  <meta name='ocr-system' content='tesseract 3.04.00' />
  <meta name='ocr-capabilities' content='ocr_page ocr_carea ocr_par ocr_line ocrx_word'/>
</head>
<body>
  <div class='ocr_page' id='page_1' title='image "bibliothecarerum01wattuoft_0188.png"; bbox 0 0 1924 3288; ppageno 0'>
   <div class='ocr_carea' id='block_1_1' title="bbox 316 193 1348 237">
    <p class='ocr_par' dir='ltr' id='par_1_1' title="bbox 316 193 1348 237">
     <span class='ocr_line' id='line_1_1' title="bbox 316 193 1348 237; baseline 0.001 -1"><span class='ocrx_word' id='word_1_1' title='bbox 316 193 404 236; x_wconf 83' lang='lat'><strong>170</strong></span> <span class='ocrx_word' id='word_1_2' title='bbox 830 206 1026 236; x_wconf 74' lang='lat' dir='ltr'><strong>wmALm</strong></span> <span class='ocrx_word' id='word_1_3' title='bbox 1052 205 1271 237; x_wconf 69' lang='lat' dir='ltr'><strong>nms&#39;rom</strong></span> <span class='ocrx_word' id='word_1_4' title='bbox 1299 205 1348 237; x_wconf 66' lang='lat' dir='ltr'><strong>ea</strong></span> 
     </span>
    </p>
   </div>
   <div class='ocr_carea' id='block_1_2' title="bbox 197 298 1862 2994">
    <p class='ocr_par' dir='ltr' id='par_1_2' title="bbox 197 298 1862 2918">
     <span class='ocr_line' id='line_1_2' title="bbox 197 298 1861 359; baseline 0.005 -21"><span class='ocrx_word' id='word_1_5' title='bbox 197 302 290 339; x_wconf 84' lang='lat'>1148</span> <span class='ocrx_word' id='word_1_6' title='bbox 316 313 441 356; x_wconf 82' lang='lat' dir='ltr'><strong>quam</strong></span> <span class='ocrx_word' id='word_1_7' title='bbox 477 300 726 344; x_wconf 81' lang='lat' dir='ltr'><strong>inmemores</strong></span> <span class='ocrx_word' id='word_1_8' title='bbox 763 300 933 357; x_wconf 89' lang='lat' dir='ltr'><strong>pristini</strong></span> <span class='ocrx_word' id='word_1_9' title='bbox 969 298 1139 344; x_wconf 85' lang='lat' dir='ltr'><strong>affectus</strong></span> <span class='ocrx_word' id='word_1_10' title='bbox 1177 303 1219 344; x_wconf 90' lang='lat' dir='ltr'><strong>et</strong></span> <span class='ocrx_word' id='word_1_11' title='bbox 1255 300 1440 344; x_wconf 79' lang='lat' dir='ltr'><strong>sincerae</strong></span> <span class='ocrx_word' id='word_1_12' title='bbox 1474 300 1710 349; x_wconf 67' lang='lat' dir='ltr'><strong>dilectionis</strong></span> <span class='ocrx_word' id='word_1_13' title='bbox 1724 304 1861 359; x_wconf 33' lang='lat' dir='ltr'><strong>*atque</strong></span> 
     </span>
     <span class='ocr_line' id='line_1_3' title="bbox 314 377 1860 434; baseline 0.003 -13"><span class='ocrx_word' id='word_1_14' title='bbox 314 377 488 421; x_wconf 79' lang='lat' dir='ltr'><strong>fraterni</strong></span> <span class='ocrx_word' id='word_1_15' title='bbox 524 378 697 432; x_wconf 86' lang='lat' dir='ltr'><strong>amoris,</strong></span> <span class='ocrx_word' id='word_1_16' title='bbox 736 391 816 434; x_wconf 90' lang='lat' dir='ltr'><strong>quo</strong></span> <span class='ocrx_word' id='word_1_17' title='bbox 846 391 923 421; x_wconf 90' lang='lat' dir='ltr'><strong>nos</strong></span> <span class='ocrx_word' id='word_1_18' title='bbox 952 377 1132 421; x_wconf 90' lang='lat' dir='ltr'><strong>invicem</strong></span> <span class='ocrx_word' id='word_1_19' title='bbox 1161 381 1302 422; x_wconf 88' lang='lat' dir='ltr'><strong>tenere</strong></span> <span class='ocrx_word' id='word_1_20' title='bbox 1332 377 1577 434; x_wconf 73' lang='lat' dir='ltr'><strong>dileximus,</strong></span> <span class='ocrx_word' id='word_1_21' title='bbox 1615 379 1860 425; x_wconf 58' lang='lat' dir='ltr'><strong>visitarem</strong></span> 
     </span>
     <span class='ocr_line' id='line_1_4' title="bbox 315 446 1859 512; baseline 0.003 -14"><span class='ocrx_word' id='word_1_22' title='bbox 315 457 357 498; x_wconf 87' lang='lat' dir='ltr'><strong>et</strong></span> <span class='ocrx_word' id='word_1_23' title='bbox 386 454 590 498; x_wconf 89' lang='lat' dir='ltr'><strong>consolari</strong></span> <span class='ocrx_word' id='word_1_24' title='bbox 619 454 696 498; x_wconf 89' lang='lat' dir='ltr'><strong>hoc</strong></span> <span class='ocrx_word' id='word_1_25' title='bbox 724 455 770 498; x_wconf 93' lang='lat' dir='ltr'><strong>in</strong></span> <span class='ocrx_word' id='word_1_26' title='bbox 799 458 986 512; x_wconf 86' lang='lat' dir='ltr'><strong>tempore</strong></span> <span class='ocrx_word' id='word_1_27' title='bbox 1017 455 1266 511; x_wconf 80' lang='lat' dir='ltr'><strong>distulimus,</strong></span> <span class='ocrx_word' id='word_1_28' title='bbox 1298 455 1463 512; x_wconf 86' lang='lat' dir='ltr'><strong>quando</strong></span> <span class='ocrx_word' id='word_1_29' title='bbox 1493 446 1611 500; x_wconf 81' lang='lat' dir='ltr'><strong>abest</strong></span> <span class='ocrx_word' id='word_1_30' title='bbox 1635 469 1859 512; x_wconf 68' lang='lat' dir='ltr'><strong>gemma</strong></span> 
     </span>
     <span class='ocr_line' id='line_1_5' title="bbox 313 530 1856 595; baseline 0.002 -20"><span class='ocrx_word' id='word_1_31' title='bbox 313 535 422 588; x_wconf 84' lang='lat' dir='ltr'><strong>tuus,</strong></span> <span class='ocrx_word' id='word_1_32' title='bbox 448 532 590 588; x_wconf 83' lang='lat' dir='ltr'><strong>regiae</strong></span> <span class='ocrx_word' id='word_1_33' title='bbox 611 532 750 576; x_wconf 91' lang='lat' dir='ltr'><strong>curiae</strong></span> <span class='ocrx_word' id='word_1_34' title='bbox 780 532 1050 576; x_wconf 89' lang='lat' dir='ltr'><strong>cancellarius</strong></span> <span class='ocrx_word' id='word_1_35' title='bbox 1062 530 1085 588; x_wconf 86' lang='lat'><strong>¹,</strong></span> <span class='ocrx_word' id='word_1_36' title='bbox 1117 533 1183 576; x_wconf 84' lang='lat' dir='ltr'><strong>sui</strong></span> <span class='ocrx_word' id='word_1_37' title='bbox 1212 533 1375 588; x_wconf 87' lang='lat' dir='ltr'><strong>generis</strong></span> <span class='ocrx_word' id='word_1_38' title='bbox 1395 531 1471 576; x_wconf 87' lang='lat' dir='ltr'><strong>flos</strong></span> <span class='ocrx_word' id='word_1_39' title='bbox 1492 536 1534 577; x_wconf 89' lang='lat' dir='ltr'><strong>et</strong></span> <span class='ocrx_word' id='word_1_40' title='bbox 1553 537 1856 595; x_wconf 76' lang='lat' dir='ltr'><strong>ornamentum,</strong></span> 
     </span>
     <span class='ocr_line' id='line_1_6' title="bbox 313 609 1857 669; baseline 0.003 -17"><span class='ocrx_word' id='word_1_41' title='bbox 313 610 541 653; x_wconf 90' lang='lat' dir='ltr'><strong>amicorum</strong></span> <span class='ocrx_word' id='word_1_42' title='bbox 579 623 749 653; x_wconf 88' lang='lat' dir='ltr'><strong>suorum</strong></span> <span class='ocrx_word' id='word_1_43' title='bbox 787 609 976 654; x_wconf 90' lang='lat' dir='ltr'><strong>columen</strong></span> <span class='ocrx_word' id='word_1_44' title='bbox 1007 613 1049 654; x_wconf 87' lang='lat' dir='ltr'><strong>et</strong></span> <span class='ocrx_word' id='word_1_45' title='bbox 1077 610 1218 654; x_wconf 89' lang='lat' dir='ltr'><strong>tutela.</strong></span> <span class='ocrx_word' id='word_1_46' title='bbox 1266 609 1561 666; x_wconf 86' lang='lat' dir='ltr'><strong>Peregrinatur</strong></span> <span class='ocrx_word' id='word_1_47' title='bbox 1587 609 1660 656; x_wconf 83' lang='lat' dir='ltr'><strong>ille</strong></span> <span class='ocrx_word' id='word_1_48' title='bbox 1689 611 1857 669; x_wconf 69' lang='lat' dir='ltr'><strong>quidem</strong></span> 
     </span>
     <span class='ocr_line' id='line_1_7' title="bbox 313 686 1862 747; baseline 0.003 -17"><span class='ocrx_word' id='word_1_49' title='bbox 313 690 354 730; x_wconf 89' lang='lat' dir='ltr'><strong>et</strong></span> <span class='ocrx_word' id='word_1_50' title='bbox 383 686 542 730; x_wconf 88' lang='lat' dir='ltr'><strong>baiulat</strong></span> <span class='ocrx_word' id='word_1_51' title='bbox 572 700 736 732; x_wconf 90' lang='lat' dir='ltr'><strong>crucem</strong></span> <span class='ocrx_word' id='word_1_52' title='bbox 767 701 886 732; x_wconf 92' lang='lat' dir='ltr'><strong>suam</strong></span> <span class='ocrx_word' id='word_1_53' title='bbox 917 691 958 732; x_wconf 92' lang='lat' dir='ltr'><strong>et</strong></span> <span class='ocrx_word' id='word_1_54' title='bbox 987 687 1174 745; x_wconf 88' lang='lat' dir='ltr'><strong>sequitur</strong></span> <span class='ocrx_word' id='word_1_55' title='bbox 1204 687 1418 732; x_wconf 84' lang='lat' dir='ltr'><strong>Christum</strong></span> <span class='ocrx_word' id='word_1_56' title='bbox 1447 701 1588 744; x_wconf 89' lang='lat' dir='ltr'><strong>suum,</strong></span> <span class='ocrx_word' id='word_1_57' title='bbox 1625 687 1862 747; x_wconf 82' lang='lat' dir='ltr'><strong>lherosoly-.</strong></span> 
     </span>
     <span class='ocr_line' id='line_1_8' title="bbox 311 765 1858 823; baseline 0.002 -16"><span class='ocrx_word' id='word_1_58' title='bbox 311 778 424 807; x_wconf 92' lang='lat' dir='ltr'><strong>mam</strong></span> <span class='ocrx_word' id='word_1_59' title='bbox 459 767 606 821; x_wconf 89' lang='lat' dir='ltr'><strong>petens</strong></span> <span class='ocrx_word' id='word_1_60' title='bbox 641 766 687 809; x_wconf 92' lang='lat' dir='ltr'><strong>in</strong></span> <span class='ocrx_word' id='word_1_61' title='bbox 725 766 926 810; x_wconf 84' lang='lat' dir='ltr'><strong>comitatu</strong></span> <span class='ocrx_word' id='word_1_62' title='bbox 962 769 1005 810; x_wconf 89' lang='lat' dir='ltr'><strong>et</strong></span> <span class='ocrx_word' id='word_1_63' title='bbox 1041 766 1236 823; x_wconf 91' lang='lat' dir='ltr'><strong>obsequio</strong></span> <span class='ocrx_word' id='word_1_64' title='bbox 1273 765 1486 810; x_wconf 87' lang='lat' dir='ltr'><strong>karissimi</strong></span> <span class='ocrx_word' id='word_1_65' title='bbox 1525 765 1684 810; x_wconf 88' lang='lat' dir='ltr'><strong>domini</strong></span> <span class='ocrx_word' id='word_1_66' title='bbox 1718 766 1787 811; x_wconf 84' lang='lat' dir='ltr'><strong>sui</strong></span> <span class='ocrx_word' id='word_1_67' title='bbox 1814 769 1858 811; x_wconf 88' lang='lat' dir='ltr'><strong>et</strong></span> 
     </span>
     <span class='ocr_line' id='line_1_9' title="bbox 310 840 1856 900; baseline 0.002 -15"><span class='ocrx_word' id='word_1_68' title='bbox 310 842 443 885; x_wconf 85' lang='lat' dir='ltr'><strong>nostri</strong></span> <span class='ocrx_word' id='word_1_69' title='bbox 470 841 753 887; x_wconf 85' lang='lat' dir='ltr'><strong>Romanorum</strong></span> <span class='ocrx_word' id='word_1_70' title='bbox 789 843 900 899; x_wconf 86' lang='lat' dir='ltr'><strong>regis</strong></span> <span class='ocrx_word' id='word_1_71' title='bbox 929 843 1144 898; x_wconf 82' lang='lat' dir='ltr'><strong>C(onradi)</strong></span> <span class='ocrx_word' id='word_1_72' title='bbox 1154 840 1181 887; x_wconf 83' lang='lat'><strong>².</strong></span> <span class='ocrx_word' id='word_1_73' title='bbox 1234 843 1349 887; x_wconf 90' lang='lat' dir='ltr'><strong>Dicit</strong></span> <span class='ocrx_word' id='word_1_74' title='bbox 1384 856 1482 899; x_wconf 85' lang='lat' dir='ltr'><strong>ergo</strong></span> <span class='ocrx_word' id='word_1_75' title='bbox 1511 856 1624 888; x_wconf 88' lang='lat' dir='ltr'><strong>nunc</strong></span> <span class='ocrx_word' id='word_1_76' title='bbox 1658 843 1856 900; x_wconf 73' lang='lat' dir='ltr'><strong>cogitatio</strong></span> 
     </span>
     <span class='ocr_line' id='line_1_10' title="bbox 308 920 1856 980; baseline 0.003 -18"><span class='ocrx_word' id='word_1_77' title='bbox 308 922 402 963; x_wconf 87' lang='lat' dir='ltr'><strong>tua:</strong></span> <span class='ocrx_word' id='word_1_78' title='bbox 440 920 575 964; x_wconf 87' lang='lat' dir='ltr'><strong>Homo</strong></span> <span class='ocrx_word' id='word_1_79' title='bbox 605 922 692 976; x_wconf 80' lang='lat' dir='ltr'><strong>ille,</strong></span> <span class='ocrx_word' id='word_1_80' title='bbox 723 923 839 965; x_wconf 76' lang='lat' dir='ltr'><strong>nobis</strong></span> <span class='ocrx_word' id='word_1_81' title='bbox 867 922 1104 965; x_wconf 72' lang='lat' dir='ltr'><strong>karissimus</strong></span> <span class='ocrx_word' id='word_1_82' title='bbox 1143 929 1182 965; x_wconf 85' lang='lat' dir='ltr'><strong>et</strong></span> <span class='ocrx_word' id='word_1_83' title='bbox 1215 923 1260 965; x_wconf 77' lang='lat' dir='ltr'><strong>in</strong></span> <span class='ocrx_word' id='word_1_84' title='bbox 1295 937 1464 965; x_wconf 80' lang='lat' dir='ltr'><strong>numero</strong></span> <span class='ocrx_word' id='word_1_85' title='bbox 1490 921 1679 980; x_wconf 64' lang='lat' dir='ltr'><strong>frah-um</strong></span> <span class='ocrx_word' id='word_1_86' title='bbox 1705 937 1856 966; x_wconf 70' lang='lat' dir='ltr'><strong>ma-</strong></span> 
     </span>
     <span class='ocr_line' id='line_1_11' title="bbox 308 999 1854 1058; baseline 0.003 -18"><span class='ocrx_word' id='word_1_87' title='bbox 308 999 409 1041; x_wconf 79' lang='lat' dir='ltr'><strong>lium</strong></span> <span class='ocrx_word' id='word_1_88' title='bbox 436 1006 643 1056; x_wconf 74' lang='lat' dir='ltr'><strong>susceptus</strong></span> <span class='ocrx_word' id='word_1_89' title='bbox 674 1006 712 1042; x_wconf 79' lang='lat' dir='ltr'><strong>et</strong></span> <span class='ocrx_word' id='word_1_90' title='bbox 740 1001 958 1058; x_wconf 71' lang='lat' dir='ltr'><strong>ascriptus,</strong></span> <span class='ocrx_word' id='word_1_91' title='bbox 991 1007 1179 1057; x_wconf 79' lang='lat' dir='ltr'><strong>presente</strong></span> <span class='ocrx_word' id='word_1_92' title='bbox 1207 999 1278 1042; x_wconf 75' lang='lat' dir='ltr'><strong>illo</strong></span> <span class='ocrx_word' id='word_1_93' title='bbox 1308 1000 1470 1043; x_wconf 70' lang='lat' dir='ltr'><strong>sublimi</strong></span> <span class='ocrx_word' id='word_1_94' title='bbox 1500 1006 1538 1042; x_wconf 74' lang='lat' dir='ltr'><strong>et</strong></span> <span class='ocrx_word' id='word_1_95' title='bbox 1565 999 1854 1044; x_wconf 61' lang='lat' dir='ltr'><strong>humanissimo</strong></span> 
     </span>
     <span class='ocr_line' id='line_1_12' title="bbox 298 1075 1858 1132; baseline 0.003 -15"><span class='ocrx_word' id='word_1_96' title='bbox 298 1075 440 1132; x_wconf 79' lang='lat' dir='ltr'><strong>fratre</strong></span> <span class='ocrx_word' id='word_1_97' title='bbox 486 1085 622 1119; x_wconf 76' lang='lat' dir='ltr'><strong>nostro</strong></span> <span class='ocrx_word' id='word_1_98' title='bbox 663 1078 827 1120; x_wconf 80' lang='lat' dir='ltr'><strong>domum</strong></span> <span class='ocrx_word' id='word_1_99' title='bbox 862 1085 1045 1120; x_wconf 73' lang='lat' dir='ltr'><strong>nostram</strong></span> <span class='ocrx_word' id='word_1_100' title='bbox 1084 1077 1239 1120; x_wconf 79' lang='lat' dir='ltr'><strong>colebat</strong></span> <span class='ocrx_word' id='word_1_101' title='bbox 1275 1084 1315 1119; x_wconf 80' lang='lat' dir='ltr'><strong>et</strong></span> <span class='ocrx_word' id='word_1_102' title='bbox 1349 1092 1424 1119; x_wconf 74' lang='lat' dir='ltr'><strong>nos</strong></span> <span class='ocrx_word' id='word_1_103' title='bbox 1459 1077 1635 1120; x_wconf 69' lang='lat' dir='ltr'><strong>assiduis</strong></span> <span class='ocrx_word' id='word_1_104' title='bbox 1667 1078 1858 1122; x_wconf 70' lang='lat' dir='ltr'><strong>visitabat</strong></span> 
     </span>
     <span class='ocr_line' id='line_1_13' title="bbox 309 1153 1857 1213; baseline 0.002 -17"><span class='ocrx_word' id='word_1_105' title='bbox 309 1154 526 1213; x_wconf 57' lang='lat' dir='ltr'><strong>affatibus,-</strong></span> <span class='ocrx_word' id='word_1_106' title='bbox 556 1155 671 1197; x_wconf 81' lang='lat' dir='ltr'><strong>nulla</strong></span> <span class='ocrx_word' id='word_1_107' title='bbox 701 1155 816 1198; x_wconf 73' lang='lat' dir='ltr'><strong>nobis</strong></span> <span class='ocrx_word' id='word_1_108' title='bbox 843 1155 965 1197; x_wconf 87' lang='lat' dir='ltr'><strong>modo</strong></span> <span class='ocrx_word' id='word_1_109' title='bbox 995 1155 1116 1197; x_wconf 74' lang='lat' dir='ltr'><strong>mittit</strong></span> <span class='ocrx_word' id='word_1_110' title='bbox 1145 1155 1338 1212; x_wconf 73' lang='lat' dir='ltr'><strong>alloquia.</strong></span> <span class='ocrx_word' id='word_1_111' title='bbox 1383 1153 1530 1212; x_wconf 76' lang='lat' dir='ltr'><strong>Itaque</strong></span> <span class='ocrx_word' id='word_1_112' title='bbox 1559 1161 1633 1197; x_wconf 77' lang='lat' dir='ltr'><strong>aut</strong></span> <span class='ocrx_word' id='word_1_113' title='bbox 1658 1162 1754 1198; x_wconf 73' lang='lat' dir='ltr'><strong>tuae</strong></span> <span class='ocrx_word' id='word_1_114' title='bbox 1770 1169 1857 1199; x_wconf 69' lang='lat' dir='ltr'><strong>non</strong></span> 
     </span>
     <span class='ocr_line' id='line_1_14' title="bbox 298 1220 1858 1293; baseline 0.001 -19"><span class='ocrx_word' id='word_1_115' title='bbox 298 1231 390 1289; x_wconf 72' lang='lat' dir='ltr'><strong>suit</strong></span> <span class='ocrx_word' id='word_1_116' title='bbox 431 1247 550 1274; x_wconf 76' lang='lat' dir='ltr'><strong>verus</strong></span> <span class='ocrx_word' id='word_1_117' title='bbox 586 1233 759 1286; x_wconf 73' lang='lat' dir='ltr'><strong>amicus,</strong></span> <span class='ocrx_word' id='word_1_118' title='bbox 805 1239 879 1275; x_wconf 76' lang='lat' dir='ltr'><strong>aut</strong></span> <span class='ocrx_word' id='word_1_119' title='bbox 910 1233 1032 1293; x_wconf 78' lang='lat' dir='ltr'><strong>modo</strong></span> <span class='ocrx_word' id='word_1_120' title='bbox 1071 1239 1128 1275; x_wconf 76' lang='lat' dir='ltr'><strong>est</strong></span> <span class='ocrx_word' id='word_1_121' title='bbox 1162 1232 1369 1290; x_wconf 73' lang='lat' dir='ltr'><strong>neyliyens</strong></span> <span class='ocrx_word' id='word_1_122' title='bbox 1402 1232 1468 1274; x_wconf 83' lang='lat' dir='ltr'><strong>vel</strong></span> <span class='ocrx_word' id='word_1_123' title='bbox 1502 1220 1728 1275; x_wconf 63' lang='lat' dir='ltr'><strong>obliviosus.</strong></span> <span class='ocrx_word' id='word_1_124' title='bbox 1767 1231 1858 1276; x_wconf 65' lang='lat' dir='ltr'><strong>‘Bet</strong></span> 
     </span>
     <span class='ocr_line' id='line_1_15' title="bbox 307 1309 1855 1368; baseline 0.001 -16"><span class='ocrx_word' id='word_1_125' title='bbox 307 1325 426 1352; x_wconf 74' lang='lat' dir='ltr'><strong>verus</strong></span> <span class='ocrx_word' id='word_1_126' title='bbox 464 1324 582 1352; x_wconf 86' lang='lat' dir='ltr'><strong>amor</strong></span> <span class='ocrx_word' id='word_1_127' title='bbox 618 1310 904 1367; x_wconf 70' lang='lat' dir='ltr'><strong>neyliyenciam</strong></span> <span class='ocrx_word' id='word_1_128' title='bbox 937 1325 1009 1352; x_wconf 74' lang='lat' dir='ltr'><strong>seu</strong></span> <span class='ocrx_word' id='word_1_129' title='bbox 1039 1310 1279 1353; x_wconf 78' lang='lat' dir='ltr'><strong>oblivionem</strong></span> <span class='ocrx_word' id='word_1_130' title='bbox 1306 1325 1391 1352; x_wconf 75' lang='lat' dir='ltr'><strong>non</strong></span> <span class='ocrx_word' id='word_1_131' title='bbox 1418 1309 1565 1367; x_wconf 71' lang='lat' dir='ltr'><strong>recipit</strong></span> <span class='ocrx_word' id='word_1_132' title='bbox 1570 1326 1588 1365; x_wconf 89' lang='lat'><strong>,·</strong></span> <span class='ocrx_word' id='word_1_133' title='bbox 1623 1316 1750 1353; x_wconf 71' lang='lat' dir='ltr'><strong>meae</strong></span> <span class='ocrx_word' id='word_1_134' title='bbox 1766 1310 1855 1368; x_wconf 66' lang='lat'>⁸9⁸⁸-</span> 
     </span>
     <span class='ocr_line' id='line_1_16' title="bbox 308 1385 1853 1444; baseline 0.001 -15"><span class='ocrx_word' id='word_1_135' title='bbox 308 1394 386 1440; x_wconf 79' lang='lat' dir='ltr'><strong>tur,</strong></span> <span class='ocrx_word' id='word_1_136' title='bbox 416 1394 463 1429; x_wconf 78' lang='lat' dir='ltr'><strong>ut</strong></span> <span class='ocrx_word' id='word_1_137' title='bbox 490 1387 702 1430; x_wconf 71' lang='lat' dir='ltr'><strong>simvdatus</strong></span> <span class='ocrx_word' id='word_1_138' title='bbox 732 1394 771 1429; x_wconf 80' lang='lat' dir='ltr'><strong>et</strong></span> <span class='ocrx_word' id='word_1_139' title='bbox 791 1403 873 1430; x_wconf 76' lang='lat' dir='ltr'><strong>non</strong></span> <span class='ocrx_word' id='word_1_140' title='bbox 894 1387 1048 1430; x_wconf 75' lang='lat' dir='ltr'><strong>amicus</strong></span> <span class='ocrx_word' id='word_1_141' title='bbox 1057 1386 1203 1444; x_wconf 76' lang='lat' dir='ltr'><strong>suerit.</strong></span> <span class='ocrx_word' id='word_1_142' title='bbox 1242 1385 1449 1442; x_wconf 75' lang='lat' dir='ltr'><strong>Ceterum,</strong></span> <span class='ocrx_word' id='word_1_143' title='bbox 1480 1398 1598 1429; x_wconf 80' lang='lat' dir='ltr'><strong>soror</strong></span> <span class='ocrx_word' id='word_1_144' title='bbox 1615 1385 1853 1443; x_wconf 60' lang='lat' dir='ltr'><strong>RQ</strong></span> 
     </span>
     <span class='ocr_line' id='line_1_17' title="bbox 308 1463 1855 1520; baseline 0.001 -13"><span class='ocrx_word' id='word_1_145' title='bbox 308 1463 344 1507; x_wconf 89' lang='lat' dir='ltr'><strong>si</strong></span> <span class='ocrx_word' id='word_1_146' title='bbox 374 1463 428 1507; x_wconf 85' lang='lat' dir='ltr'><strong>ad</strong></span> <span class='ocrx_word' id='word_1_147' title='bbox 456 1463 659 1520; x_wconf 86' lang='lat' dir='ltr'><strong>temporis</strong></span> <span class='ocrx_word' id='word_1_148' title='bbox 688 1463 810 1507; x_wconf 80' lang='lat' dir='ltr'><strong>huius</strong></span> <span class='ocrx_word' id='word_1_149' title='bbox 841 1463 1085 1520; x_wconf 81' lang='lat' dir='ltr'><strong>qualitatem</strong></span> <span class='ocrx_word' id='word_1_150' title='bbox 1115 1467 1158 1507; x_wconf 91' lang='lat' dir='ltr'><strong>et</strong></span> <span class='ocrx_word' id='word_1_151' title='bbox 1183 1477 1264 1519; x_wconf 79' lang='lat' dir='ltr'><strong>res,</strong></span> <span class='ocrx_word' id='word_1_152' title='bbox 1295 1464 1342 1507; x_wconf 92' lang='lat' dir='ltr'><strong>in</strong></span> <span class='ocrx_word' id='word_1_153' title='bbox 1361 1463 1510 1520; x_wconf 89' lang='lat' dir='ltr'><strong>quibus</strong></span> <span class='ocrx_word' id='word_1_154' title='bbox 1529 1476 1760 1520; x_wconf 74' lang='lat' dir='ltr'><strong>versamur,</strong></span> <span class='ocrx_word' id='word_1_155' title='bbox 1788 1463 1855 1508; x_wconf 84' lang='lat' dir='ltr'><strong>di-</strong></span> 
     </span>
     <span class='ocr_line' id='line_1_18' title="bbox 305 1540 1854 1599; baseline 0.001 -15"><span class='ocrx_word' id='word_1_156' title='bbox 305 1541 485 1596; x_wconf 86' lang='lat' dir='ltr'><strong>ligenter</strong></span> <span class='ocrx_word' id='word_1_157' title='bbox 517 1541 736 1598; x_wconf 88' lang='lat' dir='ltr'><strong>inspicias,</strong></span> <span class='ocrx_word' id='word_1_158' title='bbox 775 1541 878 1585; x_wconf 89' lang='lat' dir='ltr'><strong>haec</strong></span> <span class='ocrx_word' id='word_1_159' title='bbox 907 1541 1114 1584; x_wconf 83' lang='lat' dir='ltr'><strong>accusatio</strong></span> <span class='ocrx_word' id='word_1_160' title='bbox 1143 1544 1218 1584; x_wconf 86' lang='lat' dir='ltr'><strong>tua</strong></span> <span class='ocrx_word' id='word_1_161' title='bbox 1246 1544 1335 1584; x_wconf 88' lang='lat' dir='ltr'><strong>tam</strong></span> <span class='ocrx_word' id='word_1_162' title='bbox 1364 1540 1528 1585; x_wconf 87' lang='lat' dir='ltr'><strong>subtilis</strong></span> <span class='ocrx_word' id='word_1_163' title='bbox 1557 1544 1727 1598; x_wconf 86' lang='lat' dir='ltr'><strong>tamque</strong></span> <span class='ocrx_word' id='word_1_164' title='bbox 1754 1555 1854 1599; x_wconf 76' lang='lat' dir='ltr'><strong>pro-</strong></span> 
     </span>
     <span class='ocr_line' id='line_1_19' title="bbox 305 1618 1852 1676; baseline 0.001 -14"><span class='ocrx_word' id='word_1_165' title='bbox 305 1618 456 1663; x_wconf 88' lang='lat' dir='ltr'><strong>babilis</strong></span> <span class='ocrx_word' id='word_1_166' title='bbox 486 1618 608 1662; x_wconf 85' lang='lat' dir='ltr'><strong>facile</strong></span> <span class='ocrx_word' id='word_1_167' title='bbox 638 1619 904 1675; x_wconf 88' lang='lat' dir='ltr'><strong>conquiescit.</strong></span> <span class='ocrx_word' id='word_1_168' title='bbox 994 1618 1101 1662; x_wconf 85' lang='lat' dir='ltr'><strong>Nam</strong></span> <span class='ocrx_word' id='word_1_169' title='bbox 1133 1632 1186 1662; x_wconf 84' lang='lat' dir='ltr'><strong>ex</strong></span> <span class='ocrx_word' id='word_1_170' title='bbox 1214 1632 1294 1675; x_wconf 93' lang='lat' dir='ltr'><strong>quo</strong></span> <span class='ocrx_word' id='word_1_171' title='bbox 1315 1618 1491 1662; x_wconf 90' lang='lat' dir='ltr'><strong>domnus</strong></span> <span class='ocrx_word' id='word_1_172' title='bbox 1509 1632 1622 1676; x_wconf 88' lang='lat' dir='ltr'><strong>papa</strong></span> <span class='ocrx_word' id='word_1_173' title='bbox 1637 1618 1852 1675; x_wconf 82' lang='lat' dir='ltr'><strong>Eugeuius</strong></span> 
     </span>
     <span class='ocr_line' id='line_1_20' title="bbox 304 1695 1853 1754; baseline 0.001 -14"><span class='ocrx_word' id='word_1_174' title='bbox 304 1697 350 1740; x_wconf 92' lang='lat' dir='ltr'><strong>in</strong></span> <span class='ocrx_word' id='word_1_175' title='bbox 387 1700 530 1754; x_wconf 87' lang='lat' dir='ltr'><strong>partes</strong></span> <span class='ocrx_word' id='word_1_176' title='bbox 559 1696 854 1752; x_wconf 87' lang='lat' dir='ltr'><strong>Lotharingiae</strong></span> <span class='ocrx_word' id='word_1_177' title='bbox 890 1697 1101 1754; x_wconf 89' lang='lat' dir='ltr'><strong>pervenit,</strong></span> <span class='ocrx_word' id='word_1_178' title='bbox 1140 1709 1239 1740; x_wconf 91' lang='lat' dir='ltr'><strong>cura</strong></span> <span class='ocrx_word' id='word_1_179' title='bbox 1274 1696 1393 1740; x_wconf 88' lang='lat' dir='ltr'><strong>nobis</strong></span> <span class='ocrx_word' id='word_1_180' title='bbox 1429 1700 1472 1740; x_wconf 89' lang='lat' dir='ltr'><strong>et</strong></span> <span class='ocrx_word' id='word_1_181' title='bbox 1499 1695 1733 1740; x_wconf 88' lang='lat' dir='ltr'><strong>sollicitudo</strong></span> <span class='ocrx_word' id='word_1_182' title='bbox 1761 1710 1853 1742; x_wconf 79' lang='lat' dir='ltr'><strong>ma-</strong></span> 
     </span>
     <span class='ocr_line' id='line_1_21' title="bbox 304 1773 1853 1830; baseline 0.001 -12"><span class='ocrx_word' id='word_1_183' title='bbox 304 1775 421 1818; x_wconf 87' lang='lat' dir='ltr'><strong>xima</strong></span> <span class='ocrx_word' id='word_1_184' title='bbox 455 1775 664 1830; x_wconf 88' lang='lat' dir='ltr'><strong>incubuit,</strong></span> <span class='ocrx_word' id='word_1_185' title='bbox 704 1778 753 1818; x_wconf 90' lang='lat' dir='ltr'><strong>ut</strong></span> <span class='ocrx_word' id='word_1_186' title='bbox 787 1788 855 1818; x_wconf 86' lang='lat' dir='ltr'><strong>res</strong></span> <span class='ocrx_word' id='word_1_187' title='bbox 888 1773 1146 1818; x_wconf 90' lang='lat' dir='ltr'><strong>Stabulensis</strong></span> <span class='ocrx_word' id='word_1_188' title='bbox 1182 1774 1426 1818; x_wconf 85' lang='lat' dir='ltr'><strong>monasterii</strong></span> <span class='ocrx_word' id='word_1_189' title='bbox 1459 1787 1537 1818; x_wconf 89' lang='lat' dir='ltr'><strong>nec</strong></span> <span class='ocrx_word' id='word_1_190' title='bbox 1564 1787 1650 1818; x_wconf 92' lang='lat' dir='ltr'><strong>non</strong></span> <span class='ocrx_word' id='word_1_191' title='bbox 1678 1777 1723 1819; x_wconf 90' lang='lat' dir='ltr'><strong>et</strong></span> <span class='ocrx_word' id='word_1_192' title='bbox 1750 1773 1853 1820; x_wconf 84' lang='lat' dir='ltr'><strong>Cor-</strong></span> 
     </span>
     <span class='ocr_line' id='line_1_22' title="bbox 305 1851 1851 1910; baseline 0 -14"><span class='ocrx_word' id='word_1_193' title='bbox 305 1852 498 1908; x_wconf 81' lang='lat' dir='ltr'><strong>beiensis,</strong></span> <span class='ocrx_word' id='word_1_194' title='bbox 529 1866 635 1909; x_wconf 89' lang='lat' dir='ltr'><strong>quae</strong></span> <span class='ocrx_word' id='word_1_195' title='bbox 663 1852 784 1896; x_wconf 89' lang='lat' dir='ltr'><strong>nobis</strong></span> <span class='ocrx_word' id='word_1_196' title='bbox 806 1852 886 1896; x_wconf 90' lang='lat' dir='ltr'><strong>Dei</strong></span> <span class='ocrx_word' id='word_1_197' title='bbox 914 1851 1210 1909; x_wconf 87' lang='lat' dir='ltr'><strong>preordinante</strong></span> <span class='ocrx_word' id='word_1_198' title='bbox 1237 1851 1458 1896; x_wconf 86' lang='lat' dir='ltr'><strong>clementia</strong></span> <span class='ocrx_word' id='word_1_199' title='bbox 1477 1852 1721 1896; x_wconf 77' lang='lat' dir='ltr'><strong>commissae</strong></span> <span class='ocrx_word' id='word_1_200' title='bbox 1739 1855 1851 1910; x_wconf 75' lang='lat' dir='ltr'><strong>sunt,</strong></span> 
     </span>
     <span class='ocr_line' id='line_1_23' title="bbox 305 1929 1852 1988; baseline 0.001 -14"><span class='ocrx_word' id='word_1_201' title='bbox 305 1943 410 1986; x_wconf 86' lang='lat' dir='ltr'><strong>quae</strong></span> <span class='ocrx_word' id='word_1_202' title='bbox 441 1930 608 1974; x_wconf 88' lang='lat' dir='ltr'><strong>assidue</strong></span> <span class='ocrx_word' id='word_1_203' title='bbox 638 1930 864 1988; x_wconf 89' lang='lat' dir='ltr'><strong>apostolico</strong></span> <span class='ocrx_word' id='word_1_204' title='bbox 889 1933 1012 1986; x_wconf 86' lang='lat' dir='ltr'><strong>egent</strong></span> <span class='ocrx_word' id='word_1_205' title='bbox 1030 1929 1228 1987; x_wconf 83' lang='lat' dir='ltr'><strong>presidio,</strong></span> <span class='ocrx_word' id='word_1_206' title='bbox 1258 1929 1393 1973; x_wconf 89' lang='lat' dir='ltr'><strong>modis</strong></span> <span class='ocrx_word' id='word_1_207' title='bbox 1413 1929 1735 1986; x_wconf 77' lang='lat' dir='ltr'><strong>congruentibus</strong></span> <span class='ocrx_word' id='word_1_208' title='bbox 1753 1943 1852 1988; x_wconf 86' lang='lat' dir='ltr'><strong>pro-</strong></span> 
     </span>
     <span class='ocr_line' id='line_1_24' title="bbox 303 2007 1851 2065; baseline 0.001 -13"><span class='ocrx_word' id='word_1_209' title='bbox 303 2007 561 2064; x_wconf 89' lang='lat' dir='ltr'><strong>veheremus,</strong></span> <span class='ocrx_word' id='word_1_210' title='bbox 593 2011 718 2065; x_wconf 91' lang='lat' dir='ltr'><strong>atque</strong></span> <span class='ocrx_word' id='word_1_211' title='bbox 746 2011 795 2051; x_wconf 89' lang='lat' dir='ltr'><strong>ut</strong></span> <span class='ocrx_word' id='word_1_212' title='bbox 823 2007 1003 2052; x_wconf 87' lang='lat' dir='ltr'><strong>dominis</strong></span> <span class='ocrx_word' id='word_1_213' title='bbox 1026 2021 1180 2063; x_wconf 88' lang='lat' dir='ltr'><strong>rerum,</strong></span> <span class='ocrx_word' id='word_1_214' title='bbox 1212 2008 1366 2052; x_wconf 88' lang='lat' dir='ltr'><strong>nostris</strong></span> <span class='ocrx_word' id='word_1_215' title='bbox 1388 2007 1533 2064; x_wconf 84' lang='lat' dir='ltr'><strong>utique</strong></span> <span class='ocrx_word' id='word_1_216' title='bbox 1550 2007 1732 2063; x_wconf 81' lang='lat' dir='ltr'><strong>regibus,</strong></span> <span class='ocrx_word' id='word_1_217' title='bbox 1761 2011 1851 2053; x_wconf 76' lang='lat' dir='ltr'><strong>tam</strong></span> 
     </span>
     <span class='ocr_line' id='line_1_25' title="bbox 302 2085 1851 2143; baseline 0 -13"><span class='ocrx_word' id='word_1_218' title='bbox 302 2086 416 2143; x_wconf 86' lang='lat' dir='ltr'><strong>patri</strong></span> <span class='ocrx_word' id='word_1_219' title='bbox 435 2100 559 2142; x_wconf 85' lang='lat' dir='ltr'><strong>quam</strong></span> <span class='ocrx_word' id='word_1_220' title='bbox 578 2085 678 2142; x_wconf 86' lang='lat' dir='ltr'><strong>filio,</strong></span> <span class='ocrx_word' id='word_1_221' title='bbox 711 2086 851 2130; x_wconf 89' lang='lat' dir='ltr'><strong>debita</strong></span> <span class='ocrx_word' id='word_1_222' title='bbox 869 2085 1070 2130; x_wconf 89' lang='lat' dir='ltr'><strong>fidelitate</strong></span> <span class='ocrx_word' id='word_1_223' title='bbox 1091 2085 1354 2141; x_wconf 82' lang='lat' dir='ltr'><strong>serviremus,</strong></span> <span class='ocrx_word' id='word_1_224' title='bbox 1380 2088 1472 2129; x_wconf 90' lang='lat' dir='ltr'><strong>tum</strong></span> <span class='ocrx_word' id='word_1_225' title='bbox 1491 2085 1620 2129; x_wconf 85' lang='lat' dir='ltr'><strong>etiam</strong></span> <span class='ocrx_word' id='word_1_226' title='bbox 1637 2088 1687 2129; x_wconf 85' lang='lat' dir='ltr'><strong>ut</strong></span> <span class='ocrx_word' id='word_1_227' title='bbox 1704 2085 1851 2130; x_wconf 84' lang='lat' dir='ltr'><strong>amicis</strong></span> 
     </span>
     <span class='ocr_line' id='line_1_26' title="bbox 303 2162 1850 2221; baseline 0.001 -14"><span class='ocrx_word' id='word_1_228' title='bbox 303 2177 353 2207; x_wconf 91' lang='lat' dir='ltr'><strong>ac</strong></span> <span class='ocrx_word' id='word_1_229' title='bbox 381 2164 627 2208; x_wconf 88' lang='lat' dir='ltr'><strong>necessariis</strong></span> <span class='ocrx_word' id='word_1_230' title='bbox 656 2164 812 2208; x_wconf 89' lang='lat' dir='ltr'><strong>nostris</strong></span> <span class='ocrx_word' id='word_1_231' title='bbox 843 2164 980 2208; x_wconf 89' lang='lat' dir='ltr'><strong>studio</strong></span> <span class='ocrx_word' id='word_1_232' title='bbox 1012 2167 1054 2208; x_wconf 89' lang='lat' dir='ltr'><strong>et</strong></span> <span class='ocrx_word' id='word_1_233' title='bbox 1083 2177 1211 2221; x_wconf 86' lang='lat' dir='ltr'><strong>opera</strong></span> <span class='ocrx_word' id='word_1_234' title='bbox 1238 2163 1284 2207; x_wconf 93' lang='lat' dir='ltr'><strong>in</strong></span> <span class='ocrx_word' id='word_1_235' title='bbox 1303 2163 1390 2207; x_wconf 85' lang='lat' dir='ltr'><strong>suis</strong></span> <span class='ocrx_word' id='word_1_236' title='bbox 1411 2162 1763 2220; x_wconf 81' lang='lat' dir='ltr'><strong>oportunitatibus</strong></span> <span class='ocrx_word' id='word_1_237' title='bbox 1782 2176 1850 2208; x_wconf 80' lang='lat' dir='ltr'><strong>as-</strong></span> 
     </span>
     <span class='ocr_line' id='line_1_27' title="bbox 303 2239 1849 2298; baseline 0.001 -13"><span class='ocrx_word' id='word_1_238' title='bbox 303 2241 556 2286; x_wconf 88' lang='lat' dir='ltr'><strong>sisteremus.</strong></span> <span class='ocrx_word' id='word_1_239' title='bbox 603 2241 651 2285; x_wconf 93' lang='lat' dir='ltr'><strong>In</strong></span> <span class='ocrx_word' id='word_1_240' title='bbox 692 2256 772 2298; x_wconf 90' lang='lat' dir='ltr'><strong>quo</strong></span> <span class='ocrx_word' id='word_1_241' title='bbox 807 2241 1040 2286; x_wconf 88' lang='lat' dir='ltr'><strong>difficilium</strong></span> <span class='ocrx_word' id='word_1_242' title='bbox 1070 2255 1211 2285; x_wconf 88' lang='lat' dir='ltr'><strong>rerum</strong></span> <span class='ocrx_word' id='word_1_243' title='bbox 1242 2241 1455 2298; x_wconf 89' lang='lat' dir='ltr'><strong>proposito</strong></span> <span class='ocrx_word' id='word_1_244' title='bbox 1484 2239 1651 2285; x_wconf 81' lang='lat' dir='ltr'><strong>divinae</strong></span> <span class='ocrx_word' id='word_1_245' title='bbox 1678 2240 1849 2298; x_wconf 78' lang='lat' dir='ltr'><strong>pietatis</strong></span> 
     </span>
     <span class='ocr_line' id='line_1_28' title="bbox 301 2318 1849 2376; baseline 0 -13"><span class='ocrx_word' id='word_1_246' title='bbox 301 2319 439 2375; x_wconf 84' lang='lat' dir='ltr'><strong>gratia</strong></span> <span class='ocrx_word' id='word_1_247' title='bbox 472 2333 548 2363; x_wconf 88' lang='lat' dir='ltr'><strong>nos</strong></span> <span class='ocrx_word' id='word_1_248' title='bbox 579 2319 771 2363; x_wconf 87' lang='lat' dir='ltr'><strong>comitari</strong></span> <span class='ocrx_word' id='word_1_249' title='bbox 800 2320 972 2376; x_wconf 83' lang='lat' dir='ltr'><strong>dignata</strong></span> <span class='ocrx_word' id='word_1_250' title='bbox 1001 2323 1084 2375; x_wconf 88' lang='lat' dir='ltr'><strong>est,</strong></span> <span class='ocrx_word' id='word_1_251' title='bbox 1122 2322 1171 2363; x_wconf 89' lang='lat' dir='ltr'><strong>ut</strong></span> <span class='ocrx_word' id='word_1_252' title='bbox 1199 2319 1245 2362; x_wconf 90' lang='lat' dir='ltr'><strong>in</strong></span> <span class='ocrx_word' id='word_1_253' title='bbox 1272 2318 1389 2362; x_wconf 86' lang='lat' dir='ltr'><strong>nulla</strong></span> <span class='ocrx_word' id='word_1_254' title='bbox 1416 2320 1537 2375; x_wconf 81' lang='lat' dir='ltr'><strong>parte</strong></span> <span class='ocrx_word' id='word_1_255' title='bbox 1565 2318 1749 2376; x_wconf 90' lang='lat' dir='ltr'><strong>suscepti</strong></span> <span class='ocrx_word' id='word_1_256' title='bbox 1775 2331 1849 2363; x_wconf 77' lang='lat' dir='ltr'><strong>ne-</strong></span> 
     </span>
     <span class='ocr_line' id='line_1_29' title="bbox 301 2396 1848 2453; baseline 0 -13"><span class='ocrx_word' id='word_1_257' title='bbox 301 2397 405 2453; x_wconf 87' lang='lat' dir='ltr'><strong>gotii</strong></span> <span class='ocrx_word' id='word_1_258' title='bbox 433 2397 553 2441; x_wconf 89' lang='lat' dir='ltr'><strong>vacui</strong></span> <span class='ocrx_word' id='word_1_259' title='bbox 572 2400 888 2441; x_wconf 86' lang='lat' dir='ltr'><strong>reverteremur.</strong></span> <span class='ocrx_word' id='word_1_260' title='bbox 928 2397 1098 2441; x_wconf 92' lang='lat' dir='ltr'><strong>Etenim</strong></span> <span class='ocrx_word' id='word_1_261' title='bbox 1119 2396 1315 2440; x_wconf 87' lang='lat' dir='ltr'><strong>ecclesiae</strong></span> <span class='ocrx_word' id='word_1_262' title='bbox 1333 2398 1500 2439; x_wconf 75' lang='lat' dir='ltr'><strong>nostrae</strong></span> <span class='ocrx_word' id='word_1_263' title='bbox 1518 2408 1601 2439; x_wconf 95' lang='lat' dir='ltr'><strong>non</strong></span> <span class='ocrx_word' id='word_1_264' title='bbox 1621 2396 1764 2453; x_wconf 87' lang='lat' dir='ltr'><strong>parvis</strong></span> <span class='ocrx_word' id='word_1_265' title='bbox 1782 2396 1848 2440; x_wconf 93' lang='lat' dir='ltr'><strong>in-</strong></span> 
     </span>
     <span class='ocr_line' id='line_1_30' title="bbox 302 2472 1848 2532; baseline 0 -14"><span class='ocrx_word' id='word_1_266' title='bbox 302 2475 525 2518; x_wconf 87' lang='lat' dir='ltr'><strong>crementis</strong></span> <span class='ocrx_word' id='word_1_267' title='bbox 547 2478 692 2518; x_wconf 85' lang='lat' dir='ltr'><strong>auctae</strong></span> <span class='ocrx_word' id='word_1_268' title='bbox 713 2478 810 2518; x_wconf 87' lang='lat' dir='ltr'><strong>sunt</strong></span> <span class='ocrx_word' id='word_1_269' title='bbox 830 2478 872 2518; x_wconf 89' lang='lat' dir='ltr'><strong>et</strong></span> <span class='ocrx_word' id='word_1_270' title='bbox 892 2474 1130 2531; x_wconf 89' lang='lat' dir='ltr'><strong>apostolicis</strong></span> <span class='ocrx_word' id='word_1_271' title='bbox 1150 2473 1379 2532; x_wconf 84' lang='lat' dir='ltr'><strong>privilegiis</strong></span> <span class='ocrx_word' id='word_1_272' title='bbox 1398 2472 1627 2516; x_wconf 86' lang='lat' dir='ltr'><strong>roboratae.</strong></span> <span class='ocrx_word' id='word_1_273' title='bbox 1716 2472 1848 2518; x_wconf 87' lang='lat' dir='ltr'><strong>Porro</strong></span> 
     </span>
     <span class='ocr_line' id='line_1_31' title="bbox 302 2549 1847 2607; baseline -0.001 -11"><span class='ocrx_word' id='word_1_274' title='bbox 302 2555 345 2596; x_wconf 89' lang='lat' dir='ltr'><strong>et</strong></span> <span class='ocrx_word' id='word_1_275' title='bbox 381 2552 426 2595; x_wconf 88' lang='lat' dir='ltr'><strong>in</strong></span> <span class='ocrx_word' id='word_1_276' title='bbox 463 2552 586 2596; x_wconf 89' lang='lat' dir='ltr'><strong>rebus</strong></span> <span class='ocrx_word' id='word_1_277' title='bbox 623 2552 742 2607; x_wconf 83' lang='lat' dir='ltr'><strong>regni</strong></span> <span class='ocrx_word' id='word_1_278' title='bbox 779 2552 895 2596; x_wconf 90' lang='lat' dir='ltr'><strong>dedit</strong></span> <span class='ocrx_word' id='word_1_279' title='bbox 927 2552 1048 2597; x_wconf 87' lang='lat' dir='ltr'><strong>nobis</strong></span> <span class='ocrx_word' id='word_1_280' title='bbox 1079 2552 1220 2596; x_wconf 86' lang='lat' dir='ltr'><strong>divina</strong></span> <span class='ocrx_word' id='word_1_281' title='bbox 1247 2551 1443 2595; x_wconf 78' lang='lat' dir='ltr'><strong>maiestas</strong></span> <span class='ocrx_word' id='word_1_282' title='bbox 1471 2553 1733 2607; x_wconf 85' lang='lat' dir='ltr'><strong>proventum.</strong></span> <span class='ocrx_word' id='word_1_283' title='bbox 1781 2549 1847 2595; x_wconf 91' lang='lat' dir='ltr'><strong>Si-</strong></span> 
     </span>
     <span class='ocr_line' id='line_1_32' title="bbox 303 2627 1846 2686; baseline -0.001 -13"><span class='ocrx_word' id='word_1_284' title='bbox 303 2630 471 2686; x_wconf 89' lang='lat' dir='ltr'><strong>quidem</strong></span> <span class='ocrx_word' id='word_1_285' title='bbox 508 2630 714 2673; x_wconf 88' lang='lat' dir='ltr'><strong>iuniorem</strong></span> <span class='ocrx_word' id='word_1_286' title='bbox 753 2629 967 2673; x_wconf 91' lang='lat' dir='ltr'><strong>dominum</strong></span> <span class='ocrx_word' id='word_1_287' title='bbox 1004 2633 1194 2673; x_wconf 85' lang='lat' dir='ltr'><strong>nostrum</strong></span> <span class='ocrx_word' id='word_1_288' title='bbox 1227 2641 1369 2684; x_wconf 84' lang='lat' dir='ltr'><strong>regem</strong></span> <span class='ocrx_word' id='word_1_289' title='bbox 1398 2627 1573 2684; x_wconf 88' lang='lat' dir='ltr'><strong>quedam</strong></span> <span class='ocrx_word' id='word_1_290' title='bbox 1602 2640 1688 2672; x_wconf 92' lang='lat' dir='ltr'><strong>non</strong></span> <span class='ocrx_word' id='word_1_291' title='bbox 1717 2627 1846 2673; x_wconf 84' lang='lat' dir='ltr'><strong>exiles</strong></span> 
     </span>
     <span class='ocr_line' id='line_1_33' title="bbox 301 2705 1846 2764; baseline -0.001 -13"><span class='ocrx_word' id='word_1_292' title='bbox 301 2721 505 2764; x_wconf 88' lang='lat' dir='ltr'><strong>personae</strong></span> <span class='ocrx_word' id='word_1_293' title='bbox 545 2707 599 2751; x_wconf 84' lang='lat' dir='ltr'><strong>ad</strong></span> <span class='ocrx_word' id='word_1_294' title='bbox 636 2707 739 2751; x_wconf 89' lang='lat' dir='ltr'><strong>haec</strong></span> <span class='ocrx_word' id='word_1_295' title='bbox 775 2707 916 2751; x_wconf 89' lang='lat' dir='ltr'><strong>dedita</strong></span> <span class='ocrx_word' id='word_1_296' title='bbox 952 2721 1080 2764; x_wconf 91' lang='lat' dir='ltr'><strong>opera</strong></span> <span class='ocrx_word' id='word_1_297' title='bbox 1115 2706 1390 2764; x_wconf 85' lang='lat' dir='ltr'><strong>inpellebant‚</strong></span> <span class='ocrx_word' id='word_1_298' title='bbox 1434 2708 1482 2748; x_wconf 88' lang='lat' dir='ltr'><strong>ut</strong></span> <span class='ocrx_word' id='word_1_299' title='bbox 1516 2705 1562 2748; x_wconf 90' lang='lat' dir='ltr'><strong>in</strong></span> <span class='ocrx_word' id='word_1_300' title='bbox 1599 2705 1846 2761; x_wconf 84' lang='lat' dir='ltr'><strong>quibusdam</strong></span> 
     </span>
     <span class='ocr_line' id='line_1_34' title="bbox 304 2781 1846 2842; baseline 0 -14"><span class='ocrx_word' id='word_1_301' title='bbox 304 2784 502 2828; x_wconf 89' lang='lat' dir='ltr'><strong>domnum</strong></span> <span class='ocrx_word' id='word_1_302' title='bbox 531 2798 686 2842; x_wconf 84' lang='lat' dir='ltr'><strong>papam</strong></span> <span class='ocrx_word' id='word_1_303' title='bbox 712 2784 938 2829; x_wconf 88' lang='lat' dir='ltr'><strong>offenderet</strong></span> <span class='ocrx_word' id='word_1_304' title='bbox 958 2788 1001 2828; x_wconf 89' lang='lat' dir='ltr'><strong>et</strong></span> <span class='ocrx_word' id='word_1_305' title='bbox 1019 2784 1228 2828; x_wconf 86' lang='lat' dir='ltr'><strong>canonicis</strong></span> <span class='ocrx_word' id='word_1_306' title='bbox 1249 2781 1424 2827; x_wconf 88' lang='lat' dir='ltr'><strong>decretis</strong></span> <span class='ocrx_word' id='word_1_307' title='bbox 1444 2782 1681 2827; x_wconf 85' lang='lat' dir='ltr'><strong>contrairet.</strong></span> <span class='ocrx_word' id='word_1_308' title='bbox 1728 2782 1846 2835; x_wconf 84' lang='lat' dir='ltr'><strong>Quod</strong></span> 
     </span>
     <span class='ocr_line' id='line_1_35' title="bbox 303 2859 1844 2918; baseline 0.001 -14"><span class='ocrx_word' id='word_1_309' title='bbox 303 2875 358 2905; x_wconf 93' lang='lat' dir='ltr'><strong>ne</strong></span> <span class='ocrx_word' id='word_1_310' title='bbox 387 2861 519 2917; x_wconf 82' lang='lat' dir='ltr'><strong>fieret,</strong></span> <span class='ocrx_word' id='word_1_311' title='bbox 550 2861 631 2906; x_wconf 91' lang='lat' dir='ltr'><strong>Dei</strong></span> <span class='ocrx_word' id='word_1_312' title='bbox 651 2862 888 2918; x_wconf 87' lang='lat' dir='ltr'><strong>largissima</strong></span> <span class='ocrx_word' id='word_1_313' title='bbox 917 2862 1103 2906; x_wconf 88' lang='lat' dir='ltr'><strong>bonitate</strong></span> <span class='ocrx_word' id='word_1_314' title='bbox 1125 2864 1166 2905; x_wconf 90' lang='lat' dir='ltr'><strong>et</strong></span> <span class='ocrx_word' id='word_1_315' title='bbox 1182 2863 1325 2904; x_wconf 89' lang='lat' dir='ltr'><strong>nostro</strong></span> <span class='ocrx_word' id='word_1_316' title='bbox 1346 2859 1482 2903; x_wconf 85' lang='lat' dir='ltr'><strong>studio</strong></span> <span class='ocrx_word' id='word_1_317' title='bbox 1501 2863 1747 2916; x_wconf 88' lang='lat' dir='ltr'><strong>preventum</strong></span> <span class='ocrx_word' id='word_1_318' title='bbox 1767 2863 1844 2916; x_wconf 81' lang='lat' dir='ltr'><strong>est,</strong></span> 
     </span>
    </p>

    <p class='ocr_par' dir='ltr' id='par_1_3' title="bbox 400 2946 1841 2994">
     <span class='ocr_line' id='line_1_36' title="bbox 400 2946 1841 2994; baseline -0.001 -10"><span class='ocrx_word' id='word_1_319' title='bbox 400 2949 431 2984; x_wconf 91' lang='lat'><strong>1.</strong></span> <span class='ocrx_word' id='word_1_320' title='bbox 456 2948 653 2985; x_wconf 84' lang='lat' dir='ltr'><strong>Amoldus.</strong></span> <span class='ocrx_word' id='word_1_321' title='bbox 747 2950 781 2985; x_wconf 77' lang='grc'><strong>’2.</strong></span> <span class='ocrx_word' id='word_1_322' title='bbox 807 2948 865 2986; x_wconf 84' lang='lat' dir='ltr'><strong>Cf.</strong></span> <span class='ocrx_word' id='word_1_323' title='bbox 889 2949 1033 2986; x_wconf 59' lang='lat' dir='ltr'><strong>Othonis</strong></span> <span class='ocrx_word' id='word_1_324' title='bbox 1055 2948 1211 2994; x_wconf 79' lang='lat' dir='ltr'><strong>Frising.</strong></span> <span class='ocrx_word' id='word_1_325' title='bbox 1237 2947 1350 2984; x_wconf 78' lang='lat' dir='ltr'><strong>Gesta</strong></span> <span class='ocrx_word' id='word_1_326' title='bbox 1372 2946 1546 2983; x_wconf 80' lang='lat' dir='ltr'><strong>Friderioi</strong></span> <span class='ocrx_word' id='word_1_327' title='bbox 1569 2947 1598 2984; x_wconf 91' lang='lat'><strong>1.</strong></span> <span class='ocrx_word' id='word_1_328' title='bbox 1623 2948 1664 2984; x_wconf 88' lang='lat' dir='ltr'><strong>L.</strong></span> <span class='ocrx_word' id='word_1_329' title='bbox 1682 2947 1711 2984; x_wconf 85' lang='lat'><strong>1.</strong></span> <span class='ocrx_word' id='word_1_330' title='bbox 1735 2956 1766 2984; x_wconf 79' lang='grc' dir='ltr'><strong>ο.</strong></span> <span class='ocrx_word' id='word_1_331' title='bbox 1785 2947 1841 2983; x_wconf 88' lang='grc'><strong>58.</strong></span> 
     </span>
    </p>
   </div>
  </div>
 </body>
</html>
