1924 3262
540 197 740 229 wmALm
767 196 1017 230 amsi-omn
1044 196 1095 228 29.
1116 197 1166 228 no.
1553 187 1636 231 107

77 289 159 340 29.
189 291 362 338 stairo-9
381 293 625 337 Bremenses
657 302 695 337 et
714 295 944 338 Bucoemes
973 294 1161 339 Wibaldo
1194 310 1363 338 causam
1389 310 1509 338 suam
1530 310 1638 338 oom-

189 371 396 415 mendant.
1452 371 1524 426 (M.
1551 371 1637 426 19.)

189 459 431 506 Venerabili
469 464 638 506 sanctae
668 460 932 506 Corbeiensis
971 461 1170 506 ecclesiae
1205 461 1357 505 domno
1388 461 1531 506 abbati
1549 461 1638 507 Wi-

71 538 196 584 boldo
234 552 378 583 omnes
416 540 569 584 fratres
600 539 840 584 Bremensis
879 539 1105 584 aecclesiae
1140 539 1312 583 maioris
1343 539 1432 584 sive
1462 541 1638 585 minoris

71 627 150 662 nec
183 630 270 662 non
300 620 343 661 et
371 617 597 662 Buccensis
634 615 882 662 aecclesiae¹
912 618 1199 674 congregatio,
1237 631 1410 675 precum
1439 619 1638 677 inpensas

72 707 168 740 cum
196 695 433 740 voluntario
464 697 679 740 servitutis
711 695 923 752 obsequio.

192 773 337 818 Totius
376 787 526 818 causae
555 778 725 818 nostrae
757 787 934 818 examen
965 777 1008 817 et
1037 773 1258 817 consilium
1287 776 1453 818 vestrae
1485 775 1640 819 sancti-

71 851 173 896 tatis
219 865 296 896 nos
332 852 497 908 integre
534 853 794 896 commisisse
831 851 1005 896 consilio
1044 851 1133 895 sive
1171 852 1366 908 arbitrio,
1413 866 1539 910 quam
1578 853 1640 897 af-

72 927 258 974 fectuose
294 930 544 986 gaudemus3
584 933 677 974 tum
716 931 815 988 quia
852 930 904 974 ab
943 929 1092 974 emulis
1128 930 1283 974 nostris
1315 931 1428 974 credi
1459 934 1638 989 poterat,

72 1021 150 1052 nos
185 1021 264 1066 per
300 1009 441 1052 omnia
475 1012 566 1052 tam
603 1009 795 1053 iusticiae
827 1022 954 1065 quam
983 1009 1100 1066 pacis
1131 1008 1397 1052 recalcitrare
1429 1010 1638 1067 operibus,

72 1089 164 1130 tum
193 1086 293 1143 quia
321 1086 445 1130 huius
475 1090 600 1131 notae
631 1087 875 1145 scrupulum
904 1090 993 1130 tam
1022 1090 1188 1131 vestrae
1219 1087 1481 1131 auctoritatis
1513 1102 1640 1144 quam

74 1167 118 1210 et
147 1164 289 1208 domni
310 1164 537 1208 Verdensis
546 1161 576 1221 ²,
610 1165 682 1221 qui
712 1165 1008 1209 nichilominus
1038 1168 1209 1209 nostrae
1241 1178 1391 1209 causae
1415 1165 1639 1210 discussio-

73 1256 171 1286 nem
201 1256 254 1287 ex
282 1242 491 1298 legatione
523 1243 666 1287 domni
695 1257 831 1301 papae
862 1244 1077 1299 ingressus
1109 1247 1193 1299 est,
1225 1243 1466 1287 testimonio
1498 1244 1639 1288 delen-

74 1321 175 1365 dum
212 1320 471 1365 confidimus.
518 1321 688 1365 Placeat
727 1335 826 1377 ergo
864 1325 1029 1366 vestrae
1064 1322 1332 1379 paternitatis
1369 1322 1639 1368 excellentiae

73 1412 151 1456 pro
180 1398 331 1443 humili
358 1403 527 1443 nostrae
547 1400 768 1457 parvitatis
789 1399 1008 1456 famulatu,
1041 1413 1137 1443 cum
1156 1400 1291 1444 iusto·
1314 1403 1355 1444 et
1374 1414 1474 1444 vero
1496 1401 1640 1445 domni

4 1463 6 1465 ,
73 1475 300 1521 Verdensis
330 1478 570 1522 testimonio
601 1481 766 1522 vestrae
793 1478 1088 1522 nichilominus
1111 1479 1372 1523 auctoritatis
1393 1480 1514 1523 nobis
1537 1480 1639 1523 scri-

73 1558 196 1614 ptum
239 1556 465 1600 concedere
501 1559 753 1613 nostraeque
792 1569 943 1600 causae
983 1557 1220 1613 angustias,
1266 1561 1393 1615 prout
1430 1558 1482 1602 de
1519 1561 1638 1602 tanto

74 1636 196 1691 patre
226 1633 486 1691 confidimus,
516 1634 780 1679 misericordi
811 1634 1051 1679 defensione
1079 1636 1302 1693 respicere.

79 1793 160 1842 30.
193 1796 408 1839 Conradus
436 1795 511 1840 ΙΙΙ
529 1812 606 1840 rea·
639 1796 881 1840 Heinrioum
911 1797 1097 1841 Leonem
1135 1799 1279 1841 ducem
1307 1806 1463 1853 monet,
1501 1806 1547 1842 ut
1575 1801 1641 1842 ius

194 1874 474 1917 advocationis
518 1875 806 1918 coenobiorwm
844 1876 1152 1919 Kaminatensis
1189 1884 1228 1919 et
1270 1877 1510 1920 Visbicensis
1554 1877 1639 1920 Wi-

195 1952 317 1995 baldo
347 1953 525 2009 resiynet
554 1953 605 1995 ab
637 1967 765 2011 eoque
793 1954 979 2011 recipiat.
1452 1952 1524 2007 (M.
1548 1954 1637 2009 23.)

195 2040 439 2085 Guonradus
460 2040 542 2085 Dei
570 2042 708 2097 gratia
726 2041 1011 2086 Romanorum
1039 2056 1117 2086 rex
1136 2041 1367 2098 H(einric0)
1389 2043 1485 2087 duci
1507 2043 1638 2088 Saxo-

75 2119 172 2164 niae
201 2119 382 2175 gratiam
413 2133 533 2162 suam
563 2122 605 2163 et
635 2133 757 2164 omne
787 2120 954 2164 bonum.

193 2197 323 2242 Novit
351 2200 426 2241 tua
445 2197 627 2253 dilectio,
658 2197 769 2254 quod
787 2197 1079 2242 fidelissimum
1101 2201 1143 2242 et
1163 2198 1427 2243 carissimum
1446 2203 1639 2244 nostrum

76 2274 316 2320 Wibaldum
352 2275 644 2319 Stabulensem
681 2275 874 2320 abbatem
903 2279 1078 2334 propter
1113 2277 1358 2322 unanimem
1395 2277 1639 2323 electionem

78 2356 120 2398 et
147 2353 400 2411 peticionem
421 2353 683 2398 Corbeiensis
716 2353 914 2398 ecclesiae
942 2355 1077 2398 eidem
1097 2357 1351 2400 monasterio
1371 2356 1635 2413 prefecimus.

77 2431 204 2476 Cuius
236 2431 288 2476 ob
318 2431 483 2487 insigne
512 2432 723 2487 meritum,
757 2431 868 2487 quod
895 2431 1010 2476 fideli
1040 2434 1210 2477 servitio
1242 2434 1294 2478 de
1319 2448 1449 2490 regno
1469 2435 1636 2490 meruit,

78 2509 305 2554 secundum
351 2510 604 2567 peticionem
641 2509 947 2567 predecessoris
986 2511 1051 2554 sui
1089 2514 1131 2555 et
1169 2512 1499 2556 obsecrationem
1536 2511 1637 2555 Cor-

77 2587 258 2632 beiensis
290 2588 501 2644 ecclesiae,
519 2573 522 2577 ⁴
543 2588 623 2631 duo
654 2587 910 2631 monasteria
939 2587 1204 2644 feminarum,
1235 2589 1280 2632 in
1311 2590 1462 2646 quibus
1492 2603 1637 2634 mona-

79 2665 184 2709 stica
219 2665 367 2721 religio
404 2666 491 2709 iam
528 2666 757 2721 defecerat,
802 2664 1036 2708 Kaminade
1075 2666 1234 2710 scilicet
1272 2670 1314 2715 et
1343 2667 1537 2724 Visbike,
1583 2668 1635 2712 ad

78 2743 387 2788 reformandam
423 2744 469 2787 in
508 2743 566 2788 eis
602 2743 735 2787 divini
770 2743 906 2787 cultus
936 2743 1182 2799 religionem
1214 2758 1266 2788 ex
1296 2744 1450 2789 iudicio
1475 2733 1636 2804 'princi-

174 2842 201 2863 8..
227 2841 295 2864 11180
316 2845 343 2864 ι’.

174 2897 209 2932 1.
239 2895 410 2940 Biicken‚
441 2907 464 2933 a
486 2897 619 2933 Brema
642 2896 738 2933 inter
762 2895 951 2932 meridiem
975 2899 1014 2933 et
1043 2896 1234 2934 orientem.
1281 2897 1401 2935 Huius
1425 2900 1636 2937 monasterii

81 2954 224 2992 tabulas
248 2955 364 2992 edidit
388 2956 610 3004 Hodenberg
632 2957 758 3004 Hoyer
781 2955 1081 2994 Urkundenbuch
1106 2956 1172 2994 111.
1267 2958 1300 2995 2.
1327 2957 1540 2996 Thietmari.

1664 470 1755 507 1147

1700 2052 1791 2088 1147

1662 2110 1688 2132 c.
1707 2101 1769 2132 Ian.
1789 2102 1827 2133 29
