1930 3242
500 201 903 236 ennonoempnns
934 199 1227 234 cop-emnem
1584 185 1643 229 59

81 300 302 356 trutinari,
340 299 578 344 omnimodo
614 298 837 356 prohibere
873 297 1037 353 sategit.
1099 295 1298 340 Cassatur
1335 298 1475 338 autem
1511 293 1644 336 domi·
1669 293 1807 375 Μὶέἓῖθ

83 378 178 424 nico
209 377 478 423 amminiculo
508 376 605 421 talis
645 377 734 420 eius
766 376 1029 420 adversatrix
1068 374 1285 429 emulatio,
1324 372 1443 430 quia,
1482 372 1562 416 etsi
1593 371 1644 416 de
1749 367 1757 374 ’

83 455 268 501 naturali
305 454 522 500 affectione
559 479 615 485 —
654 467 753 498 nam
798 458 840 498 et
876 454 968 511 ipse
1005 453 1081 498 ab'
1118 451 1479 508 consanguinitate
1519 449 1645 493 abba?

83 533 211 579 tissa*
256 533 414 578 lineam
457 533 622 589 generis
669 532 901 576 deducebat
938 556 994 562 -
1032 545 1117 575 non
1160 533 1303 574 tamen
1347 542 1448 573 vera
1492 531 1643 572 exstat.

84 611 300 657 Iterabant
329 625 427 668 ergo
446 624 567 667 reges
587 611 696 654 hanc
715 611 990 654 tradicionem
1012 623 1090 667 per
1111 608 1302 662 anulum3
1334 610 1377 651 et
1395 606 1647 662 ubicumque

85 690 348 748 oportunitas
380 689 579 745 exigeret,
610 692 806 746 presente
835 688 1106 731 nihilominus
1139 686 1365 745 apostolico
1394 688 1437 729 et
1455 687 1543 728 toto
1563 683 1646 727 Ro-

84 781 308 813 manorum
333 767 542 811 maiorum
562 766 749 822 collegio,
779 767 954 823 insuper
982 769 1025 810 et
1044 766 1089 809 in
1108 779 1240 808 unum
1260 763 1431 808 collecto
1451 763 1646 807 universo

84 845 256 905 populo,
286 845 365 890 hoc
383 846 541 890 factum
560 844 693 888 fixum
716 848 758 889 et
777 847 918 888 ratum
938 847 1051 888 stare
1072 843 1236 899 debere,
1269 856 1317 886 ac
1336 841 1504 886 firmare
1523 854 1648 899 posse

87 937 136 969 ac
163 923 272 969 velle
301 927 460 968 semoto
491 922 639 981 procul
669 923 783 966 omni
814 922 1010 980 scrupulo
1042 922 1170 965 etiam
1201 921 1325 976 omni,
1338 934 1412 964 suo
1435 934 1515 977 quo
1535 920 1649 964 vitae

85 1002 210 1047 huius
239 1005 430 1060 tempore
468 1004 690 1059 carperent
726 1001 920 1057 halitus⁰,
961 999 1241 1044 examinatius
1282 998 1566 1053 affirmabant3
1607 1001 1651 1042 et

85 1080 210 1125 huius
231 1080 574 1138 astipulationem
598 1079 752 1123 litteris
773 1079 949 1135 signatis
970 1078 1206 1122 tradebant.
1298 1077 1488 1120 Domnus
1510 1079 1650 1120 autem

87 1159 217 1204 abbas
252 1172 383 1216 penes
420 1172 466 1202 se
501 1172 580 1215 pro
618 1171 746 1201 causa
782 1170 869 1200 non
907 1155 1120 1214 superflua
1158 1155 1316 1218 scripta
1345 1155 1449 1198 haec
1478 1155 1649 1211 detinet,

88 1237 217 1282 etiam
253 1250 349 1281 cum
388 1237 440 1280 de
476 1237 572 1293 ipsa
609 1235 727 1279 curia
763 1234 966 1293 procedat
1001 1234 1213 1278 mandatis
1256 1232 1384 1289 regiis
1429 1233 1650 1289 legationis

87 1315 227 1372 gratia
255 1314 310 1359 ad
339 1314 678 1359 Cluniacensium
707 1313 859 1369 menia,
895 1312 969 1357 ubi
999 1312 1142 1356 domni
1173 1311 1392 1369 apostolici
1421 1311 1653 1356 habebatur

86 1395 189 1438 tunc
216 1394 431 1450 presentia
442 1390 464 1436 ¹.

209 1470 284 1516 Set
317 1470 395 1515 hec
433 1471 534 1514 dum
569 1473 770 1526 aguntur,
811 1467 1091 1512 Theodericus
1123 1468 1173 1512 de
1202 1467 1362 1523 Riclige
1392 1469 1652 1525 prepositum

88 1548 350 1594 Kimenaden
380 1562 476 1593 cum
494 1548 710 1604 fratribus,
741 1547 847 1591 inibi
867 1561 943 1604 per
964 1547 1163 1590 domnum
1185 1546 1379 1590 abbatem
1400 1547 1652 1603 constitutis,

89 1641 166 1685 per
194 1627 368 1671 nuncios
400 1641 497 1671 suos
529 1626 580 1670 de
609 1626 707 1670 inde
737 1624 1065 1681 transmigrare‘¹
1095 1624 1303 1682 precepit,
1340 1624 1505 1680 dicens,
1537 1625 1654 1669 ducis

89 1707 196 1750 nutu
223 1705 270 1750 id
299 1705 450 1762 exequi
480 1704 631 1749 debere
659 1703 777 1748 nussa
804 1704 892 1748 iam
920 1702 1172 1760 interposita
1199 1702 1500 1746 intersticione.
1560 1703 1654 1760 Ipse

90 1796 191 1828 vero
219 1783 459 1841 prepositus
489 1796 585 1827 cum
616 1782 765 1827 ceteris
794 1781 995 1825 fratribus
1025 1781 1314 1824 minitantium
1342 1779 1546 1825 fluctuum
1566 1782 1655 1826 eius

91 1861 412 1919 inpetuositates
441 1860 581 1904 flocci⁸
611 1860 834 1918 pendebat,
867 1860 966 1916 quia
996 1859 1174 1915 degebat
1200 1861 1243 1902 et
1260 1859 1307 1902 in
1326 1858 1417 1902 loco
1437 1860 1656 1904 nobiscum

91 1941 300 1996 tempore,
332 1952 414 1996 quo
445 1939 684 1996 prepositus
713 1941 858 1982 noster
887 1937 1140 1981 Adelbertus
1171 1949 1266 1980 cum
1295 1936 1468 1994 reliquis
1501 1939 1554 1981 ad
1584 1951 1655 1982 cu-

91 2017 201 2061 riam
236 2017 557 2074 procedentibus
587 2017 704 2061 venit
740 2020 782 2060 et
818 2015 1017 2073 reliquias
1046 2015 1216 2073 patroni
1245 2015 1380 2058 nostri
1411 2017 1546 2060 sancti
1568 2016 1656 2060 Viti

92 2093 346 2153 reportavit'
378 2098 433 2151 et,
466 2109 546 2152 que
576 2098 694 2151 gesta
722 2094 890 2139 fuerant
918 2093 986 2138 vel
1016 2107 1097 2150 quo
1127 2095 1266 2150 modo,
1296 2109 1374 2152 per
1401 2095 1590 2138 ordinem
1610 2094 1654 2138 in

94 2173 265 2218 auribus
296 2173 483 2217 omnium
513 2177 705 2216 nostrum
736 2173 945 2230 exposuit,
977 2172 1105 2215 etiam
1136 2171 1315 2228 qualiter
1344 2173 1436 2230 ipse
1466 2173 1552 2216 dux
1583 2173 1655 2216 ad-

94 2251 280 2296 vocatias
317 2254 590 2307 utrorumque
625 2250 812 2294 locorum
841 2250 1009 2294 illorum
1039 2250 1209 2306 regibus
1238 2251 1452 2307 redderet,
1489 2251 1655 2308 ipsique

96 2332 139 2374 et
168 2328 341 2374 ecclesie
370 2332 513 2372 nostre
542 2329 778 2384 traderent,
809 2331 986 2385 postque
1017 2328 1069 2372 ab
1101 2328 1251 2372 abbate
1281 2329 1372 2386 ipse
1403 2329 1487 2372 dux
1519 2329 1654 2372 denuo

96 2407 142 2450 in
170 2405 419 2451 beneficium
447 2406 666 2463 reciperet.
715 2404 789 2449 Set
817 2405 920 2450 haec
941 2406 1219 2450 Theodericus
1251 2406 1289 2450 si
1317 2410 1492 2450 noverat
1509 2420 1654 2462 necne,

97 2497 182 2528 non
212 2486 276 2527 est
304 2484 425 2529 nobis
456 2484 802 2539 animadvertere,
834 2496 929 2527 cum
958 2497 1035 2528 nos
1067 2484 1222 2541 quippe
1245 2487 1441 2527 tueantur
1461 2487 1504 2528 et
1523 2484 1656 2527 domi-

97 2565 267 2607 natores
297 2566 422 2618 terre,
453 2562 623 2606 Domini
651 2561 759 2605 sicut
779 2574 996 2618 speramus
1017 2561 1312 2618 inspiratione‘
1331 2562 1399 2605 vel
1420 2561 1563 2605 domni
1584 2561 1656 2606 ab-

97 2640 207 2684 batis
238 2640 523 2684 conventione.
628 2639 738 2683 Nam
769 2642 811 2682 et
841 2642 965 2682 antea
994 2662 1049 2668 —
1083 2639 1182 2682 dum
1211 2639 1414 2694 fungebar
1443 2640 1487 2683 in
1518 2639 1657 2684 locum

195 2737 222 2759 a.
250 2728 288 2760 ab
309 2730 451 2768 scriptum
473 2735 518 2760 en
543 2731 574 2760 in
599 2729 667 2759 cod.
688 2740 776 2767 super
797 2727 1082 2765 consanguinitates-
1165 2727 1194 2758 b.
1223 2718 1350 2758 abbesse
1372 2740 1398 2758 c.
1482 2737 1508 2759 6.
1535 2728 1656 2760 habitus

101 2794 150 2822 ap.
171 2784 331 2814 Per-nium.
414 2783 444 2814 (1.
465 2783 662 2821 transmigare
686 2795 711 2812 c.
795 2791 821 2811 6.
842 2781 926 2812 flocti
947 2793 972 2811 c.
1050 2780 1072 2811 f.
1094 2781 1326 2820 inspiraratione
1348 2794 1373 2812 c.

195 2841 230 2876 1.
263 2840 427 2878 cluniaci
457 2841 518 2877 die
541 2841 587 2877 26
612 2839 731 2877 Martii
760 2839 848 2875 1147
882 2837 996 2875 fuisse
1026 2838 1233 2885 Eugenium
1257 2839 1311 2875 111
1341 2849 1489 2886 papam,
1521 2840 1657 2877 docent

99 2900 260 2946 Regesta
278 2903 380 2946 pont.
398 2901 501 2937 Rom.
526 2912 561 2936 n.
580 2901 685 2936 6293.
758 2900 791 2935 2.
818 2898 1006 2944 Reliquias
1023 2897 1060 2934 S.
1073 2898 1152 2935 Viti
1177 2898 1214 2934 in
1240 2899 1338 2935 curia
1357 2898 1655 2937 Franoofurtensi

101 2959 226 3007 fuisse,
251 2959 413 2997 ostendit
437 2960 595 2998 conradi
618 2960 673 2997 111
696 2959 859 3005 diploma
883 2959 932 3004 (v.
959 2968 1069 3004 supra
1091 2968 1128 3004 p.
1144 2958 1191 2995 55
1214 2969 1250 2995 n.
1269 2959 1320 3004 3).
