1924 3288
532 176 730 207 wmALm
757 174 1007 207 EPISTOLAE
1038 174 1077 205 38
1089 188 1121 195 -
1130 174 1181 205 40.
1556 163 1640 207 119

80 270 311 328 gratiarum
349 271 533 316 actiones
573 270 653 315 sibi
691 270 839 314 referri
877 273 919 315 et
948 272 1090 314 vestra
1125 269 1413 314 benedictione
1444 270 1639 328 ampliari
1665 274 1755 363 2157

80 354 286 408 optamus.

81 490 163 540 39.
194 492 317 536 Anno
358 493 486 536 abbas
514 491 700 535 ludensis
729 490 917 533 Wibaldo
956 492 1096 534 scribit
1124 491 1175 534 de
1203 489 1392 535 Ebroino
1422 491 1635 535 monacho.

194 570 371 628 Papane
401 571 445 612 in
478 569 747 614 Germaniam
777 576 969 610 venturus
997 569 1060 622 sit,
1094 570 1266 627 quaerit.
1451 567 1522 622 (M.
1546 568 1635 624 21.)

193 659 376 704 Domino
422 662 465 703 et
509 658 643 702 amico
689 670 764 701 suo
799 654 991 700 Wibaldo
1033 655 1273 701 Stabulensi
1311 658 1452 703 abbati
1488 656 1635 703 Anno¹
1662 661 1753 698 1147

76 737 223 784 eadem
251 737 388 793 gratia
417 736 462 780 id
493 736 604 793 quod
633 738 710 791 est,
744 733 922 778 salutem
953 737 995 777 et
1025 734 1304 780 dilectionem.

193 814 368 860 Noverit
396 815 581 872 primum
611 812 770 856 karitas
802 814 957 868 vestra,
991 813 1089 868 quia
1119 813 1171 857 de
1191 814 1357 870 vestris,
1388 816 1535 872 utpote
1563 814 1636 859 do-

75 893 181 938 mini
211 896 253 938 et
283 892 406 937 amici
435 892 583 947 nostri,
616 890 874 934 successibus
900 891 1098 947 precipue
1119 892 1427 947 congaudemus
1450 895 1492 936 et
1511 907 1637 950 super

74 972 140 1016 his
179 971 269 1015 Deo
315 970 472 1026 gratias
517 969 709 1013 hilariter
751 968 1032 1025 rependimus.
1156 968 1426 1025 Suggerimus
1473 984 1636 1028 quoque

74 1049 317 1094 discretioni
361 1051 546 1104 vestrae,
595 1046 706 1104 quod
751 1046 927 1089 domnus
967 1045 1177 1090 Ebroinus
1216 1061 1293 1104 pro
1339 1049 1518 1105 inpensa
1555 1049 1636 1093 sibi

74 1127 232 1172 dudum
270 1140 296 1171 a
331 1127 451 1170 nobis
489 1125 663 1169 caritate
700 1138 776 1167 nos
815 1123 1057 1180 frequenter
1097 1124 1306 1169 sollicitat.
1364 1125 1497 1178 Quam
1535 1141 1635 1171 sane

72 1206 171 1250 licet
199 1205 372 1250 consilio
403 1207 541 1248 vestro
573 1206 614 1247 et
637 1216 777 1246 amore
800 1202 1006 1246 tenendae
1036 1203 1151 1260 pacis
1182 1206 1224 1247 et
1256 1203 1407 1260 quietis
1437 1204 1634 1249 ecclesiae

72 1285 180 1328 hanc
211 1283 251 1327 ei
279 1282 513 1338 fecerimus,
545 1284 687 1325 tamen
718 1280 887 1337 quidam
908 1280 1079 1324 sinistro
1102 1282 1283 1338 nomine,
1318 1283 1534 1340 symoniae
1555 1283 1634 1327 sci-

71 1362 183 1418 licet,
214 1362 293 1405 hoc
321 1361 479 1404 factum
508 1359 766 1418 improbant3
799 1372 876 1402 1100
906 1361 1048 1403 tamen
1070 1362 1244 1417 propter
1263 1360 1355 1416 1100,
1389 1364 1452 1404 001
1471 1374 1548 1418 pro
1569 1361 1634 1404 111-

71 1439 400 1498 portunitatibus
435 1437 556 1482 nobis
596 1440 637 1480 01
666 1436 784 1480 vobis
820 1437 948 1481 illatis
982 1438 1020 1482 ei
1052 1438 1105 1481 ad
1134 1441 1301 1495 tempus
1333 1438 1631 1483 subtraximus.

70 1518 237 1563 Dicitur
276 1530 438 1574 quoque
473 1515 688 1560 vobiscum
718 1529 886 1572 pacem,
924 1516 1135 1560 mediante
1166 1516 1317 1560 domno
1348 1515 1632 1574 Prumiense²,

70 1595 235 1641 noviter
265 1594 560 1652 composuisse.
607 1593 845 1651 Eapropter
876 1608 901 1637 a
930 1594 1049 1638 vobis
1081 1608 1345 1652 summopere
1364 1595 1631 1653 requirimus,

71 1675 108 1719 si
138 1676 303 1718 vestrae
331 1672 559 1717 voluntatis
591 1674 654 1715 est
685 1675 727 1716 et
757 1672 913 1729 absque
944 1672 1209 1716 cavillatione
1234 1674 1406 1717 sinistra
1427 1688 1517 1718 esse
1537 1678 1632 1732 pot-

71 1752 164 1808 erit,
201 1751 435 1795 condictam
465 1750 684 1794 caritatem
713 1750 758 1793 in
788 1753 1005 1807 posterum
1034 1750 1097 1794 1111
1127 1751 1459 1808 persolvendam.
1566 1752 1631 1797 De

70 1833 233 1874 caetero
262 1829 388 1873 etiam
408 1828 665 1886 perscrutari
685 1827 876 1871 volumus
898 1828 949 1872 de
969 1829 1148 1885 negotiis
1171 1829 1313 1873 domni
1331 1844 1480 1888 papae,
1513 1831 1630 1874 cuius

69 1922 144 1952 vos
184 1907 396 1951 conscium
432 1906 478 1949 in
516 1908 637 1963 parte
668 1905 895 1962 credimus,
934 1909 1077 1950 utrum
1108 1907 1267 1951 scilicet
1299 1908 1353 1951 ad
1381 1922 1458 1952 nos
1491 1922 1629 1953 acces-

71 1998 192 2030 surus
223 1984 280 2028 sit
309 1984 376 2029 vel
406 1983 629 2028 concilium
658 1983 703 2027 in
732 1984 924 2041 partibus
955 1985 1110 2029 nostris
1140 1985 1371 2030 habiturus.
1414 1986 1573 2031 Valete.

71 2139 155 2186 40.
185 2140 395 2184 Wibaldus
432 2142 600 2183 Annom'
637 2142 775 2184 abbati
810 2140 979 2184 ludensi
1015 2142 1066 2184 de
1096 2141 1284 2185 Ebroino
1324 2142 1523 2186 monacho
1561 2160 1627 2187 re-

186 2219 370 2276 spondet.
1441 2219 1512 2273 (M.
1537 2221 1625 2275 22.)

186 2306 427 2352 Reverendo
457 2306 570 2364 patri
596 2319 669 2349 suo
690 2306 859 2350 Annoni
878 2307 1067 2352 Indensis
1090 2307 1312 2353 aecclesiae
1336 2309 1478 2353 abbati
1496 2310 1627 2354 frater
1653 2317 1743 2353 1147

69 2383 286 2430 Wibaldus
318 2383 578 2429 Stabulensis
610 2384 738 2428 abbas
770 2384 946 2429 salutem
978 2389 1019 2428 et
1049 2386 1326 2430 dilectionem.

186 2462 251 2507 De
286 2466 433 2507 nostra
467 2462 770 2520 prosperitate,
809 2462 846 2505 si
884 2476 967 2519 qua
1002 2467 1086 2519 est,
1127 2467 1311 2507 vestram
1341 2465 1625 2509 sinceritatem

70 2540 209 2585 animo
247 2541 507 2596 congaudere
545 2554 630 2584 non
668 2540 918 2584 dubitamus.
973 2540 1031 2585 Et
1067 2543 1180 2585 recte
1218 2555 1336 2596 sane3
1380 2543 1474 2600 pari
1513 2543 1625 2587 enim

71 2618 304 2663 dilectionis
345 2617 495 2663 affectu
526 2632 626 2674 erga
655 2631 729 2662 vos
758 2618 943 2662 ferimur.
1065 2618 1159 2662 Non
1190 2622 1254 2663 est
1283 2620 1447 2663 consilii
1476 2622 1622 2677 nostri,

70 2699 118 2740 ut
135 2696 321 2741 Ebroino
351 2696 427 2753 illi,
460 2710 583 2753 quem
615 2697 791 2740 domnus
822 2710 934 2753 papa
952 2695 1165 2751 Eugenius
1197 2711 1222 2740 a
1250 2700 1389 2741 vestro
1414 2701 1456 2741 et
1479 2702 1622 2743 nostro

70 2774 323 2818 monasterio
362 2775 520 2832 scripta
556 2775 765 2819 sententia
800 2775 844 2817 in
874 2777 1123 2831 perpetuum
1154 2775 1466 2832 exterminavit,
1508 2777 1622 2833 quic-

161 2868 195 2903 1.
233 2866 347 2904 abbas
385 2868 595 2904 monasterii
626 2867 794 2905 Indensis
832 2878 861 2904 s.
892 2866 929 2904 S.
953 2867 1112 2905 Cornelii
1152 2869 1283 2913 (Inden
1313 2880 1343 2906 s.
1369 2869 1618 2908 Cornelimiin-

69 2928 156 2972 ster)
182 2937 297 2973 prope
321 2926 606 2974 Aquisgranum.
703 2929 736 2964 2.
763 2926 963 2966 Godefrido
987 2927 1132 2965 abbate.
