1924 3288
201 310 292 347 1151

184 359 254 390 Mai.
267 360 305 390 17

329 199 417 243 458
836 212 1032 243 wmAnm
1060 212 1280 245 nrrsrons
1309 213 1380 244 828.

328 306 548 351 vicinitate
573 307 817 363 iunguntur,
848 306 977 351 etiam
1007 306 1084 351 sub
1112 308 1236 352 unius
1266 308 1425 352 ditione
1448 307 1795 366 ordinationeque
1812 307 1887 354 ab·

328 384 439 429 batis
460 385 608 428 eadem
631 384 797 441 prefata
824 384 929 440 loca,
959 383 1270 430 walciodorum
1299 385 1495 430 videlicet
1523 388 1648 442 atque
1676 385 1886 443 Hastmin,

328 462 608 506 indissolubili
638 461 804 506 vinculo
834 465 1111 506 necterentur.
1161 462 1275 515 Quae
1305 463 1561 519 constitutio,
1591 466 1680 507 tam
1710 477 1737 508 a
1764 463 1888 510 divae

328 539 630 584 recordationis
659 540 953 597 prenominato
983 543 1158 596 augusto
1185 554 1262 598 per
1281 541 1543 585 venerandae
1562 541 1792 586 sanctionis
1810 555 1888 600 par-

328 618 471 673 ginam
500 617 698 662 roborata
727 631 854 674 quam
885 617 1124 675 apostolicis
1155 618 1334 662 decretis
1363 631 1440 675 per
1469 618 1782 663 sanctissimum
1805 618 1886 664 Be-

327 695 541 739 nedictum
570 708 726 753 papam
757 694 1013 752 confirmata,
1043 709 1176 752 usque
1207 696 1260 739 ad
1288 699 1431 739 nostra
1450 699 1643 754 tempora
1661 696 1887 742 immobilis

326 774 562 830 permansit
591 776 633 817 et
663 773 928 827 inconvulsa3
959 773 1058 817 licet
1089 773 1261 817 alterius
1281 773 1363 817 loci
1392 773 1621 830 monachis,
1651 774 1697 818 id
1719 777 1784 818 est
1801 773 1888 819 Ha-

328 850 621 907 steriensibus,
653 851 838 895 studium
869 865 1036 910 semper
1065 852 1213 907 fuerit,
1252 851 1518 908 prerogative
1537 850 1887 898 Walciodorcnsis

327 928 491 972 cenobii
529 928 731 973 obsistere
770 932 812 973 et
849 929 1048 974 abbatum
1087 943 1258 974 suorum
1296 929 1628 973 ordinationibus
1665 930 1890 974 temeraria

326 1006 613 1064 presumtione
641 1007 850 1052 resistere.
897 1007 1012 1060 Quae
1041 1007 1268 1051 insolentia
1295 1004 1428 1063 usque
1459 1006 1562 1050 adeo
1592 1006 1732 1052 stultis
1761 1020 1886 1052 cona-

325 1083 439 1128 tibus
460 1097 700 1129 excrescere
721 1098 824 1128 ausa
853 1087 931 1141 est,
961 1088 1009 1128 ut
1028 1099 1121 1129 sese
1141 1085 1167 1129 a
1186 1084 1415 1128 conexione
1435 1087 1478 1128 et
1497 1084 1752 1130 subiectione
1770 1083 1887 1131 Wal-

326 1161 582 1206 ciodorensis
612 1162 775 1207 cenobii
806 1166 848 1206 et
878 1162 1128 1207 venerabilis
1151 1162 1367 1207 Teoderici
1396 1162 1584 1207 eiusdem
1611 1162 1695 1207 loci
1724 1162 1887 1211 abbatis

326 1239 577 1297 abrumpere
607 1241 747 1284 conati
777 1241 883 1296 sint,
919 1240 1050 1285 donec
1078 1240 1233 1284 iudicio
1265 1241 1406 1284 curiae
1434 1244 1624 1296 nostrae,
1654 1240 1817 1296 legibus
1844 1244 1890 1289 et

325 1318 490 1363 ratione
521 1318 734 1374 subnixo,
755 1319 985 1376 compressi
1015 1322 1114 1362 sunt
1144 1322 1187 1362 et
1217 1318 1270 1362 ad
1299 1318 1505 1362 unitatem
1536 1322 1578 1364 et
1608 1318 1890 1364 obedientiam

326 1397 523 1442 revocati.
569 1396 834 1440 Auctoritate
871 1396 1000 1452 igitur
1036 1396 1081 1440 in
1118 1399 1371 1454 perpetuum
1400 1395 1584 1440 valitura
1612 1396 1888 1454 decernimus,

326 1477 375 1518 ut
403 1474 687 1518 Hasteriensis
717 1474 857 1530 locus,
887 1473 1218 1519 Walciodorensi
1254 1474 1510 1517 monasterio
1548 1474 1809 1519 contraditus
1846 1478 1890 1521 et

326 1566 523 1608 conexus,
555 1552 692 1596 eidem
722 1565 889 1609 semper
919 1552 1091 1596 cenobio
1123 1551 1339 1607 subdatur,
1370 1551 1479 1595 sicut
1508 1551 1614 1596 cella
1639 1551 1708 1596 vel
1736 1565 1889 1610 prepe-

325 1631 459 1674 situra
479 1629 560 1686 vel,
591 1643 851 1686 quocumque
871 1630 1040 1674 nomine
1061 1630 1238 1685 dicatur,
1267 1628 1435 1685 aliquod
1454 1629 1628 1674 inferius
1658 1643 1734 1674 suo
1764 1643 1889 1688 supe-

324 1708 429 1752 riori
465 1707 591 1752 debet
627 1708 829 1752 adiacere.
875 1707 934 1751 Et
970 1707 1196 1752 decedente
1226 1720 1297 1763 ee,
1336 1707 1409 1764 qui
1442 1719 1554 1751 nunc
1582 1707 1644 1752 ibi
1671 1706 1763 1752 Deo
1790 1721 1888 1766 pre-

326 1789 464 1831 stante
483 1785 734 1842 regulariter
753 1789 907 1843 preest,
926 1785 1184 1840 T(eoderico)
1206 1784 1369 1840 abbate,
1390 1785 1560 1841 suisque
1579 1785 1887 1835 successoribus

324 1864 371 1908 in
400 1867 652 1922 perpetuum
681 1863 932 1919 regulariter
961 1863 1218 1918 ordinandis,
1248 1862 1539 1907 Hasterienses
1565 1862 1760 1908 monachi
1787 1876 1886 1908 con-

325 1942 498 1987 veniant
526 1941 856 1997 Walciodorum,
896 1945 985 1984 tam
1017 1941 1071 1985 ad
1101 1940 1298 1997 exequias
1329 1939 1515 1984 defuncti
1545 1940 1708 1985 abbatis
1737 1941 1886 1986 devote

325 2020 586 2078 peragendas
617 2033 743 2077 quam
781 2018 835 2062 ad
873 2019 1119 2063 electionem
1155 2018 1287 2062 futuri
1324 2017 1506 2074 pastoris
1545 2018 1811 2076 disciplinate
1844 2021 1887 2064 et

326 2098 588 2142 concorditer
624 2097 936 2151 celebrandam3
983 2097 1062 2141 hoc
1091 2096 1286 2141 videlicet
1329 2095 1592 2140 discretionis
1628 2099 1796 2152 tenore,
1837 2099 1887 2141 ut

324 2175 487 2233 primus
518 2188 734 2230 assensus,
765 2174 904 2232 prima
932 2188 1029 2230 vox,
1064 2175 1204 2232 prima
1233 2174 1515 2219 denominatio
1545 2187 1675 2232 penes
1703 2173 1885 2219 Walcio-

325 2253 567 2297 dorensium
588 2255 750 2296 constet
770 2252 1005 2308 arbitrium,
1027 2244 1070 2296 et
1089 2252 1140 2296 de
1160 2252 1350 2310 ipsorum
1369 2255 1463 2296 cetu
1483 2265 1677 2310 persona,
1700 2251 1739 2296 si
1756 2251 1886 2296 fuerit

324 2331 476 2375 idonea
512 2331 705 2386 inventa,
753 2329 909 2386 absque
948 2330 1276 2374 contradictione
1315 2329 1648 2374 Hasteriensium
1693 2327 1882 2385 eligatur.

325 2408 483 2461 Quodsi
512 2407 572 2452 ibi
601 2407 710 2456 forte
739 2407 918 2464 reperiri
947 2421 1033 2451 non
1062 2408 1238 2465 poterit,
1271 2411 1396 2464 atque
1424 2408 1469 2452 in
1500 2405 1762 2451 Hasteriensi
1791 2417 1883 2451 aec-

326 2485 455 2531 clesia
482 2498 664 2543 persona
693 2484 942 2528 conveniens
973 2485 1144 2529 inventa
1179 2485 1325 2541 fuerit,
1363 2485 1415 2529 de
1451 2485 1556 2542 ipsis
1586 2483 1728 2541 potius
1756 2496 1883 2540 quam

325 2565 378 2609 de
416 2563 498 2608 alio
534 2562 788 2608 monasterio
826 2562 1012 2619 prelatus
1051 2566 1302 2607 assumatur.
1347 2562 1406 2607 Et
1443 2565 1491 2606 ut
1527 2561 1605 2605 hec
1640 2560 1882 2606 constitutio

324 2645 420 2686 rata
450 2645 492 2686 et
510 2639 737 2685 immobilis
758 2653 834 2697 per
854 2643 1004 2684 cuncta
1024 2653 1267 2684 successura
1286 2643 1478 2697 tempora
1496 2641 1755 2696 permaneat,
1785 2651 1882 2696 pre-

325 2733 422 2763 sens
452 2721 696 2776 preceptum
733 2717 939 2761 conscribi
976 2718 1287 2773 mandavimus,
1325 2720 1598 2773 nostraeque·
1627 2715 1746 2771 signo
1774 2715 1881 2760 ima-

325 2797 435 2854 ginis
466 2796 686 2853 impresso,
716 2798 859 2850 testes,
891 2794 963 2851 qui
994 2795 1149 2839 actioni
1171 2798 1214 2840 et
1241 2795 1393 2840 iudicio
1414 2794 1707 2848 interfuerunt,
1737 2792 1882 2837 subter

324 2874 464 2918 notari
493 2874 705 2918 iussimus.
751 2871 963 2916 Arnoldus
984 2872 1243 2918 Coloniensis
1265 2871 1488 2917 aecclesiae
1515 2871 1684 2927 electus,
1712 2872 1881 2914 nostrae

422 2979 449 3000 ι.
476 2970 640 3008 nostroque
661 2981 687 2999 c.
