1924 3178
306 166 393 211 180
749 176 946 209 wmALm
974 174 1222 208 usrsronffl
1253 175 1324 207 1⁰8.
1345 175 1415 207 104.

186 275 280 313 1148
305 273 550 318 absentiam.
598 271 644 317 Si
676 271 935 316 Stabulensis
972 271 1174 316 aecclesia
1211 284 1288 315 nos
1322 283 1408 315 non
1437 270 1674 328 educasset,
1713 269 1752 316 si
1778 275 1858 316 nos

305 351 356 396 de
386 351 581 407 gregibus
613 351 753 394 ovium
782 363 868 394 non
898 349 1150 406 sustulisset,
1181 350 1219 393 si
1247 363 1325 393 nos
1356 348 1408 394 de
1433 352 1532 406 post
1547 349 1755 395 foetantes
1772 358 1858 394 non

305 430 534 487 accepisset
546 426 568 484 ¹,
600 431 648 471 ut
676 441 943 485 pasceremus
974 427 1097 472 Iacob
1127 430 1170 472 et
1195 426 1347 471 Israel·
1376 426 1652 472 hereditatem
1671 423 1799 484 Dei·,·
1821 427 1859 472 81

301 521 379 551 1108
417 520 568 563 egenos
606 505 658 549 de
693 504 867 562 pulvere
902 518 988 549 non
1018 505 1260 550 suscitasset
1290 508 1333 549 01
1362 505 1414 549 (10
1445 508 1627 550 stercore
1657 504 1860 550 erexisset

301 598 521 643 pauperes,
553 587 601 627 ut
630 583 847 627 sedeamus
875 596 971 627 cum
990 582 1250 641 principibus
1258 579 1287 638 ⁸,
1319 582 1492 639 dignum
1510 582 1860 628 tamen-staterae.

302 663 476 706 caritate
495 662 588 717 fuit,
619 664 680 717 ut,
712 661 750 704 si
768 661 815 704 in
834 660 1076 705 Corbeiensi
1096 660 1297 705 aecclesia
1317 660 1503 705 medicus
1521 661 1644 717 foret,
1673 660 1720 704 111
1739 659 1858 705 cuius

302 741 425 784 domo
447 739 744 783 vestimentum
765 735 911 795 esset‘,
939 752 1024 783 non
1050 739 1259 794 negaretis
1281 738 1415 782 sorori
1435 741 1600 783 vestrae
1620 737 1860 784 Stabulensi

303 818 502 863 ecclesiae
533 817 718 874 aliquam
737 820 902 861 vestrae
925 816 1219 861 consolationis
1240 816 1620 874 participationem.
1711 814 1859 861 Caete-

301 910 397 940 rum
431 909 508 939 nos
539 896 642 940 haec
671 895 802 939 missa
830 895 1027 950 facimus3
1065 908 1140 939 vos
1171 900 1270 938 vero
1304 897 1466 956 curate,
1503 897 1553 938 ut
1579 893 1626 938 in
1656 905 1765 939 novo
1792 896 1859 939 ta·

302 974 525 1019 bemaculo
554 977 700 1018 nostro
730 972 990 1017 mansionem
1020 973 1235 1017 venientes
1265 971 1506 1017 habeamus.

307 1123 421 1170 104.
454 1123 666 1167 Wibaldus
680 1122 876 1166 Heinrico
893 1123 1178 1165 Romanorum
1196 1123 1287 1179 reqi
1306 1122 1357 1165 de
1374 1122 1579 1165 Cuonom‘s
1599 1129 1638 1165 et
1650 1119 1862 1165 Beer-ordi

453 1196 522 1239 lite
551 1196 769 1255 siqnfficat.
1674 1190 1746 1247 (Μ.
1768 1192 1859 1248 87.)

182 1294 276 1330 1148
421 1284 612 1328 Glorioso
659 1283 827 1327 domino
871 1296 945 1326 suo
983 1282 1215 1337 H(einrico)
1254 1282 1399 1326 inclito
1437 1282 1719 1326 Romanorum
1753 1282 1858 1339 regi,

299 1363 443 1418 magni
471 1375 519 1406 ac
538 1361 709 1406 victoris
731 1360 942 1405 Cuonradi
962 1359 1246 1404 Romanorum
1271 1360 1536 1418 imperatoris
1564 1360 1730 1416 aug-usti
1754 1358 1858 1416 filio,

299 1441 430 1484 frater
455 1439 673 1484 Wibaldus
703 1438 786 1483 Dei
815 1438 954 1494 gratia
981 1438 1045 1494 id,
1078 1438 1189 1495 quod
1227 1441 1292 1482 est
1326 1438 1372 1482 in
1410 1437 1615 1482 catholica
1645 1436 1858 1495 aecclesia,

300 1518 481 1563 salutem
509 1518 555 1561 in
585 1531 647 1573 eo,
681 1517 751 1574 qui
783 1516 856 1560 dat
886 1516 1064 1560 salutem
1092 1515 1274 1571 regibus.

419 1595 487 1640 Ab
518 1596 635 1639 exitu
663 1597 808 1638 nostro
839 1594 864 1638 a
894 1593 1053 1651 synodo
1075 1593 1272 1638 Remensi
1301 1593 1499 1637 remorati
1528 1606 1672 1638 sumus
1698 1593 1744 1638 in
1764 1592 1859 1638 Sta-

301 1674 465 1718 bulensi
495 1673 750 1717 monasterio
780 1675 955 1730 propter
983 1671 1137 1715 multas
1159 1674 1201 1715 et
1220 1672 1358 1715 varias
1379 1671 1659 1715 dissensiones
1679 1674 1723 1716 et
1739 1684 1859 1729 pres-

303 1766 444 1807 suras,
485 1765 591 1808 quae
631 1753 729 1794 sunt
764 1751 810 1794 in
847 1753 981 1806 terra,
1021 1763 1069 1793 ac
1107 1749 1288 1793 Domino
1326 1753 1576 1808 cooperante
1610 1751 1859 1806 nostrosque

303 1833 476 1874 conatus
521 1828 812 1883 confirmante,
863 1827 909 1870 in
954 1827 1146 1871 omnibus
1190 1827 1278 1871 fere
1321 1825 1424 1870 10018
1470 1827 1858 1872 circumiacentibus

304 1907 712 1964 quantulamcunque
741 1918 889 1964 pacem
920 1906 1242 1963 composuimus,
1273 1918 1419 1949 versus
1439 1903 1660 1949 Corbeiam
1688 1905 1734 1949 in
1759 1916 1858 1963 pro-

302 1986 416 2029 ximo
461 1985 641 2029 transire
679 1984 906 2042 cupientes.
1027 1983 1148 2027 Nunc
1184 1983 1448 2027 maiestatem
1485 1985 1670 2027 vestram
1706 1981 1859 2027 obnixe

301 2077 518 2119 rogamus,
551 2066 599 2106 ut
629 2062 680 2106 de
712 2075 859 2118 causa,
890 2075 968 2119 pro
999 2074 1082 2118 qua
1112 2060 1166 2105 ad
1195 2063 1379 2104 vestram
1409 2059 1674 2104 clementiam
1703 2059 1858 2105 direxi-

302 2155 416 2197 mus,
455 2154 532 2184 nos
571 2140 770 2184 exaudire
807 2139 1049 2195 dignemini.
1097 2138 1143 2182 In
1181 2137 1392 2183 beneficiis
1424 2137 1683 2182 Stabulensis
1711 2149 1857 2182 mona-

302 2219 421 2263 sterii
458 2219 696 2262 hereditant
732 2217 932 2273 feminae,
969 2216 1043 2261 ubi
1078 2216 1254 2260 masculi
1282 2229 1368 2260 non
1397 2218 1633 2273 supersunt.
1677 2213 1857 2267 Quidam

301 2296 511 2341 Widricus
548 2300 692 2340 noster
721 2294 1032 2351 ministerialis,
1073 2307 1169 2338 cum
1198 2293 1372 2339 haberet
1399 2293 1565 2337 unicam
1593 2291 1747 2350 filiam,
1785 2291 1856 2338 de-

300 2375 466 2419 functus
499 2378 580 2429 est3
613 2375 731 2418 cuius
762 2373 1045 2431 possessiones
1075 2371 1186 2416 filius
1217 2371 1371 2416 sororis
1401 2370 1534 2429 ipsius
1561 2369 1705 2414 Cuono
1735 2380 1856 2415 occu·-

301 2453 431 2510 pavit.
478 2452 631 2496 Postea
662 2451 832 2509 quidam
852 2450 1090 2495 Everardus
1115 2449 1246 2493 filiam
1263 2448 1469 2507 prefatam
1489 2448 1668 2506 predicti
1681 2446 1856 2493 widrici

303 2531 423 2574 duxit
446 2544 635 2586 uxorem,
667 2532 709 2573 et
730 2528 956 2573 secundum
976 2541 1136 2572 morem
1154 2530 1292 2572 terrae
1313 2539 1435 2571 omne
1453 2524 1714 2582 beneficium,
1745 2523 1855 2583 quod

302 2607 466 2666 puellae
505 2608 530 2652 a
564 2611 685 2665 patre
716 2607 997 2664 competebat,
1036 2606 1062 2650 a
1090 2605 1210 2649 nobis
1241 2603 1412 2662 accepit.
1458 2602 1615 2647 Verum
1643 2601 1855 2661 prenomi-

302 2689 427 2729 natus
465 2685 607 2729 Cuono
652 2685 829 2729 eundem
864 2683 1124 2728 Everardum
1163 2683 1215 2727 de
1250 2681 1512 2740 possessione
1548 2680 1722 2738 expulit.
1771 2678 1855 2724 Pro

304 2777 387 2819 qua
416 2777 462 2807 re
493 2763 519 2807 a
548 2762 667 2806 nobis
696 2762 882 2818 legitime
913 2764 1084 2805 vocatus
1115 2763 1159 2804 et
1186 2773 1312 2817 super
1339 2759 1419 2803 hoc
1436 2758 1482 2802 in
1502 2771 1671 2802 causam
1691 2758 1853 2814 ductus,

304 2853 397 2883 cum
429 2841 480 2884 ab
520 2841 668 2884 eodem
688 2839 936 2894 E(verardo)
968 2839 1253 2895 impeteretur,
1285 2836 1395 2893 quod
1424 2849 1519 2880 eum
1550 2834 1748 2881 beneficio
1778 2847 1853 2879 suo

398 2938 425 2959 a.
455 2929 542 2960 Iacob
564 2931 594 2959 et
615 2929 703 2959 Iacob
725 2929 793 2959 coa.

400 2988 430 3021 1.
459 2986 514 3022 cr.
531 2987 591 3023 ΡΒ.
610 2987 665 3031 71,
685 2987 739 3021 70.
813 2986 846 3021 2.
873 2984 961 3022 ibid.
980 2985 1035 3029 77,
1054 2984 1108 3019 71.
1182 2983 1217 3019 3.
1242 2982 1333 3028 Reg.
1351 2981 1380 3019 1.
1397 2982 1430 3028 2,
1448 2982 1482 3018 e.
1554 2982 1588 3018 4.
1607 2979 1852 3028 01111107.
