1924 3288
589 196 789 229 wmALm
817 196 1039 230 nprs‘rom
1067 195 1138 228 8⁷9.
1555 181 1642 226 509

80 291 280 349 turbavit,
310 292 483 338 horrore
502 292 667 349 terruit,
689 292 977 351 compassione
998 291 1236 337 commovit.
1277 289 1418 335 Rediit
1436 289 1644 347 siquidem
1668 292 1762 330 1152

81 384 108 415 a
124 369 336 416 Mindensi
365 371 535 416 civitate
565 371 620 415 ad
639 370 931 415 Coloniensem
960 370 1121 426 urbem,
1152 369 1225 414 ubi
1253 372 1377 414 natus
1406 372 1482 425 est,
1513 368 1644 412 frater
1676 344 1748 382 ΑΨ

79 447 368 505 Vorthlevius‚
398 449 465 494 vir
493 449 658 506 utique,
699 448 799 492 dum
831 448 943 506 apud
973 462 1050 492 nos
1080 448 1209 504 vixit,
1241 447 1479 506 inculpatae
1508 447 1642 500 vitae3

80 525 154 583 qui
189 525 236 571 in
273 526 395 571 domo
434 526 547 571 beati
575 525 713 582 Petri,
753 529 950 584 presente
983 529 1074 570 tota
1103 525 1342 571 Coloniensi
1371 524 1572 570 aecclesia
1602 527 1644 568 et

79 603 271 662 pluribus
301 604 576 663 principibus,
608 604 680 661 qui
711 604 765 647 ad
796 604 1150 661 soUempnitatem
1179 605 1321 660 regiae
1345 602 1621 661 susceptionis
1634 598 1645 619 ¹

76 685 373 739 convenerant,
404 682 542 727 subito
573 682 628 726 ad
657 682 785 740 pedes
816 685 981 726 nostros
1006 685 1256 740 prostratus,
1288 681 1479 726 horridas
1499 680 1644 726 vulne-

79 773 175 804 rum
205 760 419 804 cicatrices
450 763 492 804 et
522 773 721 804 cavernas
753 759 981 816 oculorum,
1012 760 1117 818 ipsis
1149 760 1316 805 orbatas
1342 759 1487 816 oculis,
1517 759 1643 803 mise-

79 837 270 882 rabiliter
306 841 644 895 premonstrans,
690 851 861 894 gravem
900 841 943 882 et
980 851 1005 882 a
1041 842 1182 882 vestra
1218 839 1380 882 utinam
1418 838 1643 882 serenitate

81 915 260 960 alienam
292 916 596 973 querimoniam
625 916 671 959 in
701 899 887 960 vestram
915 929 1139 974 personam
1168 916 1370 971 intendit3
1408 915 1643 960 affirmans:

81 993 192 1051 quod
220 996 385 1038 vestro⁸
413 994 618 1038 instinctu
648 996 691 1038 et
719 996 847 1050 nutu,
879 994 992 1038 facta
1021 994 1072 1038 de
1101 994 1195 1052 ipso
1227 994 1280 1038 ad
1309 993 1453 1039 fideles
1484 997 1645 1038 vestros

82 1071 343 1130 querimonia
352 1071 382 1128 ¹³,
414 1071 467 1116 ab
498 1072 656 1116 eisdem
684 1071 885 1116 membris
905 1074 1123 1116 truncatus
1144 1076 1198 1128 et,
1231 1072 1343 1130 quod
1362 1073 1646 1116 miserrimum

80 1150 127 1194 in
155 1150 246 1194 vita
276 1153 353 1206 est,
385 1162 505 1194 cecus
536 1150 672 1194 factus
703 1149 770 1194 sit.
818 1149 925 1202 Quia
953 1164 1052 1195 vero
1083 1151 1129 1194 in
1159 1150 1359 1194 cathedra
1387 1150 1501 1195 beati
1530 1149 1646 1194 Petri

81 1226 180 1272 licet
207 1227 372 1284 indigni
402 1228 650 1272 auctoritate
678 1230 822 1272 tamen
845 1227 1098 1285 apostolicae
1122 1228 1404 1286 preceptionis
1423 1229 1510 1273 vim
1530 1229 1646 1287 passi

81 1305 333 1362 residemus,
369 1306 561 1352 iusticiae
589 1305 714 1351 lineis
743 1306 1005 1362 inherentes,
1036 1306 1179 1350 habito
1211 1309 1419 1350 conventu
1449 1307 1647 1351 abbatum

82 1386 126 1428 et
163 1383 349 1428 omnium
385 1384 577 1442 priorum
607 1383 937 1440 Coloniensium,
977 1387 1019 1428 et
1055 1397 1197 1428 coram
1235 1384 1295 1429 eis
1326 1384 1480 1428 iterata
1510 1385 1647 1441 queri-

81 1461 236 1518 monia,
267 1475 373 1519 quae
401 1462 448 1506 in
477 1475 552 1506 vos
581 1462 749 1520 prolata
779 1465 856 1518 est,
886 1462 1041 1506 iudicio
1072 1462 1270 1507 ecclesiae
1295 1462 1348 1506 ad
1370 1462 1648 1520 quadraginta

82 1539 171 1584 dies
201 1543 299 1598 post
329 1542 520 1598 acceptas
550 1540 627 1584 has
657 1543 824 1585 nostras
853 1540 1032 1596 litteras,
1068 1541 1177 1584 sicut
1206 1541 1315 1584 ratio
1345 1540 1548 1598 temporis
1578 1553 1647 1584 ca-

81 1617 254 1662 nonicas
283 1617 474 1662 inducias
505 1617 671 1675 diffinit,
702 1621 888 1663 vestram
917 1619 1039 1663 nobis
1068 1619 1326 1676 presentiam
1347 1618 1544 1663 Coloniae
1575 1633 1647 1663 ex-

81 1695 238 1751 hiberi,
277 1709 331 1740 ex
368 1695 600 1754 apostolica
638 1697 886 1740 auctoritate
925 1699 968 1740 et
1003 1699 1149 1740 nostra
1184 1697 1441 1741 fraternitati
1483 1700 1647 1741 vestrae

82 1773 344 1818 mandamus.
457 1773 515 1817 Et
545 1774 643 1830 quia
673 1774 854 1818 crudelis
885 1777 962 1830 est,
995 1774 1067 1831 qui
1096 1774 1253 1818 famam
1284 1789 1403 1819 suam
1432 1772 1646 1831 negligit’,

84 1851 196 1909 quod
225 1851 340 1896 Deus
373 1851 398 1895 a
423 1854 566 1896 vestra
595 1852 822 1896 serenitate
853 1855 1028 1908 avertat,
1059 1852 1353 1897 nichilominus
1383 1853 1646 1909 mandamus,

82 1932 132 1974 ut
161 1942 246 1985 eos,
277 1943 380 1986 quos
411 1929 599 1987 prefatus
621 1929 922 1984 V(0rthlevius)
953 1929 1076 1974 huius
1097 1931 1206 1974 tanti
1227 1931 1434 1987 sacrilegii
1456 1934 1646 1975 auctores

84 2008 236 2052 astruit
272 2010 315 2052 et
352 2021 455 2065 quos
491 2010 589 2065 post
626 2011 915 2066 perpetratum
954 2007 1116 2052 facinus
1154 2008 1208 2052 ad
1244 2022 1318 2053 vos
1355 2023 1566 2065 regressos
1607 2012 1650 2053 et

83 2085 298 2130 vobiscum
316 2085 363 2129 in
384 2085 506 2130 domo
526 2085 793 2130 familiariter
813 2089 1090 2130 commoratos
1111 2086 1226 2142 dicit,
1250 2087 1303 2130 ad
1318 2087 1472 2131 famam
1490 2087 1648 2143 gloriae

83 2166 271 2209 vestrae⁶
299 2176 377 2220 pro
408 2177 453 2208 se
473 2177 746 2222 responsuros
768 2163 985 2208 Coloniam
1017 2164 1163 2209 eadem
1193 2164 1260 2208 die
1287 2165 1430 2209 venire
1460 2165 1648 2209 districte

85 2241 398 2286 commoneatis.
429 2240 558 2285 Novit
578 2242 691 2286 enim
710 2245 851 2287 vestra
871 2242 1069 2299 erudicio,
1087 2242 1187 2299 quid
1203 2242 1246 2286 in
1262 2242 1502 2287 huiusmodi
1518 2243 1648 2287 male-

83 2319 263 2364 factores
295 2318 525 2376 apostolica
554 2319 723 2364 decreta
742 2321 972 2365 sanxerint.
1079 2319 1277 2364 Preterea
1297 2334 1380 2377 eos,
1413 2334 1516 2377 quos
1535 2321 1647 2364 idem

85 2396 386 2452 Vor(thlevius)
416 2399 543 2441 testes
574 2397 754 2454 invocat,
786 2398 896 2455 quod
927 2399 987 2442 eis
1017 2398 1281 2456 presentibus
1313 2399 1453 2443 minae
1482 2402 1648 2443 vestrae

83 2474 130 2518 in
160 2488 256 2519 eum
287 2477 330 2519 et
360 2474 621 2531 querimonia
652 2475 706 2519 ad
736 2489 819 2532 eos,
852 2476 923 2532 qui
953 2476 1093 2534 ipsum
1114 2479 1428 2532 excecaverunt,
1458 2476 1647 2534 prolatae

86 2552 184 2609 sint,
215 2556 258 2597 et
287 2552 390 2596 duos
421 2553 587 2608 fratres,
619 2566 722 2610 quos
753 2553 804 2597 de
833 2554 1059 2598 traditione
1089 2554 1264 2610 notavit,
1295 2554 1431 2597 modis
1455 2554 1647 2598 omnibus

85 2630 302 2675 vobiscum
330 2630 513 2688 petimus
550 2630 671 2674 nobis
711 2630 920 2687 exhiberi,
958 2635 1007 2675 ut
1037 2631 1102 2676 etd
1131 2632 1338 2676 factorum
1369 2635 1411 2675 et
1441 2631 1645 2675 dictorum

182 2728 210 2750 a.
236 2721 338 2751 vestro
361 2720 482 2751 addidi.
544 2720 573 2750 b.
594 2726 754 2760 sequuntur
775 2722 806 2751 ιἰι
827 2720 896 2751 eod.
918 2721 1048 2752 abrasae
1067 2733 1154 2752 voces
1178 2722 1252 2752 hae.-
1272 2721 1305 2752 in
1325 2722 1456 2751 vestram
1476 2730 1647 2761 personam.

86 2781 113 2804 ο.
139 2772 283 2804 tuenda-m
304 2774 454 2804 excidisse
475 2773 600 2804 videtur.
682 2773 715 2804 d.
742 2774 772 2803 ot
792 2774 827 2804 ut
848 2786 874 2804 c.

183 2831 216 2866 1.
241 2831 468 2867 Fridericum
493 2841 618 2878 regem
643 2841 739 2867 anno
765 2831 857 2867 1152
881 2834 959 2867 tum
983 2831 1044 2868 die
1069 2832 1116 2868 30
1135 2832 1257 2869 Martii
1280 2834 1358 2869 tum
1383 2831 1420 2869 (1.
1436 2833 1484 2869 20
1507 2832 1647 2879 Aprilis

88 2889 264 2928 Coloniae
288 2889 402 2927 fuisse
427 2890 576 2928 scimus.
678 2891 714 2927 2.
738 2889 939 2938 Augustini
964 2901 1083 2928 sermo
1107 2891 1178 2928 355
1202 2902 1233 2928 c.
1253 2892 1272 2928 1
1300 2891 1406 2938 (Opp.
1429 2892 1488 2929 ed.
1506 2892 1646 2930 Caillau

86 2949 131 2986 T.
149 2949 239 2986 XXI
263 2960 299 3002 p.
317 2950 414 2995 348).
