1924 3288
313 165 402 209 574
764 178 963 210 wmALm
990 179 1238 212 amsi-omn
1265 180 1336 212 440.
1357 181 1428 212 441

191 273 289 354 I1155
312 271 470 316 tribus·
500 271 723 326 A(rnoldo)
746 271 984 318 Coloniensi
1012 274 1324 332 archiepiscopo
1355 277 1398 318 et
1416 273 1767 332 Bavenbergvenn‘
1780 277 1870 335 opi·-

191 323 289 354 Iuln'
313 346 464 406 scopo¹
492 352 535 393 et
557 349 707 393 dilecto
729 348 816 394 filio
837 349 1062 406 W(ibaldo)
1082 351 1326 396 Corbeiensi
1347 352 1490 397 abbati
1509 352 1688 398 salutem
1703 356 1759 399 et
1769 362 1870 413 upo-

313 425 504 471 stolicam
537 426 880 472 benedictionem.
1806 446 1855 471 ι.

414 503 537 556 Quia
550 503 751 549 Farfense
770 505 1072 550 monasterium
1090 506 1144 550 ad
1163 507 1471 551 ordinationem
1491 511 1534 552 et
1550 448 1871 566 dispositionem

313 581 424 625 sedis
454 581 706 638 apostolicae
737 582 973 640 specialiter
1001 587 1182 641 spectat,
1218 584 1488 629 karissimum
1516 584 1652 630 filium
1678 589 1869 631 nostum

312 658 345 702 F
349 658 606 714 (r1dericum)
643 659 851 704 illustrem
879 659 1160 705 Romanorum
1197 676 1340 717 regem
1369 662 1567 707 duximus
1597 664 1868 721 exorandum,

313 736 510 793 quatinus
554 737 752 783 dilectum
795 738 928 783 filium
966 742 1158 783 nostrum
1195 739 1463 794 R(olandum)
1502 740 1710 786 abbatem>
1725 741 1868 800 'ipsius

311 815 557 859 monasterii
593 819 636 860 et
669 817 968 861 monasterium
997 817 1138 874 ipsum
1166 831 1244 874 pro
1275 817 1388 862 beati
1416 817 1545 862 Petri.
1561 821 1604 864 et
1630 822 1777 864 nostra
1802 831 1869 864 re·

312 893 501 936 verentia
538 893 704 950 diligat,
744 898 787 939 et
821 894 985 939 litteras
1019 894 1324 939 benivolentiae
1355 909 1455 940 suae
1483 896 1568 954 ipsi
1589 897 1867 954 transmittat,

311 970 357 1014 in
387 970 536 1026 quibus
557 972 738 1027 gratiam
759 975 801 1016 et
819 972 974 1017 bonam
994 972 1251 1017 voluntatem
1273 987 1393 1018 suam
1413 974 1549 1018 eidem
1569 974 1712 1019 abbati
1726 978 1869 1020 osten·

313 1047 396 1091 dat.
458 1047 540 1093 Pro
571 1048 664 1093 aliis
695 1050 822 1094 etiam
852 1050 988 1094 eidem
1018 1050 1318 1106 gloriosissimo
1347 1050 1433 1095 filio
1463 1055 1606 1096 nostro
1635 1052 1681 1096 in
1711 1053 1869 1100 eisdem

311 1125 464 1169 litteris
501 1139 645 1183 preces
680 1128 966 1184 porreximus,
1006 1141 1132 1185 quae,
1169 1129 1206 1172 si
1234 1129 1392 1173 fuerint
1421 1127 1587 1174 effectui
1614 1119 1867 1189 mancipata,

313 1206 540 1248 noscuntur
570 1204 624 1248 ad
651 1204 878 1249 utilitatem
909 1209 951 1249 et
979 1205 1285 1263 reparationem
1308 1206 1440 1264 ipsius
1461 1209 1706 1253 monasterii
1716 1208 1869 1266 procul

313 1280 438 1325 dubio
467 1282 690 1339 pertinere.
747 1281 829 1326 Per
857 1284 1070 1340 presentia
1099 1284 1241 1340 itaque
1271 1284 1389 1328 vobis
1420 1286 1580 1343 scripta
1607 1285 1866 1343 mandamus,

313 1358 509 1415 quatinus
535 1359 722 1403 animum
740 1360 852 1415 regis
873 1360 927 1404 ad
945 1360 1024 1405 hoc
1042 1361 1264 1418 inducatis,
1295 1365 1343 1405 ut
1360 1376 1506 1419 preces
1526 1363 1732 1421 nostrac⁶,
1764 1377 1868 1421 quas

313 1449 439 1492 super
467 1436 546 1480 hoc
575 1437 614 1480 ei
642 1437 921 1494 porreximus,
953 1452 1028 1495 per
1050 1439 1244 1483 studium
1264 1443 1449 1483 vestrum
1480 1440 1681 1486 celeriter
1699 1445 1868 1486 auctore

312 1512 492 1557 Domino
523 1514 823 1571 compleantur,
855 1518 897 1560 et
925 1516 987 1559 ita
1006 1516 1132 1560 verbo
1164 1520 1206 1560 et
1234 1531 1358 1574 opere
1378 1518 1463 1561 iam
1483 1518 1593 1562 dicto
1613 1519 1867 1564 monasterio

312 1590 534 1635 salubriter
564 1591 711 1636 auxilii
740 1594 807 1636 sui
836 1593 986 1637 solatia
1015 1594 1317 1651 subministret,
1348 1598 1396 1639 ut
1420 1598 1587 1640 nostras
1604 1609 1867 1655 precespre·

311 1667 446 1712 dictus
468 1668 595 1713 abbas
616 1673 659 1713 et
676 1670 828 1715 fratres
850 1671 939 1715 eius
960 1671 1041 1715 sibi
1061 1672 1245 1716 sentiant
1263 1673 1471 1730 profuisse
1495 1676 1538 1718 et
1556 1673 1795 1719 benivolum
1807 1678 1867 1720 et

312 1744 521 1790 efficacem
536 1747 800 1793 defensorem
823 1762 868 1793 se
887 1748 1042 1793 habere
1062 1754 1324 1805 cognoscant.
1355 1751 1468 1796 Data
1488 1751 1620 1796 Sutrii
1633 1751 1867 1798 Kal-lunii]

313 1898 431 1946 441.
460 1902 670 1946 Adrianus
683 1903 753 1946 IV
769 1920 890 1962 papa
909 1905 1174 1949 Wichmanno
1200 1906 1503 1964 archiepiscopo
1524 1907 1869 1966 Maqdeburqemi

458 1980 641 2034 mandat,
673 1988 718 2023 ut
748 1982 798 2024 de
824 1982 1103 2026 Nortlandiae
1133 1984 1298 2027 decimis
1327 1985 1478 2027 iudicet
1506 1985 1613 2028 inter
1636 1984 1867 2029 Wibaldum

460 2064 500 2100 et
526 2057 765 2116 Philippum
797 2061 1032 2117 episcopum
1064 2059 1426 2118 osnabmqensem.
1649 2059 1723 2114 (M.
1745 2061 1865 2116 413.)

191 2148 283 2185 1155
430 2144 642 2188 Adrianus
681 2147 901 2205 episcopus
938 2161 1082 2193 servus
1120 2162 1336 2193 servorum
1370 2149 1452 2194 Dei
1480 2147 1710 2194 venerabili
1729 2149 1866 2195 vri-atri

181 2198 236 2229 ω’
250 2199 288 2228 ¹¹
312 2221 619 2277 W(ichmanno)
650 2222 998 2281 Madenburgensi
1037 2225 1348 2284 archiepiscopo
1385 2227 1563 2271 salutem
1597 2230 1640 2271 et
1669 2226 1867 2285 apostoli-'-

313 2313 407 2344 cam
435 2300 777 2346 benedictionem.

430 2377 585 2422 Dilecti
627 2377 704 2422 filii
740 2381 873 2423 nostri
910 2379 1126 2436 W(ibaldi)
1164 2381 1426 2426 Corbeiensis
1464 2381 1626 2426 abbatis
1663 2379 1868 2427 relatione

315 2455 570 2514 accepimus,
605 2455 787 2500 decimas
818 2457 1014 2502 villarum
1044 2472 1215 2502 suarum
1245 2459 1297 2503 de
1325 2458 1614 2514 Northlandia,
1644 2458 1866 2503 commisso

315 2533 395 2578 sibi
413 2533 665 2577 monasterio
686 2534 893 2590 quondam
913 2535 1066 2580 iniuste
1088 2536 1261 2592 ablatas,
1283 2536 1308 2580 a
1324 2535 1552 2580 venerabili
1570 2535 1702 2580 fratre
1720 2528 1866 2581 nostro

314 2609 541 2668 Ph(ilippo)
563 2609 896 2666 Osenbruggensi
926 2613 1120 2671 episcopo
1142 2617 1184 2658 et
1203 2613 1453 2670 quibusdam
1473 2612 1567 2656 aliis
1588 2612 1676 2656 eius
1697 2613 1864 2675 nomine

315 2688 504 2732 detineri.
550 2686 750 2740 Quocirca
778 2696 876 2746 per⁶
909 2691 1122 2747 presentia
1151 2691 1308 2748 scripta
1337 2690 1589 2734 fraternitati
1617 2693 1716 2735 tuae
1745 2684 1863 2735 m'a‘n—

315 2765 475 2822 damus,
507 2765 702 2822 quatinus
731 2768 952 2823 utramque
981 2771 1144 2825 partem
1175 2772 1271 2812 ante
1301 2771 1417 2812 tuam
1441 2767 1696 2825 presentiam
1717 2781 1861 2813 evoces

409 2870 437 2891 a.
462 2860 603 2891 fratribus
625 2860 743 2891 addidi.
826 2860 855 2891 b.
878 2862 995 2892 nostras
1018 2875 1042 2892 c.
1127 2871 1152 2893 c.
1174 2871 1228 2901 per
1248 2874 1304 2893 om.
1323 2863 1390 2893 cod.

410 2920 441 2954 1.
465 2916 687 2955 Eberhardo.
