1930 3242
502 198 904 232 onnonoenffnns
935 197 1229 230 commmuffls
1588 185 1644 228 57

83 296 129 341 id
156 309 234 355 per
263 295 467 340 Thomam
496 291 774 339 cardinalem¹
805 294 954 350 exequi
990 307 1134 351 posse,
1174 293 1398 337 dummodo
1435 292 1523 336 iam
1551 306 1647 350 pre-
1685 295 1777 331 1146

83 371 194 419 lata'
224 374 514 432 deponeretur.
606 373 741 417 Nacta
762 373 891 428 igitur
912 371 1290 429 quantulacumque
1311 370 1550 415 decolorata
1579 384 1648 414 oc-
1672 354 1697 375 ⁰⁴
1712 344 1800 375 mm

84 452 274 508 08810110,
311 452 410 509 (11118
438 465 517 496 1100
547 465 647 496 vera
676 464 753 495 nec
783 451 947 507 idonea,
977 464 1054 508 per
1083 450 1302 508 proprios³
1333 463 1429 493 suos
1462 448 1648 492 Theode-

84 531 196 576 ricus
227 531 404 576 ominari
435 525 714 574 abbatissam³
744 529 883 573 verbis
919 528 1130 586 precepit,
1170 529 1236 572 sin
1274 531 1414 572 autem
1453 527 1569 571 exire
1607 530 1650 571 et

83 608 223 654 minus
261 611 566 663 assentaretur,
606 607 834 665 pelleretur
871 610 944 650 aut
981 607 1109 650 etiam
1145 606 1258 650 foras
1289 606 1341 650 ab
1371 605 1529 664 ipsiusb
1561 618 1649 649 ser-

84 687 217 732 vulis⁶
248 711 305 718 --
337 686 448 743 quod
488 689 530 730 et
565 686 723 729 factum
763 688 975 742 postremo
1007 710 1062 715 —
1097 684 1161 728 etd
1191 698 1276 728 non
1305 684 1433 728 nullis
1462 683 1648 728 lacrimis

85 765 271 810 crebrius
307 764 625 808 madidaretur⁶.
698 762 912 819 Siquidem
956 763 1002 806 in
1040 764 1174 806 sancti
1203 762 1293 806 Viti
1333 762 1460 818 festo,
1505 762 1550 805 id
1587 764 1651 805 est
1672 770 1736 801 Iun.
1752 771 1791 801 15

89 844 141 887 17
173 842 264 887 Kal.
297 842 518 898 Iuliarum,
557 842 652 900 ipsa
689 842 735 884 in
775 841 968 885 edicioris
1008 841 1090 884 1001
1129 844 1343 884 constratu
1379 840 1522 898 pueris
1562 840 1649 884 suis

85 920 328 966 sollemnius
348 933 612 976 convescens,
637 920 897 964 advenerunt
917 919 1073 963 servuli
1094 919 1339 963 Theoderici
1359 919 1404 962 in
1423 918 1502 962 hoc
1523 918 1651 962 desti-

85 999 195 1054 nati3
235 1000 307 1056 qui
343 999 390 1042 in
420 998 595 1042 eandem
633 998 889 1042 abbatissam
927 997 1189 1041 indecentius
1221 997 1368 1052 etiam,
1409 1010 1534 1053 quam
1570 996 1652 1040 fari

85 1077 191 1122 mihi
221 1081 359 1134 queat,
391 1090 540 1120 manus
561 1077 807 1132 iniecerunt,
838 1076 1092 1120 renitentem
1113 1076 1164 1119 de
1183 1089 1331 1119 mensa
1352 1075 1653 1119 submoverunt

87 1156 228 1213 sicque
262 1155 375 1199 foras
415 1155 711 1199 miserabiliter
748 1150 999 1199 eiecerunt*.
1061 1153 1171 1197 Nam
1207 1167 1285 1197 nec
1319 1153 1568 1196 dilacionem
1599 1153 1653 1196 ad

87 1234 275 1279 ciborum
306 1234 719 1289 consummationem,
753 1246 856 1289 quos
887 1235 929 1276 01
958 1232 1130 1290 proprio
1157 1245 1284 1276 censu
1305 1245 1355 1275 ex
1375 1231 1652 1275 vendentibus

87 1315 375 1368 contraxerat,
413 1312 601 1356 obtinere
630 1311 843 1368 nequibat.
908 1310 982 1354 Set
1012 1311 1104 1367 quis
1136 1310 1490 1367 dispensationem
1521 1310 1653 1353 domi-

86 1391 227 1435 nicam
255 1389 469 1434 infirmare
498 1390 663 1434 valeat?
724 1389 814 1446 Illa,
845 1389 1135 1445 undecumque
1164 1388 1268 1432 talia
1296 1388 1461 1445 perpeti
1491 1387 1651 1444 habuit,

88 1469 151 1513 sic
179 1468 373 1527 depulsa,
415 1468 584 1524 eligitur
620 1468 794 1512 tandem
834 1467 886 1511 ab
928 1467 1120 1511 omnibus
1158 1467 1271 1510 intus
1303 1469 1346 1510 et
1374 1466 1477 1510 foris
1508 1465 1652 1509 Helm-

87 1547 232 1604 burgis
261 1547 558 1605 prepositissa,
597 1560 682 1590 non
713 1545 958 1590 Theoderici
987 1544 1095 1602 filia,
1129 1558 1382 1602 quamquam
1401 1558 1478 1602 per
1497 1544 1652 1588 multos

87 1625 316 1670 multifarie
354 1626 533 1670 instaret
568 1624 836 1681 maximaque
880 1623 1095 1667 instantia.
1167 1622 1465 1667 Hlouduwicus
1513 1626 1653 1666 autem

87 1704 199 1748 infra
226 1704 314 1748 iam
343 1703 479 1747 dictus
510 1716 605 1747 cum
637 1703 723 1746 suis
736 1736 747 1758 ,
788 1702 924 1745 modis
956 1701 1106 1758 quibus
1136 1701 1259 1745 facile
1289 1701 1334 1744 id
1365 1700 1568 1757 efficeret,
1606 1704 1654 1744 ut

88 1782 175 1826 iam
212 1781 346 1826 electa
383 1781 576 1826 electioni
607 1781 773 1825 eederet
811 1783 853 1824 et
881 1779 1013 1823 filiam
1044 1780 1133 1823 eius
1165 1780 1252 1823 acsi
1281 1793 1365 1824 non
1397 1779 1528 1824 electa
1558 1792 1654 1823 cum

89 1860 240 1905 ceteris
262 1859 446 1915 eligeret,
479 1862 544 1903 set
564 1862 606 1903 et
623 1859 736 1903 bona
755 1872 844 1916 spe,
876 1858 975 1915 quia
992 1858 1246 1915 promiserat
1265 1861 1460 1902 centenos
1479 1871 1653 1902 mansus

90 1939 191 1984 dare
220 1938 328 1983 velle
356 1938 421 1982 illi
452 1937 663 1982 ecclesiae.

208 2016 398 2061 Domnus
432 2019 571 2059 autem
601 2029 691 2070 rex,
723 2013 826 2058 talia
855 2013 923 2058 vel
951 2014 1017 2057 his
1049 2013 1205 2057 similia
1235 2017 1307 2057 aut
1338 2014 1466 2057 etiam
1493 2013 1654 2057 maiora
1709 2020 1800 2056 1147

90 2108 356 2154 pernoscens,
389 2094 672 2151 oportunitate
693 2092 942 2136 decentioris
974 2091 1217 2135 mutationis
1248 2095 1321 2135 aut
1352 2092 1479 2136 etiam
1507 2091 1653 2135 lauda·
1676 2070 1775 2101 αἶψ’
1791 2070 1830 2101 ²⁹

91 2173 252 2218 bilioris
282 2172 568 2231 professionis,
601 2185 726 2228 quam
757 2174 799 2214 et
820 2170 1032 2227 aliquanto
1054 2169 1217 2226 extulit,
1250 2169 1492 2214 Gorbeiensi
1524 2169 1653 2214 eccle-

93 2251 194 2308 siae,
226 2250 334 2294 sicut
364 2250 522 2294 dictum
553 2252 629 2305 est,
660 2252 838 2306 utraque
867 2248 960 2292 loca
989 2247 1063 2291 illa
1092 2248 1253 2292 tribuit.
1299 2248 1357 2291 Et
1380 2249 1478 2304 quia
1506 2251 1652 2306 pastus

93 2328 477 2374 sanctimonialibus
508 2327 745 2371 omnimodo
772 2326 1032 2370 Kimenaden
1062 2326 1215 2382 defuit,
1254 2325 1475 2370 Corbeiam
1505 2339 1550 2369 se
1581 2326 1653 2369 ob-

92 2410 374 2465 temperantes
404 2405 632 2461 transtulit,
670 2407 712 2448 et
742 2403 964 2461 quasdam‘
993 2404 1073 2460 ibi,
1106 2404 1307 2460 quasdam
1337 2417 1431 2447 cum
1463 2403 1549 2447 suis
1578 2403 1652 2446 ho-

93 2485 344 2530 nestioribus
377 2484 430 2528 ad
459 2497 589 2527 novos
619 2483 780 2526 fructus
813 2481 916 2526 alias
938 2482 1177 2537 destinavit,
1208 2482 1280 2525 ubi
1301 2485 1343 2525 et
1364 2482 1415 2525 de
1435 2481 1652 2537 naufragio

202 2566 222 2588 ¹⁸¹
251 2567 296 2604 In
323 2568 490 2617 maryine
517 2567 641 2604 eadem
668 2577 803 2602 manus
831 2564 975 2602 addidit
1000 2566 1110 2602 haec:
1144 2565 1204 2602 set
1239 2565 1278 2602 et
1312 2563 1475 2613 depulsa
1510 2564 1550 2601 et
1576 2562 1652 2601 Lo-

252 2631 396 2671 duwiei
431 2634 471 2671 et
503 2631 586 2671 filia
612 2629 849 2670 Theodoriei
884 2640 963 2668 uno
997 2629 1154 2669 nomine
1187 2629 1338 2668 scilicet
1364 2627 1521 2668 Iudhita
1546 2628 1652 2668 voci·

253 2699 334 2738 tate
361 2700 465 2738 sunt.

192 2798 218 2819 a.
239 2798 295 2829 pet
315 2788 434 2829 prorios
457 2800 482 2818 c.
565 2788 594 2818 b.
622 2787 698 2826 ipsis
721 2799 747 2816 c.
831 2794 856 2816 c.
884 2788 1016 2826 sequitur
1037 2787 1137 2816 litura.
1222 2784 1251 2815 d.
1282 2786 1314 2815 et
1335 2785 1455 2816 addidi.
1542 2794 1568 2815 0.
1589 2793 1650 2815 ma-

95 2842 183 2874 detur
204 2855 231 2874 c.
313 2842 335 2873 f.
356 2844 489 2883 sequitur
510 2843 601 2872 litura
624 2844 746 2883 etz-{gua-

190 2901 225 2937 1.
256 2900 377 2946 presb.
395 2899 494 2936 card.
510 2900 568 2936 tit.
585 2899 622 2936 S.
635 2898 823 2936 Vestinae.
859 2897 906 2934 V.
924 2907 1036 2943 supra
1058 2907 1095 2942 p.
1112 2896 1158 2932 49
1184 2907 1219 2931 n.
1237 2896 1270 2932 2.
1344 2897 1377 2931 2.
1405 2895 1527 2931 Iudita
1550 2905 1652 2933 soror

96 2959 259 2997 Heinrici
283 2960 300 2996 I
324 2959 468 2997 abbatis
493 2959 599 2997 Corb.
698 2960 732 2996 3.
757 2957 915 2994 Iuditam
940 2967 1100 2994 sororem
1125 2955 1289 2993 Heinriei
1314 2955 1330 2991 1
1354 2955 1440 2993 abb.
1456 2955 1564 2994 Corb.
