1924 3288
290 206 378 250 304
733 220 930 251 WIBALDI
959 221 1206 253 Ems'roma
1235 221 1304 252 isa
1331 222 1399 253 185.

157 316 246 372 1149
288 314 443 370 vimus,
481 314 612 370 quod,
650 319 822 372 peracta
858 315 1065 371 legatione
1095 316 1237 360 domni
1267 330 1402 374 papae
1431 318 1478 361 in
1505 316 1743 375 Poloniam,
1780 314 1840 363 'ad

121 365 264 396 Ma1.1un.
288 396 430 448 partes
452 391 658 435 Saxoniae
688 392 942 449 devenimus,
972 393 1112 450 ibique
1142 408 1218 451 pro
1239 394 1486 452 complenda
1503 395 1711 452 legatione
1730 395 1840 440 eius-

290 468 385 512 dem
422 469 579 512 domini
608 470 743 513 nostri
773 470 824 514 de
862 471 1155 515 constitutione
1193 472 1483 530 episcoporum
1518 473 1564 517 in
1591 471 1839 530 Lauiniam,

290 559 364 590 seu
402 547 528 590 etiam
565 560 641 604 pro
679 548 849 602 negocio
890 548 1028 592 ducis*
1060 582 1070 592 .
1089 582 1099 592 .
1118 582 1128 591 .
1148 582 1180 604 .,
1220 550 1330 606 quod
1359 550 1477 594 vobis
1515 563 1601 595 non
1630 553 1748 596 extat
1773 551 1840 595 in-

290 624 514 679 cognitum,
545 638 708 668 moram
736 625 970 669 necessario
1000 626 1189 669 facimus,
1234 626 1342 679 Quia
1370 641 1467 672 vero
1496 628 1543 672 in
1571 631 1750 686 utroque
1768 641 1842 673 no-

290 702 402 756 gotio
438 704 576 745 vestro
608 702 762 746 auxilio
794 716 868 746 seu
897 702 1070 746 consilio
1101 717 1364 761 summopere
1394 705 1652 762 indigemus,
1689 706 1840 751 frater-

289 779 466 822 nitatem
501 782 684 823 vestram
721 783 876 823 attente
914 794 1110 835 rogamus
1146 785 1269 838 atque
1301 795 1353 825 ex
1382 786 1503 839 parte
1534 783 1678 828 domni
1705 797 1841 842 papae

291 859 332 900 et
361 854 621 900 cancellarii¹
650 857 767 901 vobis
797 858 1057 914 mandamus,
1097 859 1306 915 quatinus,
1343 860 1408 904 his
1440 862 1644 919 susceptis
1673 860 1840 918 litteris,

290 934 406 976 omni
442 935 657 978 occasione
693 948 741 978 ac
771 935 968 979 dilatione
997 936 1252 993 postposita,
1295 937 1348 980 ad
1377 951 1452 981 nos
1484 938 1684 995 veniatis,
1719 939 1842 985 attin

288 1011 487 1068 predictis
523 1013 722 1068 negotiis,
762 1013 869 1057 sicut
906 1016 1070 1070 oportet
1106 1016 1149 1058 et
1188 1013 1363 1058 domnus
1402 1029 1515 1073 papa
1543 1015 1738 1072 confidit,
1773 1028 1842 1061 ae-·

289 1089 436 1133 sistere
467 1089 653 1134 valeatis.

295 1213 408 1261 185.
435 1215 649 1273 Euqenius
667 1215 739 1258 III
747 1231 869 1273 papa
892 1216 1125 1258 Conradum
1144 1215 1219 1259 III
1229 1233 1377 1274 reyem,
1401 1217 1687 1278 Hierosolyma
1705 1226 1840 1280 rever?

437 1301 600 1343 tentem,
640 1293 689 1335 de
725 1295 900 1351 accepti-s·
930 1294 1227 1336 calamitatibus
1258 1295 1499 1338 consolatur.
1546 1297 1676 1340 Addit
1704 1297 1755 1340 de
1778 1285 1841 1355 'yle-

434 1372 542 1428 yatis
573 1370 631 1413 ad
660 1386 750 1412 eum
779 1366 946 1413 missis².
1626 1371 1698 1427 (M.
1726 1365 1841 1428 164.)

161 1462 252 1498 1149
388 1458 618 1514 -Eugenius
664 1459 882 1516 episcopus
941 1473 1084 1502 servus
1139 1473 1353 1503 servorum
1397 1460 1477 1505 Dei
1529 1461 1751 1507 karissimo
1795 1463 1846 1507 in·

149 1512 212 1542 hm'
226 1513 265 1542 ²3
290 1536 455 1580 Christo
485 1535 570 1579 filio
601 1535 825 1590 C(onrado)
856 1536 1010 1580 illustri
1031 1535 1313 1581 Romanorum
1343 1538 1433 1593 regi
1463 1538 1640 1583 salutem
1670 1543 1712 1584 et
1742 1553 1841 1598 apo-

290 1614 481 1658 stolicam
510 1613 854 1657 benedictionem.

407 1690 512 1735 Cum
548 1691 593 1734 in
629 1691 708 1734 hoc
743 1691 898 1734 mundo
936 1694 1083 1734 cuncta
1120 1692 1412 1736 mutabilitatis
1451 1693 1551 1737 ordo
1587 1698 1840 1755 corrumpat,

289 1769 397 1812 sicut
433 1782 510 1812 nec
547 1768 760 1826 prosperis
794 1768 946 1812 elevari
976 1769 1037 1812 ita
1066 1783 1142 1813 nec
1171 1770 1307 1825 frangi
1339 1770 1546 1827 adversiS,
1587 1771 1840 1818 confidentes

289 1846 341 1890 de
371 1846 513 1891 divina
541 1846 821 1901 miseratione,
855 1846 1071 1901 debemus3
1105 1847 1203 1903 quia
1222 1847 1303 1891 Dei
1331 1852 1372 1891 et
1386 1848 1604 1893 hominum
1636 1849 1841 1913 mediator

291 1924 536 1968 admiranda
571 1923 880 1981 dispensatione
918 1925 1132 1968 consuevit
1169 1938 1335 1968 omnem
1373 1925 1506 1969 filium
1540 1940 1663 1983 quem
1691 1927 1842 1986 recipit

291 2001 610 2045 adversitatibus
639 2000 862 2057 flagellare,
894 2005 954 2056 ut,
986 2001 1085 2044 dum
1106 2002 1245 2059 ipsum
1267 2017 1344 2060 per
1375 2017 1561 2047 amorem
1591 2004 1644 2048 ad
1671 2007 1841 2049 aeterna

288 2079 451 2136 premia
487 2082 628 2135 vocat,
668 2093 841 2136 presens
880 2079 1057 2122 mundus
1100 2080 1187 2123 eius
1226 2081 1410 2124 animum
1445 2095 1522 2139 per
1550 2080 1839 2129 tribulationes

290 2170 393 2214 quas
422 2156 576 2212 ingerit
606 2169 632 2199 a
661 2170 705 2199 se
735 2156 827 2213 ipso
859 2156 1046 2214 repellat,
1079 2161 1276 2215 tantoque
1306 2158 1468 2202 facilius
1498 2159 1549 2203 ab
1570 2158 1692 2204 huius
1711 2158 1840 2203 seculi

291 2247 432 2278 amore
460 2233 648 2290 recedat,
681 2237 834 2290 quanto
866 2234 998 2290 magis
1029 2234 1259 2292 impellitur
1289 2236 1388 2280 dum
1418 2240 1600 2280 vocatur.
1647 2235 1766 2288 Quod
1793 2236 1838 2280 in

290 2311 517 2356 Israelitico
552 2310 706 2368 populo
727 2309 870 2367 Moyse
900 2315 1072 2356 vocante
1104 2316 1145 2356 et
1163 2311 1379 2358 Pharaone
1408 2313 1670 2371 impellente*
1698 2313 1837 2370 signa-

290 2393 371 2433 tur.
418 2387 582 2447 Moyses
612 2402 791 2445 namque
823 2391 923 2432 tunc
954 2390 1005 2433 ad
1028 2390 1260 2434 vocandum
1280 2391 1431 2434 missus
1453 2394 1528 2447 est,
1560 2404 1655 2435 cum
1674 2389 1836 2435 Pharao

291 2467 407 2511 duris
452 2480 547 2511 eum
592 2466 785 2524 operibus
827 2467 1097 2524 perurgebat,
1145 2469 1338 2524 quatinus
1379 2468 1484 2512 alter
1523 2468 1706 2518 vocando
1742 2482 1838 2527 per—

290 2544 475 2589 traheret
502 2543 608 2588 alter
636 2543 869 2601 impelleret
899 2545 1115 2602 seviendo,
1146 2549 1194 2589 ut
1221 2545 1353 2603 plebs,
1384 2546 1429 2588 in
1459 2546 1628 2590 servitio
1658 2546 1838 2603 turpiter

290 2621 388 2678 fixa,
418 2621 486 2667 vel
514 2624 738 2680 provocata
767 2620 886 2664 bonis
916 2622 983 2666 vel
1012 2622 1193 2680 impulsa
1222 2623 1423 2668 molestiis
1453 2626 1701 2667 moveretur.
1747 2622 1837 2667 Hoc

292 2700 432 2757 itaque
468 2699 643 2743 rationis
673 2698 810 2742 debito
840 2698 1024 2756 incitati,
1063 2700 1353 2745 discretionem
1382 2703 1498 2744 tuam
1528 2713 1835 2745 commonemus

388 2798 415 2819 a.
442 2790 578 2830 Sequitur
598 2790 627 2819 in
650 2788 716 2819 cod.
740 2779 843 2825 lot⁵1s;
865 2788 899 2819 id
919 2795 963 2819 est
983 2789 1097 2826 loteris,
1120 2802 1197 2830 quae
1217 2801 1277 2821 vox
1298 2790 1372 2831 quid
1391 2791 1538 2831 significet
1557 2792 1667 2821 ηεεοίο.
1729 2788 1759 2820 b.
1778 2789 1834 2820 im-

292 2842 422 2882 pellente
444 2842 565 2873 addidn'.
1638 2851 1641 2858 =

387 2900 418 2935 1.
445 2898 585 2945 papalis
608 2897 800 2936 Gnidonis.
886 2900 920 2934 2.
945 2898 1045 2936 Haec
1069 2899 1223 2946 epistola
1243 2899 1427 2937 invenitur
1453 2899 1562 2936 etiam
1587 2910 1644 2946 ap.
1662 2898 1831 2937 ottonem

293 2958 572 3006 Frffingensem,
598 2959 698 2995 Geet.
716 2957 893 2994 Friderici
916 2958 946 2994 Ι.
972 2969 1005 2995 c.
1023 2960 1080 2995 61.
