1924 3288
569 202 768 233 wmALm
797 201 1017 232 prs'ronA
1048 199 1118 230 301.
1539 187 1627 231 429

59 297 176 345 301.
203 299 410 343 Robertus
430 299 609 342 decanus
627 298 881 342 stabulensis
898 298 1086 341 Wibaldo
1107 297 1325 357 siqnificat,
1349 295 1502 338 Leodii
1522 311 1628 353 quae

205 378 334 435 eyert't
363 384 401 419 et
431 392 537 436 quae
562 377 754 434 pericula
784 377 1032 419 monasterio
1064 377 1222 418 instent.
1412 371 1484 427 (M.
1509 372 1627 426 282.)

174 465 356 510 Domino
388 479 463 509 suo
495 468 537 510 et
566 466 680 523 patri
701 464 927 519 W(ibaldo)
955 463 1186 508 venerabili
1216 462 1455 507 Stabulensi
1487 462 1629 506 abbati

55 545 188 589 frater
215 543 457 599 R(obertus)
490 543 752 588 obedientiae
789 543 1059 587 subiectionis
1098 555 1147 586 ac
1179 542 1417 586 orationum
1447 540 1629 585 devotis-

58 623 212 667 simum
241 636 406 666 munus.

177 700 360 745 Sabbato
390 703 488 757 post
509 699 739 744 discessum
761 703 949 743 vestrum
969 698 1174 743 Leodium
1194 697 1387 755 profecti,
1420 697 1630 741 dominica

55 779 267 834 venimus;
298 779 439 836 ibique
467 778 661 822 abbatem
674 775 684 794 ¹
704 774 1025 821 Florefiensem²
1049 776 1100 820 de
1120 776 1327 820 bonorum
1349 789 1521 819 suorum
1542 776 1629 819 vio-

55 857 172 902 lenta
207 857 359 915 rapina
397 856 701 913 querimoniam
732 856 956 899 facientem
986 854 1236 898 invenimus.
1300 854 1379 898 Cui
1410 854 1461 898 ab
1494 853 1630 897 archi-

57 935 245 980 diaconis
276 938 319 979 et
349 934 570 979 abbatibus
603 935 670 978 die
702 934 862 990 eadem,
893 933 1014 977 nobis
1035 947 1135 977 vero
1160 933 1206 976 in
1228 929 1435 977 crastino³
1455 945 1630 990 respon-

58 1026 152 1058 sum
183 1017 266 1058 est:
299 1013 494 1071 proximo
526 1012 700 1057 sabbato
733 1008 998 1070 episcopum⁴
1017 1015 1264 1066 venturum3
1297 1011 1453 1055 reverti
1472 1024 1549 1054 nos
1582 1024 1632 1054 ea

58 1092 126 1136 die
156 1091 321 1148 debere,
353 1092 399 1135 in
428 1091 571 1149 palam
603 1091 817 1148 querelam
847 1093 1037 1134 nostram
1066 1090 1271 1145 facturos3
1305 1103 1350 1133 se
1379 1103 1477 1133 vero
1509 1089 1630 1133 nobis

56 1170 102 1214 in
141 1170 334 1214 omnibus
371 1169 564 1214 iusticiae
602 1172 772 1214 nostrae
811 1168 1025 1213 affuturos.
1148 1168 1260 1212 Itum
1291 1171 1375 1223 est,
1414 1181 1632 1211 reversum

58 1252 141 1303 est3
173 1252 216 1293 et
246 1249 314 1292 die
344 1246 555 1306 predicta⁶
580 1249 626 1292 in
656 1250 864 1292 conventu
893 1261 1045 1303 magno
1069 1247 1471 1302 archidiaconorum,
1505 1246 1631 1290 abba-

57 1330 163 1384 tum,
194 1326 296 1371 cleri
317 1326 481 1371 litteras
502 1330 664 1371 vestras
689 1326 841 1370 domno
863 1326 1059 1383 episcopo
1080 1325 1430 1383 presentavimus.
1473 1323 1631 1376 Quibus

59 1419 85 1450 a
111 1406 244 1450 fratre
274 1405 472 1450 Heinrico
502 1405 646 1463 palam
676 1405 872 1448 distincte
902 1404 1105 1460 recitatis,
1137 1403 1356 1461 respondit
1387 1403 1630 1460 episcopus:

58 1483 250 1528 dubitare
281 1497 339 1540 se,
371 1487 514 1528 utrum
543 1484 698 1528 liberos
728 1483 918 1526 homines
948 1470 1249 1540 parrochianos
1273 1495 1370 1525 suos
1392 1494 1632 1525 excommu-

58 1562 200 1606 nicare
228 1562 421 1620 possitis;
453 1562 607 1606 iudicio
638 1566 781 1605 tamen
802 1561 1192 1605 archidiaconorum
1212 1560 1470 1616 consilioque
1491 1560 1632 1603 omnia

60 1644 263 1685 acturum.
385 1639 524 1684 Causa
553 1644 642 1684 tam
671 1643 819 1683 nostra
849 1653 974 1696 quam
1004 1638 1271 1683 Florefiensis
1301 1638 1347 1682 in
1377 1635 1631 1682 crastinum⁶

59 1722 276 1776 protracta
313 1722 388 1763 est.
458 1718 536 1774 Et,
582 1721 778 1775 presente
817 1717 1100 1774 frequentiore
1139 1721 1365 1773 conventu,
1404 1717 1631 1774 requisitus

62 1797 283 1854 episcopus
324 1810 496 1841 causam
535 1800 724 1840 nostram
763 1796 809 1839 in
846 1795 1060 1852 responsis
1098 1794 1487 1839 archidiaconorum
1525 1795 1634 1838 dixit

61 1874 311 1927 consistere3
344 1874 627 1918 archidiaconi
646 1873 962 1917 nichilominus:
988 1872 1210 1930 privilegia
1231 1876 1272 1916 et
1292 1873 1387 1916 iura
1407 1873 1633 1917 aecclesiae

60 1956 231 1996 nostrae
260 1966 395 2009 neque
425 1952 599 1996 consilio
631 1966 765 2009 neque
794 1951 949 1995 iudicio
981 1965 1056 1995 suo
1088 1951 1195 1995 velle
1226 1952 1472 1996 convellere.
1526 1953 1632 1995 Tum

63 2030 305 2088 episcopus:
344 2031 446 2075 Gum
485 2031 625 2088 inquit
662 2031 851 2074 abbatem
887 2038 1067 2073 vestrum
1107 2038 1143 2073 et
1165 2031 1398 2088 privileqia
1429 2040 1467 2074 et
1496 2040 1633 2074 cartas

63 2111 150 2153 eius
179 2111 323 2153 videro
332 2142 344 2163 ‚
379 2111 552 2153 consilio
583 2125 788 2162 meorum,
823 2124 930 2166 quae
960 2110 1071 2151 iusta
1100 2117 1218 2161 sunt,
1253 2124 1391 2166 aqam.
1452 2108 1513 2152 At
1541 2122 1633 2164 nos,

62 2186 114 2231 de
143 2200 346 2244 responso
377 2186 455 2230 hoc
486 2187 727 2244 premuniti,
765 2185 949 2241 diffugiis
982 2186 1070 2230 eius
1102 2186 1163 2230 sic
1194 2186 1474 2230 obviavimus:
1517 2187 1632 2242 Quo-

62 2267 179 2309 niam
209 2274 390 2323 tempore
413 2267 718 2323 predecessoris
749 2267 876 2308 vestri
905 2267 1051 2308 domni
1080 2265 1319 2319 Alberonis,
1354 2267 1633 2308 excommuni-

64 2345 266 2387 cationem
296 2344 517 2387 aecclesiae
546 2353 712 2387 nostrae
741 2352 879 2386 ratam
909 2343 1059 2386 habere
1088 2344 1286 2397 nolentis,
1328 2345 1632 2396 archidiaconi,

66 2424 142 2479 qui
170 2422 306 2465 adhuc
336 2423 573 2479 superstites
604 2429 701 2464 sunt
731 2430 768 2464 et
787 2430 999 2478 presentes
1028 2430 1137 2475 sunt,
1172 2424 1635 2465 excommunicationem

65 2501 111 2543 in
143 2500 367 2543 Walterum
398 2502 448 2543 de
479 2499 691 2542 Warnanz
723 2507 760 2541 et
786 2500 1050 2542 Balduinum
1081 2501 1132 2542 de
1151 2500 1324 2542 Hosden
1356 2517 1383 2542 a
1413 2501 1532 2542 nobis
1551 2500 1633 2555 fa-

66 2586 174 2621 ctam
202 2586 340 2621 ratam
371 2593 455 2621 esse
487 2586 750 2630 censuerunt,
783 2578 935 2619 viderit
957 2578 1189 2633 prudentia
1218 2586 1375 2630 vestra,
1408 2579 1448 2619 si
1476 2578 1633 2619 iudicio

66 2664 105 2699 et
134 2658 363 2699 testimonio
395 2656 787 2698 archidiaconorum
818 2663 855 2696 et
868 2656 1066 2711 priorum
1087 2656 1307 2698 aecclesiae
1326 2663 1484 2697 vestrae
1498 2656 1637 2712 possit

67 2734 293 2791 refraqari.
364 2734 673 2786 Verumtamen,
718 2734 918 2789 quoniam
958 2734 1135 2775 domnus
1175 2734 1303 2775 abbas
1344 2732 1458 2774 abest
1495 2757 1550 2763 -
1588 2733 1635 2774 in

164 2845 197 2881 1.
223 2844 459 2882 Gerlandum.
555 2846 590 2880 2.
617 2843 829 2880 monasterii
853 2842 1021 2888 Mox-effe,
1051 2853 1073 2878 a
1096 2843 1260 2880 Namuco
1285 2842 1382 2879 inter
1405 2842 1635 2879 occidentem

70 2906 108 2941 et
132 2904 333 2940 meridiem.
413 2905 447 2940 3.
473 2904 532 2940 die
558 2905 694 2940 Lunae.
771 2902 806 2939 4.
832 2903 1085 2948 Leodiensem,
1110 2902 1335 2940 Heinricum.
1408 2903 1441 2939 5.
1468 2902 1635 2939 sabbato.

70 2964 103 3001 6.
131 2963 169 2999 in
193 2963 290 3000 diem
316 2963 552 3001 dominicum.

1702 464 1795 499 1150

1650 512 1715 544 Oct.
1728 529 1759 533 —
1771 513 1844 543 Dec.
