1924 3288
268 175 356 218 620
820 188 962 219 turm
989 188 1310 220 saffrensium

975 291 1043 320 1³²ss-
1793 295 1865 325 pag.

266 332 465 369 Nonnullae
490 333 687 378 gratiarum
742 360 751 370 .
802 360 811 369 .
860 360 868 369 .
918 360 927 369 .
975 334 1043 370 571
1092 335 1315 371 Presentiam
1339 338 1440 371 tuam
1465 345 1547 372 cum
1565 361 1574 371 .
1623 361 1633 372 .
1681 361 1690 373 .
1739 357 1766 372 ,Α
1801 338 1866 377 ,81

267 392 360 439 Non,
385 403 408 429 o
432 396 551 428 rector
574 393 710 440 inclyte
742 420 750 428 .
801 419 809 428 .
860 420 868 428 .
919 419 926 428 .
997 393 1044 429 99
1092 394 1216 430 Preter
1241 404 1467 431 communem
1490 394 1657 433 karitatis
1682 421 1691 431 .
1739 423 1748 431 .
1795 396 1868 435 520

266 451 348 488 Non
370 462 499 498 parum
522 462 590 488 nos
614 451 868 490 conturbavit.
918 479 926 488 .
973 452 1043 488 491
1091 454 1212 490 Primo
1235 454 1316 490 loco
1341 453 1478 500 absque
1507 481 1516 489 .
1565 481 1574 490 .
1623 482 1633 491 .
1681 482 1691 492 .
1738 471 1771 492 .-·
1794 455 1866 494 34¹1

266 511 348 548 Non
370 514 493 557 potest
517 511 646 547 civitas
680 537 924 547 .....
973 511 1044 547 392
1091 513 1195 549 Prius
1219 513 1366 559 quidem
1387 514 1587 559 preclaram
1623 541 1631 550 .
1681 541 1690 550 .
1739 538 1749 547 .
1767 539 1772 545 ,
1794 515 1866 553 863

265 570 347 607 Non
372 581 496 606 sumus
520 570 568 606 de
592 571 692 607 scola
740 597 748 606 .
801 598 807 605 .
858 597 866 605 .
916 597 924 605 .
972 570 1043 606 475
1090 572 1160 609 Pro
1184 583 1238 618 eo,
1263 572 1362 618 quod
1385 572 1522 609 domini
1563 600 1572 608 .
1752 606 1753 610 ,
1791 574 1864 612 affl

265 629 347 666 Non
371 640 497 665 sumus
521 629 567 665 de
591 630 692 666 scola
740 658 747 665 .
798 657 805 665 .
857 657 865 665 .
915 657 924 665 .
973 630 1041 666 501
1090 632 1160 668 Pro
1183 632 1440 678 moderatione,
1463 642 1538 678 qua
1561 659 1569 666 .
1619 659 1630 669 .
1678 659 1688 668 .
1736 659 1746 669 .
1791 633 1864 671 853

264 689 346 725 Non
370 699 495 725 sumus
518 689 735 726 inmemores
800 717 808 724 .
858 717 866 724 .
916 717 924 724 .
973 690 1043 726 162
1090 691 1160 730 Pro
1184 691 1331 737 negotio
1354 691 1485 728 nobilis
1503 717 1760 728 ......
1769 706 1774 710 ·
1789 692 1864 730 814

263 748 346 785 Non
368 747 534 784 videatur
556 747 662 785 vobis
682 775 924 784 .....
973 750 1042 786 174
1089 750 1240 796 Propter
1263 751 1500 787 necessitates
1561 777 1571 786 .
1620 777 1629 786 .
1678 777 1687 786 .
1735 776 1746 788 .
1789 752 1864 789 426

263 807 398 844 Notum
422 806 576 844 facimus
599 807 705 844 vobis
740 835 746 842 .
797 836 804 842 .
855 836 863 844 .
913 836 921 844 .
970 809 1040 845 223
1090 810 1182 857 Qua
1204 809 1409 846 devotionis
1431 809 1604 847 instantia
1620 836 1628 845 .
1678 831 1707 845 ,ι
1736 835 1747 846 .
1765 837 1767 841 .
1793 811 1862 848 161

263 867 398 903 Notum
423 867 471 903 sit
494 866 661 904 omnibus
680 894 922 903 .....
970 868 1040 904 222
1088 868 1203 912 Quam
1227 879 1313 914 egre
1337 872 1376 905 et
1398 879 1506 915 quam
1560 896 1569 904 .
1618 897 1627 904 .
1676 896 1701 905 .-
1733 896 1744 906 .
1774 871 1863 908 ‹1ae

264 926 413 963 Noverit
435 927 591 972 primum
614 926 753 963 karitas
797 954 804 962 .
854 954 861 962 .
912 954 920 962 .
970 927 1038 963 119
1087 928 1202 972 Quam
1227 931 1352 974 gratus
1376 929 1425 965 sit
1444 954 1744 964 ......
1789 930 1863 967 302

262 986 384 1032 Novit,
407 986 606 1022 reverende
629 989 734 1032 pater
797 1014 804 1021 .
854 1015 861 1022 .
913 1013 920 1021 .
967 987 1037 1023 417
1087 987 1259 1031 Quamvis
1283 988 1391 1023 Tullii
1413 986 1525 1024 libros
1562 1015 1570 1022 .
1620 1014 1637 1024 ..
1677 1014 1686 1024 .
1733 1016 1744 1027 .
1790 989 1862 1026 826

262 1045 374 1083 Novit
396 1048 461 1081 tua
484 1045 628 1082 dilectio
676 1072 919 1081 .....
969 1046 1037 1082 107
1087 1046 1231 1090 Quanta
1253 1046 1478 1093 benignitate
1501 1047 1616 1084 dolori
1675 1064 1691 1083 .·
1734 1074 1744 1083 .
1792 1048 1861 1086 131

262 1105 406 1142 Nuntiis
430 1105 601 1150 egregiae
625 1109 710 1141 tuae
737 1132 744 1140 .
795 1132 802 1140 .
853 1132 861 1140 .
912 1132 920 1139 .
968 1105 1049 1141 513.
1087 1106 1265 1149 Quantam
1287 1107 1328 1142 in
1351 1106 1582 1152 expeditione
1618 1132 1627 1142 .
1676 1133 1685 1142 .
1734 1132 1743 1143 .
1787 1108 1860 1145 601

264 1163 395 1202 Officii
417 1174 485 1200 nos
510 1168 694 1201 ammonet
736 1191 744 1199 .
794 1191 802 1199 .
853 1191 861 1199 .
910 1191 918 1200 .
966 1165 1036 1201 487
1086 1165 1229 1209 Quanta
1251 1176 1318 1202 nos
1342 1165 1510 1202 karitatis
1558 1192 1567 1200 .
1616 1192 1627 1200 .
1733 1192 1742 1201 .
1788 1166 1860 1204 356

262 1222 429 1260 Officium
453 1224 662 1270 prelationis
686 1227 830 1260 nostrae
853 1251 859 1258 .
910 1250 917 1258 .
967 1224 1036 1260 256
1085 1225 1245 1268 Quantas
1268 1235 1418 1271 possum
1442 1224 1683 1271 magnitudini
1733 1250 1746 1261 .
1788 1225 1861 1263 566

260 1283 472 1320 Pastoralis
496 1282 606 1319 officii
629 1283 832 1319 sollicitudo
852 1309 860 1318 .
910 1310 917 1317 .
965 1283 1034 1320 497
1085 1284 1228 1327 Quanta
1251 1283 1481 1320 sublimitatis
1501 1310 1742 1320 .....
1788 1285 1860 1322 523

259 1343 404 1378 Patrem
427 1342 566 1388 patriae
590 1342 698 1379 decet
733 1370 740 1377 .
792 1369 800 1378 .
850 1369 858 1377 .
909 1370 916 1377 .
963 1343 1034 1378 499
1084 1343 1235 1387 Quantis
1257 1343 1534 1380 necessitatibus
1559 1370 1567 1379 .
1617 1370 1626 1378 .
1675 1369 1685 1380 .
1733 1370 1742 1380 .
1781 1344 1862 1383 ⁵54

259 1402 391 1438 Paucis
414 1401 628 1447 prudentiae
652 1405 690 1438 et
733 1429 742 1437 .
791 1429 800 1437 .
850 1429 858 1437 .
907 1429 916 1436 .
966 1402 1034 1438 183
1085 1403 1227 1446 Quanto
1251 1403 1410 1439 caritatis
1433 1403 1554 1440 studio
1616 1430 1624 1438 .
1674 1429 1682 1439 .
1732 1429 1741 1439 .
1789 1405 1861 1441 110

259 1462 404 1498 Perlata
426 1464 483 1497 est
507 1460 554 1496 ad
577 1471 645 1497 nos
675 1487 918 1497 .....
965 1462 1034 1498 307
1085 1462 1227 1506 Quanto
1252 1462 1429 1508 cupidinis
1452 1462 1538 1508 igne
1558 1489 1566 1497 .
1616 1489 1625 1497 .
1674 1489 1683 1498 .
1733 1490 1739 1498 .
1803 1464 1860 1500 -93

259 1521 329 1557 Per
352 1521 473 1556 omnia
496 1519 601 1556 vobis
624 1519 741 1556 fidelis
793 1548 801 1556 .
852 1548 859 1556 .
909 1549 917 1556 .
966 1522 1036 1558 228
1085 1521 1227 1565 Quanto
1251 1522 1373 1567 sepius
1396 1521 1443 1558 de
1499 1547 1739 1557 .....
1786 1523 1860 1560 483

258 1580 410 1616 Pertulit
433 1579 480 1615 ad
504 1589 571 1615 nos
597 1579 751 1616 domnus
793 1607 800 1615 .
851 1607 859 1615 .
910 1608 917 1616 .
966 1582 1037 1618 584
1086 1581 1266 1624 Quantum
1291 1581 1460 1617 affectum
1483 1591 1572 1627 erga
1615 1607 1623 1616 .
1673 1607 1682 1617 .
1731 1609 1740 1617 .
1787 1583 1859 1620 328

259 1639 429 1676 Pervenit
453 1639 500 1675 ad
524 1649 630 1675 aures
654 1643 797 1676 nostras
852 1667 859 1674 .
910 1668 917 1675 .
966 1642 1036 1677 398
1084 1639 1265 1684 Quantum
1290 1640 1433 1686 doloris,
1458 1644 1634 1686 quantum
1673 1667 1682 1676 .
1731 1669 1739 1676 .
1788 1642 1870 1679 189

258 1699 429 1735 Pervenit
453 1698 500 1734 ad
525 1708 630 1734 aures
654 1702 796 1737 nostras
849 1727 857 1735 .
908 1727 916 1735 .
965 1701 1034 1737 535
1084 1699 1264 1743 Quantum
1288 1699 1520 1736 iocunditatis
1555 1727 1563 1735 .
1615 1727 1623 1735 .
1673 1727 1682 1736 .
1731 1728 1738 1736 .
1785 1702 1857 1738 129

258 1758 428 1795 Pervenit
451 1757 498 1793 ad
522 1767 589 1793 nos
614 1758 748 1794 clamor
791 1785 799 1794 .
851 1787 856 1793 .
908 1787 916 1795 .
963 1761 1033 1796 431
1083 1758 1263 1802 Quantum
1288 1759 1334 1794 sit
1357 1759 1600 1796 necessarium
1614 1786 1623 1795 .
1673 1787 1681 1796 .
1729 1786 1739 1796 .
1763 1773 1767 1778 ’
1787 1761 1857 1798 158

258 1818 472 1854 Petitionem
498 1816 696 1853 honestatis
733 1845 740 1852 .
792 1845 799 1852 .
851 1846 857 1852 .
909 1846 916 1854 .
966 1820 1035 1856 605
1083 1818 1263 1861 Quantum
1288 1818 1335 1854 sit
1357 1819 1600 1855 necessarium
1614 1845 1622 1854 .
1671 1847 1680 1854 .
1729 1845 1740 1855 .
1786 1820 1856 1857 229

257 1877 472 1913 Petitionem
496 1879 668 1922 vestram,
692 1887 801 1922 quam
851 1905 858 1912 .
909 1905 916 1911 .
966 1878 1035 1914 126
1083 1877 1263 1920 Quantum
1286 1878 1418 1914 vestris
1440 1878 1705 1916 calamitatibus
1728 1905 1739 1915 .
1809 1879 1855 1916 97

258 1936 407 1972 Pietatis
430 1938 576 1971 vestrae
599 1936 737 1972 litteras
793 1963 800 1971 .
851 1965 856 1971 .
908 1963 916 1972 .
988 1938 1035 1973 50
1083 1937 1197 1980 Quem
1222 1947 1311 1982 erga
1333 1937 1521 1983 imperium
1553 1964 1562 1972 .
1612 1965 1620 1973 .
1671 1965 1679 1973 .
1729 1964 1737 1973 .
1784 1938 1856 1975 565
1906 1974 1909 1976 ,

257 1995 399 2032 Placuit
421 1994 613 2031 eruditioni
636 1998 722 2031 tuae
790 2022 798 2030 .
850 2023 857 2030 .
909 2023 916 2031 .
964 1997 1034 2033 506
1083 1996 1174 2040 Quia
1197 1995 1370 2032 Fax-sense
1437 2023 1736 2032 ......
1783 1997 1856 2034 574

257 2054 512 2091 Possessiones
537 2055 795 2091 aecclesiarum
849 2082 857 2090 .
908 2082 915 2089 .
966 2055 1034 2092 157
1083 2056 1174 2100 Quia
1196 2055 1407 2092 fidelitatem
1429 2059 1530 2093 tuam
1551 2082 1560 2092 .
1610 2083 1617 2090 .
1667 2082 1676 2091 .
1723 2083 1732 2091 .
1785 2056 1855 2093 152

257 2115 346 2151 Post
369 2114 560 2150 decessum
583 2113 702 2150 bonae
730 2140 739 2150 .
790 2141 797 2149 .
849 2141 856 2149 .
907 2141 915 2149 .
963 2115 1034 2151 455
1082 2116 1174 2159 Quia
1196 2116 1290 2152 inter
1313 2118 1453 2152 ceteros
1494 2141 1736 2151 .....
1782 2115 1853 2152 567

258 2174 346 2211 Post
369 2174 575 2210 innumeras
600 2173 858 2210 sollicitudines
907 2200 916 2208 .
987 2174 1034 2210 84
1082 2175 1174 2218 Quia
1196 2175 1290 2211 inter
1311 2174 1500 2211 universos
1551 2201 1559 2210 .
1609 2201 1625 2214 .,
1668 2201 1677 2210 .
1726 2201 1735 2209 .
1782 2175 1854 2212 900

257 2233 346 2270 Post
369 2232 508 2269 obitum
533 2231 722 2268 confratris
790 2260 798 2268 .
848 2259 856 2268 .
907 2260 914 2267 .
962 2234 1033 2270 348
1080 2233 1171 2278 Quia
1194 2237 1278 2280 post
1301 2234 1408 2270 deum
1434 2259 1734 2270 ......
1782 2234 1854 2272 280

256 2293 453 2338 Postquam
478 2290 524 2327 ab
548 2291 717 2337 equitatis
790 2319 798 2327 .
847 2319 855 2327 .
905 2320 914 2328 .
964 2293 1033 2330 154
1079 2293 1172 2337 Quia
1194 2296 1278 2339 post
1301 2293 1485 2329 dominum
1549 2320 1557 2328 .
1607 2319 1616 2328 .
1665 2319 1676 2329 .
1723 2319 1732 2328 .
1782 2293 1852 2330 192

256 2352 452 2397 Postquam
478 2362 500 2387 a
523 2351 699 2396 colloquio
731 2377 738 2385 .
789 2378 796 2386 .
847 2379 854 2386 .
905 2379 913 2387 .
962 2353 1032 2389 386
1079 2353 1171 2396 Quia
1194 2362 1286 2398 quae
1309 2353 1410 2399 pacis
1436 2378 1733 2387 ......
1780 2352 1852 2389 392
1901 2361 1905 2364 ·

256 2411 453 2457 Postquam
476 2420 499 2446 a
521 2409 626 2446 nobis
649 2411 830 2447 recessisti
847 2438 855 2446 .
906 2439 913 2446 .
960 2411 1031 2447 403
1078 2411 1231 2455 Quidam
1256 2412 1400 2458 sapiens
1425 2411 1516 2448 dixit
1551 2438 1558 2446 .
1608 2438 1616 2447 .
1666 2438 1675 2447 .
1724 2438 1733 2447 .
1780 2412 1851 2449 263

256 2470 451 2516 Postquam
476 2479 499 2506 a
521 2472 645 2506 vestra
669 2496 912 2506 .....
961 2471 1030 2507 319
1079 2471 1258 2515 Quociens
1281 2471 1447 2507 Mercurii
1490 2497 1757 2507 ......
1779 2471 1850 2508 275

256 2529 452 2575 Postquam
477 2528 523 2564 de
547 2528 701 2564 transitu
729 2555 736 2562 .
788 2555 796 2563 .
846 2556 854 2563 .
904 2556 912 2565 .
960 2530 1030 2566 306
1078 2529 1182 2573 Quod
1206 2530 1253 2566 ad
1277 2530 1469 2576 gloriosam
1490 2555 1730 2566 .....
1778 2530 1850 2567 368

256 2589 452 2634 Postquam
476 2587 555 2624 Deo
576 2587 736 2634 propicio
786 2614 794 2622 .
845 2614 852 2622 .
903 2615 910 2624 .
959 2590 1030 2625 350
1078 2589 1182 2632 Quod
1206 2589 1382 2626 aecclesia
1405 2588 1631 2626 Corbeiensis
1664 2616 1672 2624 .
1722 2616 1730 2624 .
1779 2590 1848 2627 167

256 2648 451 2693 Postquam
476 2647 629 2683 ecclesia
652 2646 878 2683 Corbeiensis
903 2675 910 2682 .
983 2648 1027 2684 51
1077 2647 1182 2691 Quod
1206 2648 1252 2684 de
1277 2649 1397 2695 aliquo
1420 2649 1534 2685 tristis
1607 2675 1613 2683 .
1664 2674 1672 2683 .
1722 2676 1730 2683 .
1778 2648 1848 2685 289

255 2707 452 2752 Postquam
476 2705 653 2752 gloriosus
676 2704 793 2741 filius.
844 2733 852 2741 .
902 2733 910 2742 .
959 2708 1029 2744 372
1077 2707 1181 2750 Quod
1204 2707 1250 2743 de
1274 2707 1464 2745 dilectione
1490 2734 1728 2743 .....
1776 2707 1848 2744 418

254 2766 343 2802 Post
365 2765 520 2801 reditum
543 2767 705 2802 nostrum
730 2775 753 2800 a
786 2791 794 2800 .
844 2792 852 2800 .
903 2793 909 2800 .
957 2767 1027 2803 477
1076 2766 1180 2810 Quod
1205 2767 1374 2803 dilectum
1397 2770 1536 2813 patrem
1604 2793 1612 2800 .
1662 2793 1671 2802 .
1720 2793 1728 2802 .
1778 2767 1847 2804 148

254 2825 343 2861 Post
365 2825 519 2861 reditum
542 2828 705 2861 nostrum
730 2835 753 2860 a
785 2850 792 2858 .
843 2850 851 2859 .
901 2851 909 2859 .
956 2826 1027 2862 478
1076 2825 1180 2869 Quod
1203 2825 1327 2862 divina
1349 2827 1386 2862 in
1410 2826 1585 2862 aecclesia
1604 2852 1611 2860 .
1661 2852 1670 2860 .
1719 2852 1728 2861 .
1775 2826 1846 2863 315

254 2883 554 2920 Predecessorum
578 2887 781 2921 nostrorum
842 2909 849 2918 .
900 2911 907 2917 .
957 2885 1026 2920 604
1075 2884 1177 2928 Quod
1202 2883 1299 2921 fama
1320 2884 1482 2931 predicat
1545 2911 1552 2919 .
1604 2911 1612 2920 .
1661 2910 1669 2919 .
1719 2911 1727 2919 .
1775 2885 1845 2922 588

253 2943 466 2979 Prelationis
490 2944 631 2980 sarcina
667 2968 908 2978 .....
956 2944 1024 2979 557
1050 2976 1052 2989 ι
1074 2943 1177 2987 Quod
1201 2944 1302 2979 iuxta
1323 2943 1548 2980 vocationem
1602 2970 1610 2979 .
1659 2970 1667 2978 .
1718 2970 1727 2979 .
1775 2943 1844 2980 184
