<?xml version="1.0" encoding="UTF-8"?>
<!DOCTYPE html PUBLIC "-//W3C//DTD XHTML 1.0 Transitional//EN"
    "http://www.w3.org/TR/xhtml1/DTD/xhtml1-transitional.dtd">
<html xmlns="http://www.w3.org/1999/xhtml" xml:lang="en" lang="en">
 <head>
  <title>
</title>
<meta http-equiv="Content-Type" content="text/html;charset=utf-8" />
  <meta name='ocr-system' content='tesseract 3.04.00' />
  <meta name='ocr-capabilities' content='ocr_page ocr_carea ocr_par ocr_line ocrx_word'/>
</head>
<body>
  <div class='ocr_page' id='page_1' title='image "bibliothecarerum01wattuoft_0228.png"; bbox 0 0 1924 3288; ppageno 0'>
   <div class='ocr_carea' id='block_1_1' title="bbox 147 319 258 399">
    <p class='ocr_par' dir='ltr' id='par_1_1' title="bbox 147 319 258 399">
     <span class='ocr_line' id='line_1_1' title="bbox 158 319 252 355; baseline 0.011 -1"><span class='ocrx_word' id='word_1_1' title='bbox 158 319 252 355; x_wconf 87' lang='grc'>1148</span> 
     </span>
     <span class='ocr_line' id='line_1_2' title="bbox 147 367 258 399; baseline 0.009 -1"><span class='ocrx_word' id='word_1_2' title='bbox 147 367 258 399; x_wconf 66' lang='grc' dir='ltr'><strong>ο.οα.</strong></span> 
     </span>
    </p>
   </div>
   <div class='ocr_carea' id='block_1_2' title="bbox 157 1826 251 1906">
    <p class='ocr_par' dir='ltr' id='par_1_2' title="bbox 157 1826 251 1906">
     <span class='ocr_line' id='line_1_3' title="bbox 157 1826 251 1862; baseline 0 -1"><span class='ocrx_word' id='word_1_3' title='bbox 157 1826 251 1862; x_wconf 84' lang='grc'>1148</span> 
     </span>
     <span class='ocr_line' id='line_1_4' title="bbox 171 1875 247 1906; baseline 0.013 -1"><span class='ocrx_word' id='word_1_4' title='bbox 171 1875 247 1906; x_wconf 65' lang='lat' dir='ltr'><strong>Now</strong></span> 
     </span>
    </p>
   </div>
   <div class='ocr_carea' id='block_1_3' title="bbox 282 209 1402 255">
    <p class='ocr_par' dir='ltr' id='par_1_3' title="bbox 282 209 1402 255">
     <span class='ocr_line' id='line_1_5' title="bbox 282 209 1402 255; baseline 0.001 -2"><span class='ocrx_word' id='word_1_5' title='bbox 282 209 371 253; x_wconf 82' lang='lat'><strong>210</strong></span> <span class='ocrx_word' id='word_1_6' title='bbox 731 223 928 254; x_wconf 78' lang='lat' dir='ltr'><strong>wmALDI</strong></span> <span class='ocrx_word' id='word_1_7' title='bbox 956 223 1204 255; x_wconf 63' lang='lat' dir='ltr'><strong>amsa-onan</strong></span> <span class='ocrx_word' id='word_1_8' title='bbox 1236 224 1306 254; x_wconf 78' lang='lat'>134.</span> <span class='ocrx_word' id='word_1_9' title='bbox 1332 224 1402 255; x_wconf 74' lang='lat'>13³.</span> 
     </span>
    </p>
   </div>
   <div class='ocr_carea' id='block_1_4' title="bbox 276 315 1851 1464">
    <p class='ocr_par' dir='ltr' id='par_1_4' title="bbox 282 315 1842 454">
     <span class='ocr_line' id='line_1_6' title="bbox 282 315 1842 376; baseline 0.004 -17"><span class='ocrx_word' id='word_1_10' title='bbox 282 315 445 360; x_wconf 90' lang='lat' dir='ltr'><strong>dilectis</strong></span> <span class='ocrx_word' id='word_1_11' title='bbox 475 317 676 361; x_wconf 89' lang='lat' dir='ltr'><strong>fratribus</strong></span> <span class='ocrx_word' id='word_1_12' title='bbox 698 317 1032 375; x_wconf 85' lang='lat' dir='ltr'><strong>Corbeiensibus,</strong></span> <span class='ocrx_word' id='word_1_13' title='bbox 1063 319 1126 363; x_wconf 88' lang='lat' dir='ltr'><strong>ire</strong></span> <span class='ocrx_word' id='word_1_14' title='bbox 1152 319 1204 363; x_wconf 90' lang='lat' dir='ltr'><strong>de</strong></span> <span class='ocrx_word' id='word_1_15' title='bbox 1224 319 1378 363; x_wconf 79' lang='lat' dir='ltr'><strong>virtate</strong></span> <span class='ocrx_word' id='word_1_16' title='bbox 1398 319 1444 363; x_wconf 90' lang='lat' dir='ltr'><strong>in</strong></span> <span class='ocrx_word' id='word_1_17' title='bbox 1463 319 1677 376; x_wconf 78' lang='lat' dir='ltr'><strong>virtutem,</strong></span> <span class='ocrx_word' id='word_1_18' title='bbox 1710 318 1842 365; x_wconf 75' lang='lat' dir='ltr'><strong>donoc</strong></span> 
     </span>
     <span class='ocr_line' id='line_1_7' title="bbox 282 394 1059 454; baseline 0.004 -17"><span class='ocrx_word' id='word_1_19' title='bbox 282 394 454 438; x_wconf 90' lang='lat' dir='ltr'><strong>videant</strong></span> <span class='ocrx_word' id='word_1_20' title='bbox 483 394 621 438; x_wconf 91' lang='lat' dir='ltr'><strong>Deum</strong></span> <span class='ocrx_word' id='word_1_21' title='bbox 652 395 827 438; x_wconf 89' lang='lat' dir='ltr'><strong>deorum</strong></span> <span class='ocrx_word' id='word_1_22' title='bbox 856 395 902 439; x_wconf 92' lang='lat' dir='ltr'><strong>in</strong></span> <span class='ocrx_word' id='word_1_23' title='bbox 933 395 1059 454; x_wconf 85' lang='lat' dir='ltr'><strong>Syon.</strong></span> 
     </span>
    </p>

    <p class='ocr_par' dir='ltr' id='par_1_5' title="bbox 276 471 1851 1464">
     <span class='ocr_line' id='line_1_8' title="bbox 401 471 1842 530; baseline 0.003 -15"><span class='ocrx_word' id='word_1_24' title='bbox 401 471 518 515; x_wconf 90' lang='lat' dir='ltr'><strong>Sicut</strong></span> <span class='ocrx_word' id='word_1_25' title='bbox 554 473 599 515; x_wconf 90' lang='lat' dir='ltr'><strong>in</strong></span> <span class='ocrx_word' id='word_1_26' title='bbox 637 472 888 517; x_wconf 90' lang='lat' dir='ltr'><strong>detrimento</strong></span> <span class='ocrx_word' id='word_1_27' title='bbox 934 474 1073 530; x_wconf 86' lang='lat' dir='ltr'><strong>gregis</strong></span> <span class='ocrx_word' id='word_1_28' title='bbox 1116 475 1251 518; x_wconf 89' lang='lat' dir='ltr'><strong>sancti</strong></span> <span class='ocrx_word' id='word_1_29' title='bbox 1294 474 1586 530; x_wconf 84' lang='lat' dir='ltr'><strong>religiosorum</strong></span> <span class='ocrx_word' id='word_1_30' title='bbox 1630 473 1842 519; x_wconf 81' lang='lat' dir='ltr'><strong>mentibus</strong></span> 
     </span>
     <span class='ocr_line' id='line_1_9' title="bbox 280 550 1851 609; baseline 0.003 -17"><span class='ocrx_word' id='word_1_31' title='bbox 280 550 420 605; x_wconf 88' lang='lat' dir='ltr'><strong>gravis</strong></span> <span class='ocrx_word' id='word_1_32' title='bbox 452 550 586 593; x_wconf 91' lang='lat' dir='ltr'><strong>oritur</strong></span> <span class='ocrx_word' id='word_1_33' title='bbox 615 551 864 607; x_wconf 85' lang='lat' dir='ltr'><strong>mestitudo,</strong></span> <span class='ocrx_word' id='word_1_34' title='bbox 901 551 962 595; x_wconf 89' lang='lat' dir='ltr'><strong>sic</strong></span> <span class='ocrx_word' id='word_1_35' title='bbox 991 552 1038 595; x_wconf 91' lang='lat' dir='ltr'><strong>in</strong></span> <span class='ocrx_word' id='word_1_36' title='bbox 1067 552 1357 596; x_wconf 79' lang='lat' dir='ltr'>recollectione</span> <span class='ocrx_word' id='word_1_37' title='bbox 1388 551 1675 609; x_wconf 87' lang='lat' dir='ltr'><strong>dispersorum</strong></span> <span class='ocrx_word' id='word_1_38' title='bbox 1702 550 1851 609; x_wconf 68' lang='lat' dir='ltr'><strong>leticia¹</strong></span> 
     </span>
     <span class='ocr_line' id='line_1_10' title="bbox 279 628 1844 687; baseline 0.003 -17"><span class='ocrx_word' id='word_1_39' title='bbox 279 630 503 682; x_wconf 87' lang='lat' dir='ltr'><strong>generatur</strong></span> <span class='ocrx_word' id='word_1_40' title='bbox 534 631 576 671; x_wconf 91' lang='lat' dir='ltr'><strong>et</strong></span> <span class='ocrx_word' id='word_1_41' title='bbox 604 628 838 683; x_wconf 87' lang='lat' dir='ltr'><strong>gratiarum</strong></span> <span class='ocrx_word' id='word_1_42' title='bbox 868 629 990 673; x_wconf 89' lang='lat' dir='ltr'><strong>actio.</strong></span> <span class='ocrx_word' id='word_1_43' title='bbox 1036 629 1186 674; x_wconf 82' lang='lat' dir='ltr'><strong>Frater</strong></span> <span class='ocrx_word' id='word_1_44' title='bbox 1205 630 1335 685; x_wconf 87' lang='lat' dir='ltr'><strong>igitur</strong></span> <span class='ocrx_word' id='word_1_45' title='bbox 1355 629 1612 684; x_wconf 88' lang='lat' dir='ltr'><strong>H(einricus)</strong></span> <span class='ocrx_word' id='word_1_46' title='bbox 1633 629 1844 687; x_wconf 73' lang='lat' dir='ltr'><strong>quondam</strong></span> 
     </span>
     <span class='ocr_line' id='line_1_11' title="bbox 278 704 1844 765; baseline 0.003 -18"><span class='ocrx_word' id='word_1_47' title='bbox 278 704 360 748; x_wconf 93' lang='lat' dir='ltr'><strong>loci</strong></span> <span class='ocrx_word' id='word_1_48' title='bbox 390 705 513 748; x_wconf 87' lang='lat' dir='ltr'><strong>huius</strong></span> <span class='ocrx_word' id='word_1_49' title='bbox 545 705 695 762; x_wconf 90' lang='lat' dir='ltr'><strong>abbas,</strong></span> <span class='ocrx_word' id='word_1_50' title='bbox 732 707 856 750; x_wconf 90' lang='lat' dir='ltr'><strong>modo</strong></span> <span class='ocrx_word' id='word_1_51' title='bbox 887 721 986 751; x_wconf 90' lang='lat' dir='ltr'><strong>vero</strong></span> <span class='ocrx_word' id='word_1_52' title='bbox 1016 707 1171 751; x_wconf 91' lang='lat' dir='ltr'><strong>iudicio</strong></span> <span class='ocrx_word' id='word_1_53' title='bbox 1201 707 1375 751; x_wconf 83' lang='lat' dir='ltr'><strong>Domini</strong></span> <span class='ocrx_word' id='word_1_54' title='bbox 1406 707 1648 765; x_wconf 70' lang='lat' dir='ltr'><strong>depressae,</strong></span> <span class='ocrx_word' id='word_1_55' title='bbox 1687 707 1752 751; x_wconf 79' lang='lat' dir='ltr'><strong>ad-</strong></span> <span class='ocrx_word' id='word_1_56' title='bbox 1766 719 1844 751; x_wconf 81' lang='lat' dir='ltr'><strong>vos</strong></span> 
     </span>
     <span class='ocr_line' id='line_1_12' title="bbox 278 782 1844 843; baseline 0.001 -17"><span class='ocrx_word' id='word_1_57' title='bbox 278 782 418 827; x_wconf 87' lang='lat' dir='ltr'><strong>redire</strong></span> <span class='ocrx_word' id='word_1_58' title='bbox 458 783 723 840; x_wconf 84' lang='lat' dir='ltr'><strong>desiderans,</strong></span> <span class='ocrx_word' id='word_1_59' title='bbox 769 788 916 828; x_wconf 88' lang='lat' dir='ltr'><strong>nostra</strong></span> <span class='ocrx_word' id='word_1_60' title='bbox 951 785 1250 829; x_wconf 82' lang='lat' dir='ltr'><strong>intercessione</strong></span> <span class='ocrx_word' id='word_1_61' title='bbox 1296 785 1409 843; x_wconf 86' lang='lat' dir='ltr'><strong>apud</strong></span> <span class='ocrx_word' id='word_1_62' title='bbox 1446 798 1521 829; x_wconf 89' lang='lat' dir='ltr'><strong>vos</strong></span> <span class='ocrx_word' id='word_1_63' title='bbox 1560 783 1844 828; x_wconf 76' lang='lat' dir='ltr'><strong>commendari</strong></span> 
     </span>
     <span class='ocr_line' id='line_1_13' title="bbox 277 859 1844 920; baseline 0.002 -17"><span class='ocrx_word' id='word_1_64' title='bbox 277 859 460 916; x_wconf 86' lang='lat' dir='ltr'><strong>flagitat,</strong></span> <span class='ocrx_word' id='word_1_65' title='bbox 499 864 547 904; x_wconf 94' lang='lat' dir='ltr'><strong>ut</strong></span> <span class='ocrx_word' id='word_1_66' title='bbox 586 865 629 905; x_wconf 91' lang='lat' dir='ltr'><strong>et</strong></span> <span class='ocrx_word' id='word_1_67' title='bbox 663 862 748 919; x_wconf 91' lang='lat' dir='ltr'><strong>ipsi</strong></span> <span class='ocrx_word' id='word_1_68' title='bbox 778 862 964 906; x_wconf 83' lang='lat' dir='ltr'><strong>fraterna</strong></span> <span class='ocrx_word' id='word_1_69' title='bbox 994 863 1284 920; x_wconf 79' lang='lat' dir='ltr'><strong>compassione</strong></span> <span class='ocrx_word' id='word_1_70' title='bbox 1313 866 1483 906; x_wconf 90' lang='lat' dir='ltr'><strong>nostrae</strong></span> <span class='ocrx_word' id='word_1_71' title='bbox 1513 861 1748 906; x_wconf 85' lang='lat' dir='ltr'><strong>dilectionis</strong></span> <span class='ocrx_word' id='word_1_72' title='bbox 1776 875 1844 906; x_wconf 76' lang='lat' dir='ltr'><strong>re-</strong></span> 
     </span>
     <span class='ocr_line' id='line_1_14' title="bbox 278 939 1843 997; baseline 0.003 -17"><span class='ocrx_word' id='word_1_73' title='bbox 278 941 426 994; x_wconf 89' lang='lat' dir='ltr'><strong>spectu</strong></span> <span class='ocrx_word' id='word_1_74' title='bbox 456 952 553 982; x_wconf 88' lang='lat' dir='ltr'><strong>eum</strong></span> <span class='ocrx_word' id='word_1_75' title='bbox 583 939 798 997; x_wconf 87' lang='lat' dir='ltr'><strong>recipiatis</strong></span> <span class='ocrx_word' id='word_1_76' title='bbox 831 943 873 984; x_wconf 92' lang='lat' dir='ltr'><strong>et</strong></span> <span class='ocrx_word' id='word_1_77' title='bbox 895 940 1039 984; x_wconf 91' lang='lat' dir='ltr'><strong>domni</strong></span> <span class='ocrx_word' id='word_1_78' title='bbox 1067 941 1230 985; x_wconf 88' lang='lat' dir='ltr'><strong>abbatis</strong></span> <span class='ocrx_word' id='word_1_79' title='bbox 1253 939 1461 996; x_wconf 86' lang='lat' dir='ltr'><strong>affectum,</strong></span> <span class='ocrx_word' id='word_1_80' title='bbox 1491 940 1663 997; x_wconf 88' lang='lat' dir='ltr'><strong>pietatis</strong></span> <span class='ocrx_word' id='word_1_81' title='bbox 1683 939 1843 984; x_wconf 87' lang='lat' dir='ltr'><strong>media-</strong></span> 
     </span>
     <span class='ocr_line' id='line_1_15' title="bbox 276 1015 1843 1074; baseline 0.003 -16"><span class='ocrx_word' id='word_1_82' title='bbox 276 1017 403 1071; x_wconf 80' lang='lat' dir='ltr'><strong>tores,</strong></span> <span class='ocrx_word' id='word_1_83' title='bbox 436 1015 499 1059; x_wconf 92' lang='lat' dir='ltr'><strong>illi</strong></span> <span class='ocrx_word' id='word_1_84' title='bbox 524 1017 767 1060; x_wconf 91' lang='lat' dir='ltr'><strong>concilietis.</strong></span> <span class='ocrx_word' id='word_1_85' title='bbox 819 1017 864 1061; x_wconf 88' lang='lat' dir='ltr'><strong>Si</strong></span> <span class='ocrx_word' id='word_1_86' title='bbox 886 1032 1011 1074; x_wconf 90' lang='lat' dir='ltr'><strong>quem</strong></span> <span class='ocrx_word' id='word_1_87' title='bbox 1032 1031 1132 1062; x_wconf 90' lang='lat' dir='ltr'><strong>vero</strong></span> <span class='ocrx_word' id='word_1_88' title='bbox 1153 1021 1342 1062; x_wconf 90' lang='lat' dir='ltr'><strong>vestrum</strong></span> <span class='ocrx_word' id='word_1_89' title='bbox 1361 1018 1540 1062; x_wconf 83' lang='lat' dir='ltr'><strong>fortasse</strong></span> <span class='ocrx_word' id='word_1_90' title='bbox 1560 1031 1638 1061; x_wconf 88' lang='lat' dir='ltr'><strong>sua</strong></span> <span class='ocrx_word' id='word_1_91' title='bbox 1656 1017 1843 1074; x_wconf 85' lang='lat' dir='ltr'><strong>qualibet</strong></span> 
     </span>
     <span class='ocr_line' id='line_1_16' title="bbox 277 1092 1844 1152; baseline 0.002 -16"><span class='ocrx_word' id='word_1_92' title='bbox 277 1092 402 1150; x_wconf 86' lang='lat' dir='ltr'><strong>culpa</strong></span> <span class='ocrx_word' id='word_1_93' title='bbox 431 1093 477 1137; x_wconf 92' lang='lat' dir='ltr'><strong>in</strong></span> <span class='ocrx_word' id='word_1_94' title='bbox 507 1094 648 1151; x_wconf 90' lang='lat' dir='ltr'><strong>aliquo</strong></span> <span class='ocrx_word' id='word_1_95' title='bbox 680 1095 1011 1151; x_wconf 81' lang='lat' dir='ltr'><strong>contristaverit,</strong></span> <span class='ocrx_word' id='word_1_96' title='bbox 1052 1099 1094 1139; x_wconf 94' lang='lat' dir='ltr'><strong>et</strong></span> <span class='ocrx_word' id='word_1_97' title='bbox 1127 1096 1220 1152; x_wconf 91' lang='lat' dir='ltr'><strong>ipse</strong></span> <span class='ocrx_word' id='word_1_98' title='bbox 1258 1109 1336 1152; x_wconf 89' lang='lat' dir='ltr'><strong>pro</strong></span> <span class='ocrx_word' id='word_1_99' title='bbox 1372 1108 1497 1152; x_wconf 90' lang='lat' dir='ltr'><strong>posse</strong></span> <span class='ocrx_word' id='word_1_100' title='bbox 1534 1094 1764 1139; x_wconf 78' lang='lat' dir='ltr'><strong>satisfaciet</strong></span> <span class='ocrx_word' id='word_1_101' title='bbox 1801 1098 1844 1140; x_wconf 86' lang='lat' dir='ltr'><strong>et</strong></span> 
     </span>
     <span class='ocr_line' id='line_1_17' title="bbox 276 1172 1843 1231; baseline 0.001 -17"><span class='ocrx_word' id='word_1_102' title='bbox 276 1174 418 1214; x_wconf 89' lang='lat' dir='ltr'><strong>vestra</strong></span> <span class='ocrx_word' id='word_1_103' title='bbox 448 1172 616 1228; x_wconf 86' lang='lat' dir='ltr'><strong>caritas,</strong></span> <span class='ocrx_word' id='word_1_104' title='bbox 649 1172 738 1216; x_wconf 90' lang='lat' dir='ltr'><strong>eius</strong></span> <span class='ocrx_word' id='word_1_105' title='bbox 771 1187 898 1229; x_wconf 89' lang='lat' dir='ltr'><strong>quam</strong></span> <span class='ocrx_word' id='word_1_106' title='bbox 927 1187 1078 1230; x_wconf 90' lang='lat' dir='ltr'><strong>passus</strong></span> <span class='ocrx_word' id='word_1_107' title='bbox 1110 1176 1173 1216; x_wconf 88' lang='lat' dir='ltr'><strong>est</strong></span> <span class='ocrx_word' id='word_1_108' title='bbox 1203 1172 1434 1216; x_wconf 85' lang='lat' dir='ltr'><strong>calamitati</strong></span> <span class='ocrx_word' id='word_1_109' title='bbox 1464 1172 1738 1230; x_wconf 86' lang='lat' dir='ltr'><strong>compatiens,</strong></span> <span class='ocrx_word' id='word_1_110' title='bbox 1772 1173 1843 1231; x_wconf 87' lang='lat' dir='ltr'><strong>pie</strong></span> 
     </span>
     <span class='ocr_line' id='line_1_18' title="bbox 276 1249 1842 1310; baseline 0.003 -18"><span class='ocrx_word' id='word_1_111' title='bbox 276 1249 477 1292; x_wconf 90' lang='lat' dir='ltr'><strong>remittet.</strong></span> <span class='ocrx_word' id='word_1_112' title='bbox 510 1249 691 1293; x_wconf 84' lang='lat' dir='ltr'><strong>Valeant</strong></span> <span class='ocrx_word' id='word_1_113' title='bbox 706 1250 849 1307; x_wconf 89' lang='lat' dir='ltr'><strong>itaque</strong></span> <span class='ocrx_word' id='word_1_114' title='bbox 866 1250 978 1308; x_wconf 90' lang='lat' dir='ltr'><strong>apud</strong></span> <span class='ocrx_word' id='word_1_115' title='bbox 992 1250 1269 1294; x_wconf 85' lang='lat' dir='ltr'><strong>fraternitatis</strong></span> <span class='ocrx_word' id='word_1_116' title='bbox 1286 1254 1451 1294; x_wconf 90' lang='lat' dir='ltr'><strong>vestrae</strong></span> <span class='ocrx_word' id='word_1_117' title='bbox 1471 1249 1738 1296; x_wconf 86' lang='lat' dir='ltr'><strong>dilectionem</strong></span> <span class='ocrx_word' id='word_1_118' title='bbox 1751 1252 1842 1310; x_wconf 85' lang='lat' dir='ltr'><strong>pie-</strong></span> 
     </span>
     <span class='ocr_line' id='line_1_19' title="bbox 277 1325 1842 1386; baseline 0.003 -18"><span class='ocrx_word' id='word_1_119' title='bbox 277 1325 378 1369; x_wconf 89' lang='lat' dir='ltr'><strong>tatis</strong></span> <span class='ocrx_word' id='word_1_120' title='bbox 400 1329 443 1369; x_wconf 92' lang='lat' dir='ltr'><strong>et</strong></span> <span class='ocrx_word' id='word_1_121' title='bbox 462 1327 654 1371; x_wconf 91' lang='lat' dir='ltr'><strong>iusticiae</strong></span> <span class='ocrx_word' id='word_1_122' title='bbox 681 1341 841 1385; x_wconf 85' lang='lat' dir='ltr'><strong>preceS,</strong></span> <span class='ocrx_word' id='word_1_123' title='bbox 872 1331 934 1384; x_wconf 89' lang='lat' dir='ltr'><strong>ut,</strong></span> <span class='ocrx_word' id='word_1_124' title='bbox 966 1328 1076 1385; x_wconf 93' lang='lat' dir='ltr'><strong>quod</strong></span> <span class='ocrx_word' id='word_1_125' title='bbox 1096 1342 1173 1385; x_wconf 91' lang='lat' dir='ltr'><strong>per</strong></span> <span class='ocrx_word' id='word_1_126' title='bbox 1192 1341 1269 1371; x_wconf 89' lang='lat' dir='ltr'><strong>nos</strong></span> <span class='ocrx_word' id='word_1_127' title='bbox 1291 1329 1480 1386; x_wconf 90' lang='lat' dir='ltr'><strong>optinere</strong></span> <span class='ocrx_word' id='word_1_128' title='bbox 1499 1329 1662 1386; x_wconf 88' lang='lat' dir='ltr'><strong>nititur,</strong></span> <span class='ocrx_word' id='word_1_129' title='bbox 1693 1327 1842 1374; x_wconf 79' lang='lat' dir='ltr'><strong>effectu</strong></span> 
     </span>
     <span class='ocr_line' id='line_1_20' title="bbox 277 1402 1808 1464; baseline 0.004 -18"><span class='ocrx_word' id='word_1_130' title='bbox 277 1402 513 1448; x_wconf 86' lang='lat' dir='ltr'><strong>desiderato</strong></span> <span class='ocrx_word' id='word_1_131' title='bbox 546 1409 838 1463; x_wconf 87' lang='lat' dir='ltr'><strong>consequatur.</strong></span> <span class='ocrx_word' id='word_1_132' title='bbox 886 1405 1001 1450; x_wconf 89' lang='lat' dir='ltr'><strong>Deus</strong></span> <span class='ocrx_word' id='word_1_133' title='bbox 1032 1406 1149 1463; x_wconf 88' lang='lat' dir='ltr'><strong>pacis</strong></span> <span class='ocrx_word' id='word_1_134' title='bbox 1180 1404 1412 1450; x_wconf 90' lang='lat' dir='ltr'><strong>sanctificet</strong></span> <span class='ocrx_word' id='word_1_135' title='bbox 1442 1420 1517 1451; x_wconf 90' lang='lat' dir='ltr'><strong>vos</strong></span> <span class='ocrx_word' id='word_1_136' title='bbox 1546 1420 1625 1464; x_wconf 91' lang='lat' dir='ltr'><strong>per</strong></span> <span class='ocrx_word' id='word_1_137' title='bbox 1654 1407 1808 1452; x_wconf 83' lang='lat' dir='ltr'><strong>omnia.</strong></span> 
     </span>
    </p>
   </div>
   <div class='ocr_carea' id='block_1_5' title="bbox 916 1506 1200 1513">
    <p class='ocr_par' dir='ltr' id='par_1_6' title="bbox 916 1506 1200 1513">
     <span class='ocr_line' id='line_1_21' title="bbox 916 1506 1200 1513; baseline 0 0"><span class='ocrx_word' id='word_1_138' title='bbox 916 1506 1200 1513; x_wconf 95' lang='lat' dir='ltr'><strong> </strong></span> 
     </span>
    </p>
   </div>
   <div class='ocr_carea' id='block_1_6' title="bbox 282 1574 1841 1789">
    <p class='ocr_par' dir='ltr' id='par_1_7' title="bbox 282 1574 1841 1789">
     <span class='ocr_line' id='line_1_22' title="bbox 282 1574 1841 1625; baseline 0.003 -5"><span class='ocrx_word' id='word_1_139' title='bbox 282 1574 396 1621; x_wconf 83' lang='lat'>135.</span> <span class='ocrx_word' id='word_1_140' title='bbox 425 1577 666 1620; x_wconf 76' lang='lat' dir='ltr'><strong>Friderious</strong></span> <span class='ocrx_word' id='word_1_141' title='bbox 706 1579 832 1622; x_wconf 75' lang='lat' dir='ltr'><strong>abbas</strong></span> <span class='ocrx_word' id='word_1_142' title='bbox 872 1578 916 1622; x_wconf 85' lang='lat' dir='ltr'><strong>S.</strong></span> <span class='ocrx_word' id='word_1_143' title='bbox 944 1578 1186 1622; x_wconf 76' lang='lat' dir='ltr'><strong>Godehardi</strong></span> <span class='ocrx_word' id='word_1_144' title='bbox 1219 1578 1580 1623; x_wconf 69' lang='lat' dir='ltr'><strong>Hildesheimensis</strong></span> <span class='ocrx_word' id='word_1_145' title='bbox 1608 1580 1841 1625; x_wconf 79' lang='lat' dir='ltr'><strong>Wibaldwm</strong></span> 
     </span>
     <span class='ocr_line' id='line_1_23' title="bbox 423 1655 1839 1712; baseline 0.004 -15"><span class='ocrx_word' id='word_1_146' title='bbox 423 1663 556 1712; x_wconf 74' lang='lat' dir='ltr'><strong>royac,</strong></span> <span class='ocrx_word' id='word_1_147' title='bbox 589 1663 634 1698; x_wconf 80' lang='lat' dir='ltr'><strong>ut</strong></span> <span class='ocrx_word' id='word_1_148' title='bbox 662 1655 859 1699; x_wconf 79' lang='lat' dir='ltr'><strong>Heinrico</strong></span> <span class='ocrx_word' id='word_1_149' title='bbox 881 1656 912 1699; x_wconf 91' lang='lat' dir='ltr'><em>I</em></span> <span class='ocrx_word' id='word_1_150' title='bbox 934 1657 1086 1698; x_wconf 83' lang='lat' dir='ltr'><strong>deiecto</strong></span> <span class='ocrx_word' id='word_1_151' title='bbox 1119 1657 1259 1699; x_wconf 79' lang='lat' dir='ltr'><strong>abbati</strong></span> <span class='ocrx_word' id='word_1_152' title='bbox 1283 1656 1517 1700; x_wconf 75' lang='lat' dir='ltr'><strong>corbeiensi</strong></span> <span class='ocrx_word' id='word_1_153' title='bbox 1543 1658 1839 1702; x_wconf 71' lang='lat' dir='ltr'><strong>reconcilietur.</strong></span> 
     </span>
     <span class='ocr_line' id='line_1_24' title="bbox 425 1733 1841 1789; baseline 0.003 -14"><span class='ocrx_word' id='word_1_154' title='bbox 425 1733 557 1775; x_wconf 83' lang='lat' dir='ltr'><strong>Addit</strong></span> <span class='ocrx_word' id='word_1_155' title='bbox 572 1733 622 1776; x_wconf 86' lang='lat' dir='ltr'><strong>de</strong></span> <span class='ocrx_word' id='word_1_156' title='bbox 640 1734 832 1776; x_wconf 79' lang='lat' dir='ltr'><strong>abbatum</strong></span> <span class='ocrx_word' id='word_1_157' title='bbox 849 1741 1046 1776; x_wconf 76' lang='lat' dir='ltr'><strong>conventu</strong></span> <span class='ocrx_word' id='word_1_158' title='bbox 1064 1734 1166 1775; x_wconf 80' lang='lat' dir='ltr'><strong>etde</strong></span> <span class='ocrx_word' id='word_1_159' title='bbox 1181 1734 1302 1777; x_wconf 78' lang='lat' dir='ltr'><strong>rebus</strong></span> <span class='ocrx_word' id='word_1_160' title='bbox 1318 1733 1601 1778; x_wconf 78' lang='lat' dir='ltr'><strong>Fuldensibus.</strong></span> <span class='ocrx_word' id='word_1_161' title='bbox 1633 1733 1707 1789; x_wconf 83' lang='lat' dir='ltr'><strong>(M.</strong></span> <span class='ocrx_word' id='word_1_162' title='bbox 1726 1735 1841 1789; x_wconf 81' lang='lat'>117.)</span> 
     </span>
    </p>
   </div>
   <div class='ocr_carea' id='block_1_7' title="bbox 274 1820 1841 2810">
    <p class='ocr_par' dir='ltr' id='par_1_8' title="bbox 275 1820 1841 2034">
     <span class='ocr_line' id='line_1_25' title="bbox 394 1820 1841 1879; baseline 0.003 -15"><span class='ocrx_word' id='word_1_163' title='bbox 394 1820 575 1864; x_wconf 90' lang='lat' dir='ltr'><strong>Domino</strong></span> <span class='ocrx_word' id='word_1_164' title='bbox 616 1835 690 1865; x_wconf 92' lang='lat' dir='ltr'><strong>suo</strong></span> <span class='ocrx_word' id='word_1_165' title='bbox 726 1822 956 1866; x_wconf 89' lang='lat' dir='ltr'><strong>venerabili</strong></span> <span class='ocrx_word' id='word_1_166' title='bbox 986 1821 1230 1866; x_wconf 88' lang='lat' dir='ltr'><strong>Corbeiensi</strong></span> <span class='ocrx_word' id='word_1_167' title='bbox 1260 1821 1402 1866; x_wconf 88' lang='lat' dir='ltr'><strong>abbati</strong></span> <span class='ocrx_word' id='word_1_168' title='bbox 1423 1821 1646 1879; x_wconf 88' lang='lat' dir='ltr'><strong>W(ibaldo)</strong></span> <span class='ocrx_word' id='word_1_169' title='bbox 1676 1823 1711 1868; x_wconf 94' lang='lat' dir='ltr'>F</span> <span class='ocrx_word' id='word_1_170' title='bbox 1714 1823 1841 1879; x_wconf 86' lang='lat' dir='ltr'><strong>(ride-</strong></span> 
     </span>
     <span class='ocr_line' id='line_1_26' title="bbox 275 1897 1840 1960; baseline 0.004 -19"><span class='ocrx_word' id='word_1_171' title='bbox 275 1898 403 1952; x_wconf 92' lang='lat' dir='ltr'><strong>ricus)</strong></span> <span class='ocrx_word' id='word_1_172' title='bbox 435 1898 558 1942; x_wconf 86' lang='lat' dir='ltr'><strong>Beati</strong></span> <span class='ocrx_word' id='word_1_173' title='bbox 595 1897 857 1943; x_wconf 89' lang='lat' dir='ltr'><strong>Godehardi¹</strong></span> <span class='ocrx_word' id='word_1_174' title='bbox 887 1899 1187 1957; x_wconf 89' lang='lat' dir='ltr'><strong>qualiscunque</strong></span> <span class='ocrx_word' id='word_1_175' title='bbox 1225 1899 1436 1956; x_wconf 88' lang='lat' dir='ltr'><strong>servulus,</strong></span> <span class='ocrx_word' id='word_1_176' title='bbox 1473 1901 1584 1957; x_wconf 92' lang='lat' dir='ltr'><strong>quod</strong></span> <span class='ocrx_word' id='word_1_177' title='bbox 1621 1915 1717 1960; x_wconf 87' lang='lat' dir='ltr'><strong>spes</strong></span> <span class='ocrx_word' id='word_1_178' title='bbox 1754 1915 1840 1947; x_wconf 86' lang='lat' dir='ltr'><strong>non</strong></span> 
     </span>
     <span class='ocr_line' id='line_1_27' title="bbox 276 1976 1256 2034; baseline 0 -14"><span class='ocrx_word' id='word_1_179' title='bbox 276 1976 533 2020; x_wconf 89' lang='lat' dir='ltr'><strong>confundens</strong></span> <span class='ocrx_word' id='word_1_180' title='bbox 563 1978 775 2034; x_wconf 88' lang='lat' dir='ltr'><strong>promittit</strong></span> <span class='ocrx_word' id='word_1_181' title='bbox 803 1977 942 2022; x_wconf 91' lang='lat' dir='ltr'><strong>Deum</strong></span> <span class='ocrx_word' id='word_1_182' title='bbox 972 1976 1256 2032; x_wconf 86' lang='lat' dir='ltr'><strong>diligentibus.</strong></span> 
     </span>
    </p>

    <p class='ocr_par' dir='ltr' id='par_1_9' title="bbox 274 2054 1839 2810">
     <span class='ocr_line' id='line_1_28' title="bbox 394 2054 1839 2114; baseline 0.003 -17"><span class='ocrx_word' id='word_1_183' title='bbox 394 2054 461 2098; x_wconf 82' lang='lat' dir='ltr'><strong>Ex</strong></span> <span class='ocrx_word' id='word_1_184' title='bbox 493 2068 574 2111; x_wconf 91' lang='lat' dir='ltr'><strong>quo</strong></span> <span class='ocrx_word' id='word_1_185' title='bbox 604 2055 806 2099; x_wconf 90' lang='lat' dir='ltr'><strong>noticiam</strong></span> <span class='ocrx_word' id='word_1_186' title='bbox 829 2054 973 2111; x_wconf 83' lang='lat' dir='ltr'><strong>vestri,</strong></span> <span class='ocrx_word' id='word_1_187' title='bbox 1004 2054 1124 2098; x_wconf 91' lang='lat' dir='ltr'><strong>brevi</strong></span> <span class='ocrx_word' id='word_1_188' title='bbox 1142 2054 1241 2098; x_wconf 89' lang='lat' dir='ltr'><strong>licet</strong></span> <span class='ocrx_word' id='word_1_189' title='bbox 1259 2055 1462 2112; x_wconf 90' lang='lat' dir='ltr'><strong>temporis</strong></span> <span class='ocrx_word' id='word_1_190' title='bbox 1484 2055 1674 2112; x_wconf 88' lang='lat' dir='ltr'><strong>articulo,</strong></span> <span class='ocrx_word' id='word_1_191' title='bbox 1703 2069 1839 2114; x_wconf 85' lang='lat' dir='ltr'><strong>nuper</strong></span> 
     </span>
     <span class='ocr_line' id='line_1_29' title="bbox 276 2131 1838 2190; baseline 0.001 -14"><span class='ocrx_word' id='word_1_192' title='bbox 276 2133 438 2190; x_wconf 87' lang='lat' dir='ltr'><strong>accepi,</strong></span> <span class='ocrx_word' id='word_1_193' title='bbox 477 2132 539 2176; x_wconf 90' lang='lat' dir='ltr'><strong>ita</strong></span> <span class='ocrx_word' id='word_1_194' title='bbox 567 2132 686 2177; x_wconf 89' lang='lat' dir='ltr'><strong>vobis</strong></span> <span class='ocrx_word' id='word_1_195' title='bbox 717 2133 965 2177; x_wconf 88' lang='lat' dir='ltr'><strong>cordetenus</strong></span> <span class='ocrx_word' id='word_1_196' title='bbox 1003 2131 1168 2188; x_wconf 85' lang='lat' dir='ltr'><strong>adhesi,</strong></span> <span class='ocrx_word' id='word_1_197' title='bbox 1206 2135 1275 2188; x_wconf 90' lang='lat' dir='ltr'><strong>ut,</strong></span> <span class='ocrx_word' id='word_1_198' title='bbox 1315 2133 1352 2176; x_wconf 90' lang='lat' dir='ltr'><strong>si</strong></span> <span class='ocrx_word' id='word_1_199' title='bbox 1388 2131 1481 2176; x_wconf 90' lang='lat' dir='ltr'><strong>fieri</strong></span> <span class='ocrx_word' id='word_1_200' title='bbox 1516 2136 1678 2190; x_wconf 87' lang='lat' dir='ltr'><strong>posset,</strong></span> <span class='ocrx_word' id='word_1_201' title='bbox 1714 2132 1838 2178; x_wconf 84' lang='lat' dir='ltr'><strong>lateri</strong></span> 
     </span>
     <span class='ocr_line' id='line_1_30' title="bbox 275 2207 1839 2268; baseline 0.002 -15"><span class='ocrx_word' id='word_1_202' title='bbox 275 2213 414 2253; x_wconf 91' lang='lat' dir='ltr'><strong>vestro</strong></span> <span class='ocrx_word' id='word_1_203' title='bbox 461 2209 642 2253; x_wconf 87' lang='lat' dir='ltr'><strong>famulus</strong></span> <span class='ocrx_word' id='word_1_204' title='bbox 685 2207 891 2254; x_wconf 86' lang='lat' dir='ltr'><strong>indivisus</strong></span> <span class='ocrx_word' id='word_1_205' title='bbox 932 2209 1131 2254; x_wconf 84' lang='lat' dir='ltr'><strong>adherere</strong></span> <span class='ocrx_word' id='word_1_206' title='bbox 1168 2209 1330 2253; x_wconf 89' lang='lat' dir='ltr'><strong>vellem.</strong></span> <span class='ocrx_word' id='word_1_207' title='bbox 1387 2209 1461 2254; x_wconf 92' lang='lat' dir='ltr'><strong>Set</strong></span> <span class='ocrx_word' id='word_1_208' title='bbox 1496 2209 1576 2254; x_wconf 90' lang='lat' dir='ltr'><strong>hoc</strong></span> <span class='ocrx_word' id='word_1_209' title='bbox 1612 2211 1712 2268; x_wconf 86' lang='lat' dir='ltr'><strong>quia</strong></span> <span class='ocrx_word' id='word_1_210' title='bbox 1745 2209 1839 2256; x_wconf 85' lang='lat' dir='ltr'><strong>fieri</strong></span> 
     </span>
     <span class='ocr_line' id='line_1_31' title="bbox 274 2287 1838 2345; baseline 0.002 -15"><span class='ocrx_word' id='word_1_211' title='bbox 274 2301 398 2344; x_wconf 87' lang='lat' dir='ltr'><strong>posse</strong></span> <span class='ocrx_word' id='word_1_212' title='bbox 421 2301 506 2330; x_wconf 93' lang='lat' dir='ltr'><strong>non</strong></span> <span class='ocrx_word' id='word_1_213' title='bbox 526 2287 662 2343; x_wconf 86' lang='lat' dir='ltr'><strong>video,</strong></span> <span class='ocrx_word' id='word_1_214' title='bbox 692 2288 846 2332; x_wconf 87' lang='lat' dir='ltr'><strong>litteris</strong></span> <span class='ocrx_word' id='word_1_215' title='bbox 867 2291 909 2331; x_wconf 92' lang='lat' dir='ltr'><strong>et</strong></span> <span class='ocrx_word' id='word_1_216' title='bbox 928 2287 1142 2345; x_wconf 88' lang='lat' dir='ltr'><strong>presentia</strong></span> <span class='ocrx_word' id='word_1_217' title='bbox 1161 2300 1324 2344; x_wconf 90' lang='lat' dir='ltr'><strong>quoque</strong></span> <span class='ocrx_word' id='word_1_218' title='bbox 1343 2287 1565 2344; x_wconf 83' lang='lat' dir='ltr'><strong>corporali,</strong></span> <span class='ocrx_word' id='word_1_219' title='bbox 1596 2301 1692 2332; x_wconf 91' lang='lat' dir='ltr'><strong>cum</strong></span> <span class='ocrx_word' id='word_1_220' title='bbox 1709 2288 1838 2334; x_wconf 84' lang='lat' dir='ltr'><strong>fuerit</strong></span> 
     </span>
     <span class='ocr_line' id='line_1_32' title="bbox 275 2363 1836 2422; baseline 0.002 -14"><span class='ocrx_word' id='word_1_221' title='bbox 275 2367 543 2422; x_wconf 91' lang='lat' dir='ltr'><strong>oportunum,</strong></span> <span class='ocrx_word' id='word_1_222' title='bbox 575 2379 649 2408; x_wconf 88' lang='lat' dir='ltr'><strong>vos</strong></span> <span class='ocrx_word' id='word_1_223' title='bbox 680 2365 939 2422; x_wconf 86' lang='lat' dir='ltr'><strong>frequentius</strong></span> <span class='ocrx_word' id='word_1_224' title='bbox 963 2365 1155 2408; x_wconf 88' lang='lat' dir='ltr'><strong>visitabo.</strong></span> <span class='ocrx_word' id='word_1_225' title='bbox 1247 2363 1442 2408; x_wconf 90' lang='lat' dir='ltr'><strong>Ceterum</strong></span> <span class='ocrx_word' id='word_1_226' title='bbox 1462 2364 1514 2408; x_wconf 91' lang='lat' dir='ltr'><strong>de</strong></span> <span class='ocrx_word' id='word_1_227' title='bbox 1534 2365 1686 2410; x_wconf 90' lang='lat' dir='ltr'><strong>domno</strong></span> <span class='ocrx_word' id='word_1_228' title='bbox 1706 2365 1836 2411; x_wconf 86' lang='lat' dir='ltr'><strong>Hein-</strong></span> 
     </span>
     <span class='ocr_line' id='line_1_33' title="bbox 274 2442 1835 2499; baseline 0.002 -14"><span class='ocrx_word' id='word_1_229' title='bbox 274 2442 360 2485; x_wconf 90' lang='lat' dir='ltr'><strong>rico</strong></span> <span class='ocrx_word' id='word_1_230' title='bbox 393 2442 610 2498; x_wconf 84' lang='lat' dir='ltr'><strong>exabbate,</strong></span> <span class='ocrx_word' id='word_1_231' title='bbox 648 2456 771 2499; x_wconf 92' lang='lat' dir='ltr'><strong>quem</strong></span> <span class='ocrx_word' id='word_1_232' title='bbox 801 2443 847 2486; x_wconf 92' lang='lat' dir='ltr'><strong>in</strong></span> <span class='ocrx_word' id='word_1_233' title='bbox 877 2445 1085 2487; x_wconf 85' lang='lat' dir='ltr'><strong>conventu</strong></span> <span class='ocrx_word' id='word_1_234' title='bbox 1114 2445 1253 2486; x_wconf 89' lang='lat' dir='ltr'><strong>vestro</strong></span> <span class='ocrx_word' id='word_1_235' title='bbox 1284 2445 1477 2486; x_wconf 86' lang='lat' dir='ltr'><strong>causatus</strong></span> <span class='ocrx_word' id='word_1_236' title='bbox 1509 2442 1610 2486; x_wconf 91' lang='lat' dir='ltr'><strong>estis</strong></span> <span class='ocrx_word' id='word_1_237' title='bbox 1640 2443 1835 2488; x_wconf 77' lang='lat' dir='ltr'><strong>scandalo</strong></span> 
     </span>
     <span class='ocr_line' id='line_1_34' title="bbox 275 2519 1835 2577; baseline 0.002 -15"><span class='ocrx_word' id='word_1_238' title='bbox 275 2519 393 2562; x_wconf 92' lang='lat' dir='ltr'><strong>vobis</strong></span> <span class='ocrx_word' id='word_1_239' title='bbox 425 2533 515 2564; x_wconf 89' lang='lat' dir='ltr'><strong>esse</strong></span> <span class='ocrx_word' id='word_1_240' title='bbox 535 2533 612 2577; x_wconf 93' lang='lat' dir='ltr'><strong>pro</strong></span> <span class='ocrx_word' id='word_1_241' title='bbox 633 2533 757 2577; x_wconf 92' lang='lat' dir='ltr'><strong>posse</strong></span> <span class='ocrx_word' id='word_1_242' title='bbox 778 2533 867 2575; x_wconf 92' lang='lat' dir='ltr'><strong>suo,</strong></span> <span class='ocrx_word' id='word_1_243' title='bbox 898 2520 1113 2576; x_wconf 89' lang='lat' dir='ltr'><strong>noveritis,</strong></span> <span class='ocrx_word' id='word_1_244' title='bbox 1145 2520 1256 2576; x_wconf 90' lang='lat' dir='ltr'><strong>quia,</strong></span> <span class='ocrx_word' id='word_1_245' title='bbox 1286 2522 1510 2577; x_wconf 88' lang='lat' dir='ltr'><strong>postquam</strong></span> <span class='ocrx_word' id='word_1_246' title='bbox 1530 2533 1556 2563; x_wconf 88' lang='lat' dir='ltr'><strong>a</strong></span> <span class='ocrx_word' id='word_1_247' title='bbox 1576 2520 1694 2565; x_wconf 90' lang='lat' dir='ltr'><strong>vobis</strong></span> <span class='ocrx_word' id='word_1_248' title='bbox 1714 2521 1835 2577; x_wconf 83' lang='lat' dir='ltr'><strong>redii,</strong></span> 
     </span>
     <span class='ocr_line' id='line_1_35' title="bbox 275 2593 1834 2655; baseline 0.003 -16"><span class='ocrx_word' id='word_1_249' title='bbox 275 2596 472 2640; x_wconf 91' lang='lat' dir='ltr'><strong>continuo</strong></span> <span class='ocrx_word' id='word_1_250' title='bbox 509 2611 586 2654; x_wconf 92' lang='lat' dir='ltr'><strong>per</strong></span> <span class='ocrx_word' id='word_1_251' title='bbox 620 2598 882 2655; x_wconf 88' lang='lat' dir='ltr'><strong>prepositum</strong></span> <span class='ocrx_word' id='word_1_252' title='bbox 911 2593 1338 2653; x_wconf 84' lang='lat' dir='ltr'><strong>Richenbergensem²</strong></span> <span class='ocrx_word' id='word_1_253' title='bbox 1368 2595 1663 2652; x_wconf 89' lang='lat' dir='ltr'><strong>G(erhardum)</strong></span> <span class='ocrx_word' id='word_1_254' title='bbox 1673 2594 1702 2654; x_wconf 86' lang='lat'><strong>⁸,</strong></span> <span class='ocrx_word' id='word_1_255' title='bbox 1739 2610 1834 2643; x_wconf 84' lang='lat' dir='ltr'><strong>cum</strong></span> 
     </span>
     <span class='ocr_line' id='line_1_36' title="bbox 276 2673 1831 2732; baseline 0.002 -16"><span class='ocrx_word' id='word_1_256' title='bbox 276 2687 356 2730; x_wconf 91' lang='lat' dir='ltr'><strong>quo</strong></span> <span class='ocrx_word' id='word_1_257' title='bbox 395 2677 495 2717; x_wconf 90' lang='lat' dir='ltr'><strong>tunc</strong></span> <span class='ocrx_word' id='word_1_258' title='bbox 531 2675 794 2730; x_wconf 87' lang='lat' dir='ltr'><strong>morabatur,</strong></span> <span class='ocrx_word' id='word_1_259' title='bbox 831 2688 909 2732; x_wconf 88' lang='lat' dir='ltr'><strong>pro</strong></span> <span class='ocrx_word' id='word_1_260' title='bbox 945 2674 1024 2718; x_wconf 92' lang='lat' dir='ltr'><strong>hac</strong></span> <span class='ocrx_word' id='word_1_261' title='bbox 1061 2687 1188 2718; x_wconf 91' lang='lat' dir='ltr'><strong>causa</strong></span> <span class='ocrx_word' id='word_1_262' title='bbox 1224 2688 1319 2718; x_wconf 88' lang='lat' dir='ltr'><strong>eum</strong></span> <span class='ocrx_word' id='word_1_263' title='bbox 1356 2673 1574 2729; x_wconf 83' lang='lat' dir='ltr'><strong>obiurgavi</strong></span> <span class='ocrx_word' id='word_1_264' title='bbox 1604 2678 1647 2719; x_wconf 92' lang='lat' dir='ltr'><strong>et</strong></span> <span class='ocrx_word' id='word_1_265' title='bbox 1675 2675 1831 2720; x_wconf 87' lang='lat' dir='ltr'><strong>monui.</strong></span> 
     </span>
     <span class='ocr_line' id='line_1_37' title="bbox 276 2750 1835 2810; baseline 0.001 -15"><span class='ocrx_word' id='word_1_266' title='bbox 276 2750 350 2795; x_wconf 89' lang='lat' dir='ltr'><strong>Ille</strong></span> <span class='ocrx_word' id='word_1_267' title='bbox 380 2765 494 2807; x_wconf 89' lang='lat' dir='ltr'><strong>vero,</strong></span> <span class='ocrx_word' id='word_1_268' title='bbox 530 2765 614 2795; x_wconf 90' lang='lat' dir='ltr'><strong>non</strong></span> <span class='ocrx_word' id='word_1_269' title='bbox 646 2753 814 2809; x_wconf 87' lang='lat' dir='ltr'><strong>quidem</strong></span> <span class='ocrx_word' id='word_1_270' title='bbox 844 2766 920 2810; x_wconf 88' lang='lat' dir='ltr'><strong>per</strong></span> <span class='ocrx_word' id='word_1_271' title='bbox 950 2752 1091 2796; x_wconf 91' lang='lat' dir='ltr'><strong>omnia</strong></span> <span class='ocrx_word' id='word_1_272' title='bbox 1121 2766 1166 2796; x_wconf 89' lang='lat' dir='ltr'><strong>se</strong></span> <span class='ocrx_word' id='word_1_273' title='bbox 1195 2752 1241 2795; x_wconf 92' lang='lat' dir='ltr'><strong>in</strong></span> <span class='ocrx_word' id='word_1_274' title='bbox 1269 2751 1348 2795; x_wconf 88' lang='lat' dir='ltr'><strong>hac</strong></span> <span class='ocrx_word' id='word_1_275' title='bbox 1379 2764 1506 2795; x_wconf 87' lang='lat' dir='ltr'><strong>causa</strong></span> <span class='ocrx_word' id='word_1_276' title='bbox 1534 2752 1757 2809; x_wconf 87' lang='lat' dir='ltr'><strong>insontem,</strong></span> <span class='ocrx_word' id='word_1_277' title='bbox 1786 2756 1835 2796; x_wconf 86' lang='lat' dir='ltr'><strong>ut</strong></span> 
     </span>
    </p>
   </div>
   <div class='ocr_carea' id='block_1_8' title="bbox 275 2843 1833 3009">
    <p class='ocr_par' dir='ltr' id='par_1_10' title="bbox 275 2843 1833 3009">
     <span class='ocr_line' id='line_1_38' title="bbox 371 2843 1833 2891; baseline 0.002 -12"><span class='ocrx_word' id='word_1_278' title='bbox 371 2845 405 2880; x_wconf 87' lang='lat'><strong>1.</strong></span> <span class='ocrx_word' id='word_1_279' title='bbox 439 2843 778 2881; x_wconf 86' lang='lat' dir='ltr'><strong>Hildesheimensis.</strong></span> <span class='ocrx_word' id='word_1_280' title='bbox 863 2846 898 2881; x_wconf 81' lang='lat'><strong>2.</strong></span> <span class='ocrx_word' id='word_1_281' title='bbox 930 2844 1164 2891; x_wconf 85' lang='lat' dir='ltr'><strong>Richenberg</strong></span> <span class='ocrx_word' id='word_1_282' title='bbox 1187 2847 1244 2881; x_wconf 86' lang='lat' dir='ltr'><strong>est</strong></span> <span class='ocrx_word' id='word_1_283' title='bbox 1265 2854 1379 2890; x_wconf 86' lang='lat' dir='ltr'><strong>prope</strong></span> <span class='ocrx_word' id='word_1_284' title='bbox 1403 2843 1620 2882; x_wconf 82' lang='lat' dir='ltr'><strong>Goslariam.</strong></span> <span class='ocrx_word' id='word_1_285' title='bbox 1702 2846 1737 2882; x_wconf 84' lang='lat'><strong>8.</strong></span> <span class='ocrx_word' id='word_1_286' title='bbox 1762 2844 1833 2882; x_wconf 81' lang='lat' dir='ltr'><strong>fuit</strong></span> 
     </span>
     <span class='ocr_line' id='line_1_39' title="bbox 276 2902 1831 2950; baseline 0.003 -12"><span class='ocrx_word' id='word_1_287' title='bbox 276 2902 488 2939; x_wconf 82' lang='lat' dir='ltr'><strong>Gerhardus</strong></span> <span class='ocrx_word' id='word_1_288' title='bbox 521 2907 559 2939; x_wconf 88' lang='lat' dir='ltr'><strong>et</strong></span> <span class='ocrx_word' id='word_1_289' title='bbox 583 2903 915 2950; x_wconf 84' lang='lat' dir='ltr'><strong>Richenbergensis</strong></span> <span class='ocrx_word' id='word_1_290' title='bbox 940 2908 978 2940; x_wconf 85' lang='lat' dir='ltr'><strong>et</strong></span> <span class='ocrx_word' id='word_1_291' title='bbox 1001 2903 1326 2950; x_wconf 80' lang='lat' dir='ltr'><strong>Stederburgensis</strong></span> <span class='ocrx_word' id='word_1_292' title='bbox 1349 2904 1589 2949; x_wconf 83' lang='lat' dir='ltr'><strong>praepositus.</strong></span> <span class='ocrx_word' id='word_1_293' title='bbox 1626 2904 1673 2942; x_wconf 87' lang='lat' dir='ltr'><strong>V.</strong></span> <span class='ocrx_word' id='word_1_294' title='bbox 1697 2904 1831 2942; x_wconf 73' lang='lat' dir='ltr'><strong>Annal.</strong></span> 
     </span>
     <span class='ocr_line' id='line_1_40' title="bbox 275 2960 1037 3009; baseline 0.001 -11"><span class='ocrx_word' id='word_1_295' title='bbox 275 2960 512 3008; x_wconf 81' lang='lat' dir='ltr'><strong>Stederburg.</strong></span> <span class='ocrx_word' id='word_1_296' title='bbox 538 2963 649 3006; x_wconf 78' lang='lat' dir='ltr'><strong>(Mon.</strong></span> <span class='ocrx_word' id='word_1_297' title='bbox 667 2962 729 2999; x_wconf 86' lang='lat' dir='ltr'><strong>SS.</strong></span> <span class='ocrx_word' id='word_1_298' title='bbox 748 2963 850 2999; x_wconf 86' lang='lat' dir='ltr'>XVI.</span> <span class='ocrx_word' id='word_1_299' title='bbox 867 2963 937 2999; x_wconf 81' lang='lat'><strong>204</strong></span> <span class='ocrx_word' id='word_1_300' title='bbox 953 2966 1037 3009; x_wconf 86' lang='lat' dir='ltr'><strong>sq.).</strong></span> 
     </span>
    </p>
   </div>
  </div>
 </body>
</html>
