1924 3288
532 214 733 247 wmALm
758 213 1008 246 nms‘ronm
1035 211 1106 244 196.
1129 211 1200 244 19⁷.
1562 199 1651 244 315

207 308 328 363 Quod
362 309 506 354 divina
532 310 578 354 in
609 309 811 354 aecclesia
840 312 982 354 vestra
1011 310 1177 353 cessant
1205 311 1248 353 et
1275 321 1351 352 vos
1383 307 1408 352 a
1437 306 1654 364 sepultura
1676 311 1769 348 1149

88 388 412 433 christianorum
430 388 748 446 prohibemini³,
770 387 1068 432 inconveniens
1087 386 1209 431 nobis
1228 386 1406 443 videtur,
1427 386 1653 444 presertim

88 479 185 511 cum
202 466 282 511 sub
301 465 448 522 regula
467 466 715 524 disciplinae
735 466 1015 510 ecclesiastice
1036 468 1078 510 et
1094 466 1291 509 canonice
1305 465 1458 509 vivatis
1475 477 1524 508 ac
1540 477 1653 508 com·
1725 484 1728 488 ·

87 544 207 589 muni
234 544 455 588 refectorio
485 547 528 588 et
550 544 795 588 dormitorio
816 547 1035 588 contentae
1055 544 1161 587 sitis.
1207 542 1412 587 Nolumus
1431 543 1576 598 igitur,
1605 545 1655 586 ut

87 636 199 681 pena
216 622 372 666 iniuste
393 625 436 666 et
454 622 744 678 irregulariter
762 623 996 667 viventium
1017 622 1212 680 deinceps
1234 621 1491 678 affligamini.
1533 620 1654 664 Unde

87 700 350 757 mandamus,
379 703 429 744 ut
457 700 601 744 divina
629 701 675 744 in
703 699 905 744 aecclesia
923 700 1294 756 Quideleburgensi
1320 713 1416 743 cum
1447 698 1654 755 omnibus,

89 792 196 837 quae
215 779 334 824 vobis
365 779 582 835 debentur,
614 778 813 823 canonice
843 779 993 823 devote
1023 782 1066 823 et
1090 778 1349 824 sollemniter
1379 777 1653 822 celebrentur.

94 921 209 970 197.
234 922 451 981 Enyenius
465 923 666 981 IIIpapa
689 923 879 966 Gom-ado
895 923 973 967 HI
983 924 1073 981 re9i
1101 923 1332 980 respondet,
1363 938 1406 965 se
1433 921 1656 966 Thiebaldo

89 1325 176 1370 filio
206 1325 433 1380 O(onrado)
471 1324 627 1369 illustri
655 1324 940 1369 Romanorum
976 1325 1067 1380 regi
1105 1324 1284 1368 salutem
1314 1327 1357 1368 et
1387 1323 1659 1382 apostolicam

228 1003 570 1060 praeposituram
589 1001 844 1044 xantensem
875 1017 926 1044 ea
955 1002 1043 1058 Zeye
1067 1002 1297 1054 asseruisse,
1329 1008 1376 1043 ut
1395 1016 1499 1054 eam,
1531 1015 1657 1058 quam

238 1086 332 1123 ante
361 1079 578 1134 habuisset,
608 1080 948 1137 praeposituram
979 1080 1212 1137 deponeret.
1257 1078 1439 1122 Hearico
1469 1080 1560 1136 regi
1587 1093 1655 1122 sa-

238 1158 364 1200 lutem
394 1158 569 1200 ascribit.
1440 1154 1512 1209 (M.
1540 1155 1656 1209 177.)

207 1246 423 1303 Eugenius
445 1246 665 1304 episcopus
686 1259 831 1291 servus
853 1259 1070 1291 servorum
1084 1245 1165 1290 Dei
1185 1245 1410 1289 karissimo
1431 1244 1476 1289 in
1492 1245 1658 1290 Christo
1681 1252 1780 1333 3132

1708 1311 1723 1333 0
1739 1325 1746 1332 .

89 1403 434 1450 benedictionem.

207 1481 392 1526 Litteras
429 1480 701 1526 excellentiae
730 1484 829 1525 tuae
859 1481 1000 1525 debita
1028 1479 1288 1535 benignitate
1317 1480 1575 1537 recepimus,
1614 1481 1660 1524 in

91 1561 242 1618 quibus
272 1560 538 1605 devotionem
566 1563 608 1604 et
628 1558 835 1616 affectum,
868 1573 994 1616 quem
1014 1572 1114 1614 erga
1133 1561 1314 1602 matrem
1332 1560 1450 1601 tuam
1471 1562 1660 1602 sanctam

90 1639 323 1684 Romanam
369 1638 615 1683 aecclesiam
663 1641 705 1682 et
749 1651 826 1682 nos
872 1638 989 1695 ipsos
1035 1637 1166 1693 geriS,
1213 1635 1338 1694 plene
1374 1637 1659 1692 cognovimus.

91 1717 250 1770 Quibus
297 1718 426 1762 etiam
462 1716 684 1775 inspectis,
730 1716 961 1774 plurimum
997 1714 1239 1759 laetificavit
1273 1728 1350 1758 nos
1388 1715 1662 1771 benignitatis

91 1799 190 1840 tuae
219 1796 347 1853 plena
373 1796 536 1852 ingenti
566 1795 787 1839 devotione
815 1794 1047 1852 responsio.
1108 1793 1195 1837 Nos
1227 1793 1449 1850 siquidem,
1480 1796 1523 1838 te
1555 1794 1663 1837 sicut

93 1874 319 1932 specialem
356 1874 471 1918 beati
498 1873 615 1918 Petri
648 1872 783 1916 filium
814 1875 856 1916 et
884 1875 1111 1929 patronum
1141 1871 1329 1915 caritatis
1358 1871 1541 1915 brachiis
1573 1886 1661 1916 am-

91 1953 333 2011 plexantes,
372 1965 597 2009 personam
627 1954 745 1995 tuam
775 1950 967 2008 cupimus
997 1950 1203 1994 honorare
1235 1953 1294 2005 et,
1333 1952 1534 2006 quantum
1564 1964 1661 2007 per-

92 2031 226 2075 mittit
252 2029 434 2086 iusticia,
469 2029 698 2087 peticiones
728 2032 822 2073 tuas
853 2028 1088 2072 admittere.
1149 2027 1251 2071 Inde
1281 2030 1346 2071 est
1377 2028 1500 2084 quod,
1531 2028 1662 2072 maie-

93 2110 214 2154 statis
244 2112 343 2154 tuae
372 2108 568 2166 precibus
597 2107 809 2163 inclinati,
847 2106 1062 2162 electioni,
1098 2119 1225 2162 quam
1253 2105 1491 2150 Xantenses
1520 2106 1662 2150 clerici

93 2188 146 2232 de
176 2187 328 2232 dilecto
361 2186 448 2230 filio
477 2189 621 2230 nostro
643 2185 905 2240 T(hiebaldo)
926 2183 1172 2242 cappellano
1192 2186 1265 2227 tuo
1285 2184 1488 2240 fecerunt,
1518 2198 1661 2228 assen-

94 2279 189 2309 sum
232 2265 490 2322 prebuimus.
561 2263 636 2308 Set
680 2263 877 2320 quoniam
917 2276 1131 2306 sacrorum
1167 2275 1373 2306 canonum
1412 2265 1454 2306 et
1492 2266 1662 2307 sanctae

92 2342 305 2387 Romanae
349 2343 575 2387 aecclesiae
619 2341 904 2385 sanctionibus
949 2340 1159 2384 contraire
1203 2353 1287 2383 non
1323 2354 1546 2397 possumus
1584 2354 1662 2384 nec

95 2421 306 2478 debemus,
339 2424 505 2479 oportet
534 2434 630 2464 eum
661 2419 793 2463 altera
822 2419 1090 2476 prepositura
1121 2433 1212 2463 esse
1232 2421 1474 2462 contentum
1496 2421 1538 2462 et
1557 2418 1661 2462 alte-

94 2513 200 2556 ram,
231 2513 356 2556 quam
386 2499 504 2557 prius
534 2498 716 2542 habebat
728 2494 751 2553 ¹,
783 2497 1007 2541 dimittere.
1070 2497 1161 2541 Tua
1190 2510 1302 2552 erge,
1333 2495 1556 2540 karissime
1585 2495 1660 2552 fili,

93 2578 289 2634 interest,
325 2578 388 2621 ita
425 2578 573 2620 matris
610 2580 709 2620 tuae
743 2578 913 2618 sanctae
941 2574 1155 2618 Romanae
1193 2574 1418 2618 aecclesiae
1448 2574 1662 2618 dilectioni

96 2659 138 2700 et
168 2654 335 2700 affectui
363 2654 618 2712 respondere
649 2657 691 2697 et
719 2667 895 2708 regnum
925 2653 1004 2696 tibi
1043 2666 1069 2695 a
1095 2652 1186 2696 Deo
1217 2652 1487 2695 commissum
1519 2652 1660 2708 aequi-

95 2733 196 2777 tatis
235 2733 389 2777 iudicio
429 2733 682 2788 gubernare,
720 2734 768 2774 ut
806 2734 848 2774 et
881 2731 975 2787 ipsa
1005 2733 1220 2787 speratum
1249 2730 1431 2773 fructum
1461 2733 1558 2773 tuae
1590 2730 1660 2773 de-

95 2812 275 2856 votionis
306 2825 352 2855 se
380 2811 589 2868 recepisse
617 2810 797 2854 laetetur
827 2812 870 2852 et
895 2811 993 2866 post
1011 2808 1242 2866 temporale
1262 2821 1438 2864 regnum
1459 2808 1660 2852 merearis

192 2922 219 2943 a.
268 2911 441 2943 rohibimini
464 2923 489 2942 c.

190 2978 224 3012 1.
246 2921 538 3022 {imposituram
562 2974 600 3012 S.
618 2973 784 3011 Severini
809 2972 1079 3010 Coloniensem.
1112 2972 1166 3009 Cf.
1193 2983 1305 3019 supra
1329 2983 1413 3019 epp.
1432 2973 1502 3009 142
1520 2975 1557 3010 et
1578 2973 1658 3010 143.
