1924 3288
497 195 698 227 wmALm
726 194 976 227 EPISTOLAE
1005 194 1076 226 301.
1099 194 1171 225 802.
1531 182 1617 226 431

49 301 165 345 mus,
203 289 304 347 quia
340 289 394 334 ad
434 303 531 335 eum
567 291 789 335 transituri
817 304 1003 342 eramus;
1043 290 1156 347 quod
1183 303 1259 334 vos
1290 289 1419 334 etiam
1447 292 1536 334 tam
1567 303 1622 334 ex
1695 292 1789 329 1150

49 367 193 414 domni
230 381 369 426 papae
406 382 534 425 quam
571 382 623 413 ex
661 369 805 413 domni
834 369 946 424 regis
977 369 1225 413 auctoritate
1254 367 1477 426 prohibere
1508 371 1621 412 sata·
1642 342 1836 373 oct—⁰⁰²

48 445 172 501 gatis.
292 445 439 490 Facies
475 460 618 490 rerum
647 450 885 490 vestrarum
920 450 1008 490 tam
1038 447 1152 491 intus
1185 461 1312 503 quam
1340 446 1443 490 foris
1473 446 1622 490 eadem

49 526 135 580 est,
175 537 283 580 quae
311 524 358 568 in
389 524 506 569 exitu
535 527 674 569 vestro
707 528 818 579 erat3
858 528 900 568 et
930 525 1044 580 ideo,
1083 524 1120 567 si
1151 537 1235 580 qua
1263 523 1430 581 iubere,
1470 525 1507 568 si
1538 538 1622 581 qua

49 601 244 647 ordinare
281 602 526 660 disponitis,
564 602 878 660 beneplacitum
914 606 1103 646 vestrum
1143 602 1375 646 rescribite.
1446 601 1622 646 Consilii

49 679 163 725 enim
192 683 236 724 et
266 680 542 725 ordinationis
562 684 729 725 vestrae
759 681 1028 739 providentia
1057 694 1241 737 egemus.
1284 679 1432 725 Valete
1460 680 1507 725 in
1534 680 1622 724 Do-

47 758 184 814 min03
213 758 370 803 iterum
399 758 514 803 dico:
546 759 682 804 valete
714 762 756 804 et
785 759 976 815 gaudete.

53 898 170 948 302.
200 903 416 947 conradus
444 903 518 947 ΠΙ
547 920 622 947 rex
657 903 854 948 Heinrico
895 905 1087 963 episcopo
1118 903 1345 947 Leodiensi
1380 904 1538 957 scribit,
1578 918 1621 946 se

195 981 374 1025 iniurias
404 983 443 1025 ei
466 983 606 1025 illatas
624 983 938 1026 vindicaturam.
986 981 1202 1032 Hortatur,
1235 998 1287 1025 ne
1309 982 1501 1025 ecclesiae
1523 980 1620 1024 Sta-

198 1058 376 1103 balmis
406 1060 515 1103 bona
546 1059 730 1120 afflictet.
1403 1057 1476 1112 (M.
1501 1058 1620 1112 277.)

168 1147 421 1204 C(om·adus)
441 1148 523 1193 Dei
553 1149 692 1205 gratia
713 1149 1000 1193 Romanorum
1028 1162 1106 1192 rex
1125 1147 1359 1203 H(einrico)
1390 1148 1623 1193 venerabili
1693 1151 1788 1187 1150

49 1224 274 1271 Leodiensi
305 1227 502 1285 episcopo
532 1228 715 1284 gratiam
745 1241 867 1271 suam
897 1230 940 1271 et
970 1241 1094 1271 omne
1125 1227 1294 1271 bonum.
1642 1200 1836 1231 och—Dm

167 1303 367 1350 Pervenit
396 1305 451 1349 ad
479 1319 556 1350 nos
588 1306 746 1350 clamor
778 1305 1041 1350 Stabulensis
1080 1305 1328 1362 aecclesiae,
1368 1303 1548 1349 dolentis
1580 1307 1623 1348 et

49 1383 366 1440 conquerentis,
411 1384 525 1440 quod
568 1383 744 1428 ecclesia
787 1387 863 1427 tua
906 1383 1037 1440 impie
1075 1397 1101 1427 a
1138 1383 1390 1440 quibusdam
1427 1383 1621 1440 tyrannis

48 1464 239 1506 vastetur
276 1465 320 1506 et
356 1475 539 1520 persona
568 1465 643 1506 tua
680 1462 800 1506 novis
840 1465 882 1506 et
910 1462 1114 1505 inauditis
1144 1461 1307 1505 modis¹¹
1338 1461 1390 1505 ab
1420 1461 1509 1517 his,
1549 1461 1622 1518 qui

48 1537 295 1584 fidelitatem
330 1540 411 1584 tibi
439 1540 703 1596 iuraverant,
741 1543 930 1584 vexetur.
978 1539 1236 1583 Confidimus
1269 1542 1410 1584 autem
1441 1539 1493 1583 de
1524 1553 1622 1597 pro-

48 1617 229 1662 tectione
260 1618 416 1674 divina,
449 1632 556 1676 quae
586 1632 663 1662 nos
695 1632 819 1662 sanos
852 1621 895 1662 et
918 1617 1148 1662 incolumes
1162 1614 1173 1635 ¹
1194 1621 1235 1662 et
1255 1618 1523 1661 inimicorum
1544 1631 1620 1661 no-

49 1698 235 1740 strorum
263 1696 444 1741 victores
475 1710 567 1741 esse
595 1696 718 1751 facit,
759 1696 871 1753 quod
909 1696 1084 1739 consilio
1122 1699 1165 1739 et
1193 1696 1349 1740 iudicio
1379 1696 1622 1753 principum

48 1772 157 1818 hanc
187 1774 485 1819 contumeliam
521 1775 650 1830 digna
687 1773 1052 1817 animadversione
1081 1773 1127 1816 in
1158 1773 1277 1818 brevi
1305 1777 1497 1831 tempore
1528 1773 1620 1818 vin-

49 1851 295 1896 dicabimus.
401 1852 601 1896 Preterea
621 1854 865 1907 suggestum
884 1851 1005 1895 nobis
1028 1854 1106 1907 est,
1139 1851 1250 1908 quod
1269 1855 1445 1909 propter
1477 1851 1619 1895 odium

50 1928 276 1985 H(einrici)
307 1930 359 1974 de
378 1929 512 1988 Rupe,
545 1930 617 1988 qui
639 1933 703 1974 est
723 1930 950 1974 advocatus
973 1928 1236 1973 Stabulensis
1258 1928 1498 1986 aecclesiae,
1530 1933 1620 1972 tam

48 2010 98 2052 tu
137 2019 264 2065 quam
300 2009 364 2052 tui
397 2009 594 2053 incendia
632 2011 675 2052 et
709 2008 882 2065 rapinas
921 2008 967 2050 in
1005 2006 1125 2051 bonis
1167 2007 1355 2051 eiusdem
1393 2007 1620 2051 aecclesiae

48 2085 187 2131 facere
217 2086 490 2144 disposueris,
522 2100 618 2130 cum
649 2086 795 2130 eadem
826 2085 938 2130 bona
966 2085 1012 2128 in
1041 2087 1208 2129 tantum
1239 2085 1325 2129 sint
1355 2085 1407 2129 ab
1428 2085 1622 2129 advocati

51 2164 221 2209 servitio
251 2163 398 2220 libera,
428 2167 477 2208 ut
505 2164 666 2208 nullam
695 2164 742 2207 in
772 2164 832 2208 eis
863 2164 1102 2221 portionem
1131 2164 1200 2208 vel
1231 2164 1282 2207 de
1303 2163 1426 2207 iustis
1450 2164 1627 2221 pensio-.

50 2241 174 2287 nibus
204 2241 272 2286 vel
302 2242 354 2286 de
383 2242 526 2298 legum
555 2242 929 2300 compositionibus
960 2243 1152 2300 accipiat.
1203 2242 1261 2286 Et
1291 2242 1491 2298 quoniam
1522 2255 1620 2286 ean-

51 2320 149 2365 dem
179 2320 424 2364 aecclesiam
453 2319 595 2364 ledere
623 2334 709 2364 non
739 2319 876 2363 solum
906 2323 1053 2364 contra
1078 2320 1241 2376 regiam
1260 2320 1526 2364 maiestatem
1557 2323 1622 2363 est

52 2401 118 2442 set
147 2398 281 2442 eciam
310 2401 458 2442 contra
493 2397 557 2440 tui
588 2397 747 2440 ordinis
778 2398 1046 2442 sanctitatem
1085 2401 1127 2442 et
1157 2401 1304 2442 contra
1334 2411 1502 2442 omnem
1531 2401 1621 2440 tam

52 2475 186 2520 divini
207 2490 333 2533 quam
352 2474 528 2519 humani
547 2474 652 2518 iuris
673 2475 915 2531 equitatem,
946 2476 1195 2520 mandamus
1217 2475 1430 2520 sollertiae
1459 2478 1557 2518 tuae
1579 2478 1621 2518 et

53 2553 130 2598 sub
161 2557 336 2611 optentu
363 2554 524 2609 gratiae
545 2555 715 2596 nostrae
734 2553 1005 2610 precipimus,
1035 2556 1084 2596 ut
1102 2556 1144 2597 te
1166 2556 1208 2597 et
1227 2557 1322 2596 tuos
1344 2566 1370 2596 a
1388 2552 1547 2596 lesione
1578 2555 1621 2596 et

52 2631 296 2687 gravamine
318 2631 531 2688 predictae
553 2629 778 2674 aecclesiae
808 2631 1037 2686 contineas,
1070 2631 1250 2674 sciturus
1282 2630 1407 2687 quod,
1440 2630 1477 2672 si
1497 2629 1620 2673 aliter

52 2712 346 2767 presumptum
360 2709 500 2765 fuerit,
516 2709 628 2752 iusta
647 2707 948 2763 indignationis
971 2711 1141 2752 nostrae
1160 2708 1320 2752 ultione
1339 2720 1426 2751 non
1445 2707 1617 2751 carebit.

150 2801 177 2823 a.
204 2792 318 2823 morbis
341 2805 367 2823 c.

149 2851 183 2886 1.
208 2850 398 2887 conradus
429 2849 488 2887 his
511 2850 635 2887 verbis
665 2847 801 2885 refellit
830 2858 1037 2895 „rumorem
1062 2847 1187 2895 regiae
1210 2846 1449 2895 debilitatis“,
1473 2847 1520 2885 de
1544 2857 1618 2895 quo

54 2908 202 2957 scripsit
226 2910 422 2956 episcopus
447 2921 505 2956 ep.
523 2910 593 2947 299
618 2919 730 2955 supra
753 2919 789 2954 p.
806 2909 888 2945 427.
