1924 3288
522 217 721 249 wrsALm
748 215 998 249 EPISTOLAE
1027 215 1097 247 186.
1121 214 1191 246 187,
1565 202 1651 246 307

85 314 347 370 pentecostes
366 312 631 369 perveniens,
651 312 769 356 misit
788 312 908 356 nobis
927 311 1087 367 legatos
1104 324 1200 355 cum
1213 309 1380 365 litteris,
1401 309 1653 367 precipiens,
1679 311 1772 348 1149

85 393 135 436 ut
161 389 209 434 in
236 389 428 436 martirio
460 389 746 447 apostolorum
765 389 882 435 Petri
913 394 955 435 61
973 386 1119 434 Pauli¹
1149 388 1231 433 sibi
1261 387 1418 445 absque
1438 387 1526 431 ullo
1548 387 1654 431 dila·
1693 361 1758 392 Μ’

85 467 213 512 tionis
250 467 552 525 impedimento
589 469 847 525 presentiam
876 471 1067 512 nostram
1096 466 1400 512 exhiberemus,
1461 464 1655 511 Misimus

86 559 186 591 vero
216 545 271 590 ad
299 549 465 590 vestrae
496 545 768 590 excellentiae
797 547 926 604 pedes
957 548 1250 604 procuratores
1280 547 1468 601 nostros,
1504 544 1657 601 quibus

87 622 341 668 confidenter
368 623 631 682 inperabitiS,
667 627 715 668 ut
744 625 864 668 iuxta
894 624 1205 682 beneplacitum
1233 625 1421 668 vestrum
1450 622 1503 667 de
1531 622 1658 671 rebus

86 701 243 746 nostris
268 702 422 746 vestris
453 702 809 760 oportunitatibus
841 703 1118 747 subserviant.
1166 701 1318 746 Vestra
1346 714 1446 745 vero
1476 700 1659 757 bonitas,

88 779 198 824 sicut
226 779 278 824 de
296 780 416 824 vobis
447 783 490 823 et
519 780 571 824 de
600 782 692 823 tota
719 779 911 824 Romana
942 780 1144 825 aecclesia
1173 778 1435 836 confidimus,
1465 792 1659 824 necessa-

86 857 200 903 rium
229 857 290 902 eis
319 857 600 916 patrocinium
629 872 715 902 non
745 858 981 915 denegabit.

96 999 211 1048 187.
241 1003 456 1047 conradus
469 1001 542 1047 ΠΙ
559 1019 636 1046 rex
655 1002 898 1046 Heinricum
924 1004 1160 1062 episcopum
1180 1002 1439 1046 Mndensem
1458 1001 1660 1056 hortatur,

238 1089 286 1124 ut
334 1082 544 1125 ecclesiam
589 1081 927 1125 Kaminatensem
972 1082 1108 1139 expiet
1152 1080 1466 1139 Wibaldmnque
1511 1095 1663 1123 vexare
1697 1101 1703 1107 ¹

241 1166 374 1202 cesset.
1446 1155 1518 1211 (M.
1545 1156 1663 1211 167.)

211 1246 461 1302 G(onrad.us)
491 1247 574 1291 Dei
603 1247 741 1303 gratia
762 1247 1049 1291 Romanorum
1077 1260 1154 1291 rex
1176 1245 1410 1301 H(einrico)
1435 1246 1665 1292 venerabili
1690 1251 1782 1288 1149

92 1324 304 1371 Mindensi
333 1326 529 1384 episcopo
560 1325 742 1381 gratiam
772 1339 893 1370 suam
924 1329 967 1370 et
997 1339 1120 1369 omne
1150 1324 1319 1369 bonum.

211 1403 381 1448 Perlata
410 1407 475 1449 est
506 1403 560 1448 ad
588 1417 665 1448 nos
697 1403 872 1460 querela.
886 1403 1022 1447 fidelis
1042 1403 1179 1447 nostri
1199 1401 1464 1447 Corbeiensis
1485 1402 1666 1459 abbatis,

95 1482 207 1539 quod
243 1482 295 1527 de
333 1482 494 1526 duobus
531 1482 799 1526 monasteriis
828 1482 875 1527 in
903 1485 976 1526 tuo
1009 1482 1255 1539 episcopatu
1285 1481 1399 1537 sitis,
1439 1480 1668 1526 Kaminata

93 1559 290 1605 videlicet
326 1563 369 1604 et
398 1560 606 1616 Visibich,
645 1573 752 1616 quae
781 1573 858 1604 nos
890 1559 1134 1604 Corbeiensi
1162 1559 1418 1604 monasterio
1448 1562 1539 1603 tam
1569 1571 1668 1603 con-

96 1638 190 1682 silio
220 1652 346 1695 quam
365 1638 519 1682 iudicio
541 1637 782 1695 principum
802 1638 1069 1695 contulimus,
1099 1651 1301 1693 magnum
1320 1637 1670 1695 impedimentum

97 1716 288 1760 attuleris
328 1719 392 1773 et,
430 1730 530 1773 sepe
566 1716 828 1773 multumque
866 1719 1058 1772 rogatuS,
1098 1716 1363 1772 aecclesiam,
1405 1729 1511 1772 quae
1546 1715 1671 1768 ruina

97 1794 315 1838 cuiusdam
344 1794 466 1852 pueri
495 1794 691 1837 monachi
719 1794 881 1851 polluta
912 1794 1085 1850 dicitur,
1115 1794 1388 1838 reconciliare
1417 1793 1668 1850 neglexeris.

98 1871 147 1915 In
178 1885 259 1928 quo
291 1871 486 1915 discretio
515 1874 591 1915 tua
620 1871 842 1927 diligenter
873 1871 998 1916 debet
1026 1872 1309 1929 perpendere,
1347 1870 1448 1927 quid
1478 1871 1670 1915 sacerdo—

99 1949 197 1994 talis
229 1948 356 1993 officii
386 1948 623 1993 sollicitudo
651 1949 697 1992 in
716 1949 957 1993 huiusmodi
977 1962 1077 1992 casu
1097 1950 1241 1993 debuit
1262 1949 1472 1993 exhibere.
1514 1948 1672 1993 Debuit

101 2027 214 2072 enim
251 2027 431 2071 eruditio
470 2030 546 2070 tua
583 2026 841 2083 intelligere,
882 2027 1014 2083 quod,
1053 2027 1104 2071 de
1133 2027 1345 2083 regalibus
1375 2027 1531 2070 nostris
1563 2026 1672 2070 sicut

100 2108 176 2152 tua
206 2105 407 2150 aecclesia
437 2104 663 2148 sublimata
693 2107 736 2148 et
766 2105 900 2148 ditata
930 2108 1007 2161 est,
1038 2105 1100 2148 ita
1126 2108 1168 2149 et
1189 2105 1485 2150 Corbeiensem
1516 2103 1672 2148 aeccle—

102 2183 210 2228 siam
246 2183 298 2228 de
336 2183 457 2238 regni
491 2182 750 2240 proprietate
779 2182 993 2239 potuimus
1024 2182 1243 2227 honorare.
1305 2181 1487 2226 Proinde
1517 2182 1672 2226 discre-

102 2261 209 2305 tioni
238 2264 336 2305 tuae
366 2275 443 2318 per
472 2260 688 2318 presentia
718 2261 876 2318 scripta
904 2261 1168 2317 mandamus,
1198 2264 1247 2304 ut
1269 2261 1321 2304 de
1342 2263 1480 2305 cetero
1502 2261 1527 2305 a
1545 2274 1673 2305 vexa-

103 2339 216 2383 tione
259 2339 441 2396 predicti
477 2337 741 2382 Corbeiensis
789 2338 952 2382 abbatis
999 2342 1041 2382 et
1075 2353 1218 2382 rerum
1256 2339 1503 2383 monasterii
1539 2339 1673 2396 ipsius

105 2417 287 2473 omnino,
325 2417 434 2466 sicut
461 2430 538 2460 nos
570 2415 724 2472 diligis,
757 2416 967 2460 abstineas
999 2419 1041 2460 et
1069 2417 1302 2474 predictam
1333 2417 1578 2461 aecclesiam
1607 2430 1674 2461 re-

105 2494 328 2538 conciliare
366 2508 452 2538 non
490 2493 672 2538 differas·
733 2493 820 2537 Nos
859 2494 973 2538 enim
1001 2494 1158 2538 intuitu
1189 2495 1356 2539 divinae
1386 2495 1601 2550 religionis
1633 2498 1676 2538 et

105 2572 270 2616 monitu
309 2585 358 2616 ac
386 2572 595 2629 peticione
625 2571 846 2615 reverendi
875 2572 1009 2629 patris
1039 2572 1175 2616 nostri
1203 2587 1339 2630 papae
1369 2572 1550 2628 Eugenii
1578 2586 1675 2629 pre-

107 2650 220 2694 dicta
254 2650 346 2694 loca
383 2650 537 2694 divinis
577 2649 786 2706 obsequiis
824 2650 1067 2708 mancipare
1105 2650 1362 2707 studuimus,
1408 2650 1460 2694 de
1497 2663 1675 2706 quorum

107 2727 224 2786 turpi
261 2731 304 2771 et
339 2727 619 2772 infamissima
656 2727 971 2772 conversatione
1000 2741 1084 2772 non
1115 2728 1251 2772 solum
1282 2729 1429 2772 eadem
1458 2727 1677 2785 provincia

109 2808 175 2850 set
212 2806 339 2849 etiam
379 2819 556 2861 regnum
593 2808 786 2849 nostrum
824 2804 1132 2860 offendebatur3
1171 2806 1216 2849 111
1255 2820 1338 2862 qua
1375 2805 1486 2850 sacri
1516 2805 1676 2850 ordinis

107 2881 403 2927 reformatione
432 2886 550 2927 tuam
579 2882 810 2941 plurimum
839 2883 960 2939 decet
988 2883 1206 2941 cooperari
1234 2884 1578 2928 moderationem.

205 2971 239 3007 1.
262 2970 357 3007 Iuni.
376 2971 434 3007 29.

1312 3035 1394 3074 20*
