1924 3288
330 187 416 231 110
847 198 1046 231 wmALm
1072 197 1293 230 Ems'rons
1319 197 1370 229 aa

331 293 412 340 32.
442 293 654 339 Wibaldus
683 295 924 338 Reinlzardo
963 295 1102 338 abbati
1130 294 1402 338 Reinhusensi
1436 294 1665 352 respondet.
1714 291 1786 338 D&
1812 299 1883 337 stl-

445 380 583 431 scepta
614 374 780 416 abbatia
802 372 1033 415 Corbet'ensi
1055 372 1373 429 maculationem
1397 387 1479 429 pro
1501 371 1757 416 »coh-rubim
1783 371 1884 414 οὑκ-

438 451 650 508 plt'citate«
683 450 830 506 arquit.
1697 445 1771 502 (Μ.
1786 444 1883 502 35.)

212 546 303 582 1147
444 532 686 576 Reverendo
717 531 830 588 patri
859 544 907 575 ac
931 532 1166 589 preceptori
1186 545 1262 575 suo
1281 530 1552 586 R(einhardo)
1571 529 1883 576 Renoehusmi·
1919 533 1924 538 “

329 610 469 655 abbati
499 623 597 654 suus
629 609 794 653 auditor
808 607 1038 665 wibaldus,
1070 609 1266 666 quicquid
1287 612 1352 653 est
1377 609 1424 653 in
1445 607 1647 653 aecclesia
1664 607 1883 665 catholica,

328 702 404 746 per
434 679 635 744 adeptam
658 687 795 731 cordis
824 687 1081 731 mundiciam
1108 687 1251 731 videre
1280 686 1418 731 Deum
1448 686 1622 730 deorum
1648 686 1695 730 in
1724 685 1853 744 Syon.

446 765 609 817 Quanto
641 765 829 809 caritatis
861 765 999 808 studio
1031 765 1243 810 actionum
1271 768 1513 809 nostrarum
1537 763 1702 809 litteras
1712 761 1739 822 ¹,
1766 752 1901 809 vide--

327 844 427 888 licet
457 843 718 900 quarundam
746 842 1041 900 molestarum,
1080 843 1267 887 omnium
1294 856 1394 887 vero
1425 842 1751 899 laboriosarum,
1786 854 1885 900 per-

327 921 528 978 legeritis,
559 925 681 966 tenor
711 920 912 979 epistolae
940 924 1106 966 vestrae
1136 921 1340 976 declarat3
1371 921 1417 964 in
1447 934 1542 978 qua,
1573 918 1884 978 comprehensis

327 1001 512 1045 breviter
549 999 736 1044 omnium
773 1013 916 1043 rerum
946 999 1161 1057 capitulis,
1202 1003 1244 1044 et
1274 999 1326 1043 de
1357 997 1887 1056 adversitatibuspatema

329 1078 618 1136 compassione
647 1077 884 1121 indoluistis
916 1080 958 1121 et
988 1077 1041 1121 ad
1071 1077 1473 1121 commendationem
1493 1079 1664 1120 nostrae
1682 1084 1887 1134 personae

329 1169 426 1200 cum
466 1155 559 1200 aljis
588 1169 666 1199 nos
698 1155 1014 1199 defendentibus
1045 1158 1210 1199 vestrae
1241 1168 1403 1212 quoque
1431 1153 1685 1198 laudationis
1714 1152 1887 1198 titulum

330 1234 598 1292 apposuistis.
662 1232 736 1277 Set
776 1236 825 1277 ut
862 1236 1027 1277 vestrae
1067 1233 1281 1277 sanctitati
1319 1246 1466 1277 verum
1505 1231 1752 1289 simpliciter
1785 1231 1887 1276 cond

327 1311 540 1368 fiteamur,
580 1311 670 1355 Deo
709 1311 770 1355 sic
806 1325 874 1355 res
912 1311 1116 1354 humanas
1157 1311 1420 1367 moderante,
1457 1309 1530 1366 qui
1557 1323 1634 1354 nos
1663 1298 1888 1367 perseque-

328 1390 500 1446 bantur,
540 1389 707 1434 divinae
742 1389 922 1433 iniuriae
959 1388 1139 1432 cultores
1177 1391 1318 1443 erant3v
1356 1391 1399 1432 et
1435 1387 1625 1444 quamvis
1662 1400 1742 1445 pro
1774 1385 1888 1431 mah

328 1468 561 1512 intentione
606 1467 908 1524 sempiternum
949 1481 1002 1510 ve
1042 1470 1321 1522 mererentur,
1366 1469 1510 1510 tamen
1549 1464 1772 1509 iustissimi
1805 1463 1889 1510 Dei

329 1546 465 1590 nostri
493 1546 615 1601 virga
645 1549 765 1589 erant
785 1548 828 1588 et
846 1544 1018 1589 baculus
1037 1545 1190 1588 furoris
1212 1544 1314 1588 eius.
1361 1543 1449 1601 Ipsi
1469 1545 1610 1588 autem
1628 1542 1888 1597 nesciemrt3

331 1627 373 1667 et
409 1624 516 1668 miro
553 1623 843 1681 perversitatis
882 1623 1006 1666 modo
1045 1622 1267 1666 adversum
1304 1635 1381 1665 nos
1417 1624 1623 1665 certatum
1651 1622 1727 1664 est.
1773 1618 1888 1664 Defl-

331 1688 536 1746 cientibus
567 1701 773 1758 siquidem
804 1700 1055 1744 adversariis
1085 1700 1131 1743 in
1161 1713 1287 1743 causa
1317 1702 1359 1743 et
1389 1699 1503 1743 omni
1532 1697 1723 1743 veritatis
1741 1695 1888 1752 ⁴firmau-

331 1782 472 1824 mento
504 1779 738 1835 destitutis,
777 1792 909 1822 unum
939 1781 1031 1822 erat
1060 1781 1283 1834 conceptae
1315 1776 1547 1821 dolositatis
1576 1775 1804 1832 refugium,
1839 1777 1889 1819 ut

331 1870 408 1901 nos
440 1857 637 1901 conviciis
670 1860 712 1900 et
742 1857 976 1914 obprobriis
996 1856 1243 1911 lacerarent,
1276 1868 1379 1912 quos
1401 1855 1566 1899 ratione
1586 1865 1785 1912 superare
1803 1865 1890 1898 11011

331 1938 540 1992 poterant,
572 1938 615 1979 et
643 1934 839 1991 malignis
869 1934 1007 1978 verbis
1037 1934 1195 1978 famam
1220 1935 1409 1977 nostram
1429 1931 1751 1977 contaminando
1770 1930 1888 1989 prius

334 2013 572 2057 auditorum
602 2013 763 2056 animos
794 2015 940 2056 contra
968 2025 1045 2056 nos
1077 2011 1387 2067 exacerbarent,
1419 2023 1544 2067 quam
1566 2010 1614 2054 in
1633 2022 1779 2054 eornm
1796 2014 1888 2054 0011·-

334 2090 455 2134 dibus
494 2104 637 2135 rerum
666 2090 822 2134 veritas
853 2092 996 2147 posset
1026 2089 1325 2134 convalescere.
1378 2088 1452 2133 Set
1478 2087 1669 2146 porrexit
1696 2085 1893 2132 Clu-istus

332 2181 410 2226 pro
442 2181 486 2212 se
515 2168 724 2212 laboranti
749 2167 1118 2212 clementissimam
1138 2167 1355 2211 dexteram
1384 2169 1427 2210 et
1453 2165 1569 2210 dedit
1593 2178 1690 2210 cum
1706 2164 1889 2223 tempta-

333 2245 447 2290 tione
476 2249 740 2304 proventum,
771 2249 820 2290 ut
848 2259 1065 2303 possemus
1098 2245 1316 2289 sustinere.
1367 2243 1440 2288 Hii
1465 2255 1578 2299 vero,
1609 2242 1682 2300 qui
1698 2255 1778 2287 nos
1793 2245 1889 2288 tue-

332 2323 506 2380 bantur,
555 2324 738 2381 equitate
781 2322 930 2368 causae
971 2323 1188 2379 delectati,
1231 2323 1277 2366 in
1314 2325 1461 2366 nostra
1496 2321 1810 2366 conversatione
1844 2320 1890 2365 ct

331 2402 517 2446 moribus
554 2402 827 2458 fallebantur,
870 2401 1107 2457 credentes,
1144 2404 1233 2444 tam
1269 2397 1550 2444 necessarium
1584 2401 1674 2442 tam
1711 2397 1889 2445 arduum

332 2480 547 2535 negotium
585 2480 610 2524 a
645 2493 826 2537 persona
860 2479 981 2524 exilis
1013 2482 1056 2523 et
1085 2481 1321 2522 contractae
1350 2477 1461 2522 vitae
1490 2489 1574 2520 non
1603 2475 1792 2533 potuisse
1821 2488 1889 2520 as-

334 2557 455 2601 sumi.
513 2557 587 2601 Set
623 2557 860 2602 columbina
898 2556 1167 2615 simplicitate
1204 2555 1325 2600 nobis
1362 2552 1730 2610 congratulamini,
1777 2551 1890 2611 qnod

332 2634 496 2679 labores
540 2636 675 2679 nostri
719 2636 766 2679 in
811 2634 1016 2679 catholica
1060 2633 1262 2678 aecclesia
1305 2631 1505 2689 geminati
1541 2628 1661 2675 sunt'
1698 2634 1741 2676 et
1774 2629 1889 2675 ultra

332 2712 487 2756 virium
523 2717 763 2757 nostrarum
799 2712 1041 2756 facultatem
1072 2711 1203 2766 aucti,
1241 2713 1284 2754 et
1313 2709 1423 2766 quod
1452 2708 1506 2752 ad
1535 2711 1723 2764 gentem,
1762 2715 1890 2765 qnam

332 2789 642 2846 ignorabamus,
673 2791 878 2846 venimus,
909 2790 982 2834 ubi
1012 2789 1247 2833 orationum
1277 2790 1510 2845 vestrarum
1534 2789 1699 2829 tantum
1720 2798 1888 2842 egemus

333 2867 531 2924 presidiO,
564 2871 719 2925 quanto
751 2871 793 2912 et
823 2866 1114 2911 sollicitudinis
1145 2865 1333 2909 anxietas
1365 2866 1428 2907 est
1451 2863 1701 2908 cumulatior
1720 2866 1764 2908 et
1780 2865 1887 2908 tem-

430 2950 462 2985 1.
488 2947 543 2986 Cf.
569 2959 628 2994 ep.
645 2950 702 2986 31.
797 2950 831 2985 2.
858 2951 1029 2994 suscepta
1052 2946 1198 2984 abbatia
1222 2945 1443 2983 corbeiensi.
