1924 3288
325 193 408 238 116
839 206 1037 237 wmALm
1065 204 1285 238 nprs'rons
1313 206 1363 237 se.

204 302 296 339 1147
322 299 542 344 sulendum
579 300 699 344 nobis
738 300 763 344 a
791 299 1046 343 monasterio
1083 313 1158 344 suo
1195 313 1459 357 nequaquam
1487 299 1667 358 valeret,
1703 300 1876 351 tandem

215 352 288 391 ‘³¹³¹‘
322 378 569 422 auctoritate
598 378 715 433 regia
745 375 798 420 ad
828 377 989 420 curiam
1018 380 1083 420 est
1112 380 1306 422 evocatus
1338 380 1401 433 et,
1432 381 1605 433 cogente
1632 378 1774 436 ipsum
1802 377 1878 423 do-

320 455 435 499 mino
464 458 608 500 nostro
637 454 827 498 Conrado
847 453 1131 498 Romanorum
1159 469 1271 511 rege,
1301 455 1452 499 fratres
1481 458 1648 500 nostros
1678 458 1722 500 et
1746 454 1876 500 laicos

319 536 499 588 nostros,
531 533 603 589 qui
632 531 733 575 illuc
761 531 1000 588 frequentes
1030 535 1324 588 convenerant,
1356 533 1475 589 sequi
1504 535 1547 577 et
1565 532 1621 576 ad
1637 545 1715 578 nos
1733 531 1878 579 venire

320 610 558 667 compulsus
590 612 665 653 est.
713 608 770 652 Et
798 608 956 664 gratias
977 608 1067 653 Deo
1098 610 1374 667 omnipotenti
1399 610 1633 666 referimus,
1663 610 1775 667 quod
1791 621 1878 655 non

321 701 464 731 sumus
494 687 678 730 fraudati
708 686 734 730 a
763 686 969 730 desiderio
999 690 1143 731 nostro
1175 691 1218 731 et
1247 688 1273 731 a
1301 692 1389 745 spe,
1421 701 1547 744 quam
1573 687 1626 732 de
1643 687 1737 745 ipso
1756 690 1879 746 patre

320 767 463 808 nostro
495 777 840 821 conceperamus3
874 765 1071 821 quoniam
1100 764 1285 809 mirabili
1314 765 1523 809 industria
1552 778 1696 810 omnes
1717 765 1878 811 dissen-

321 843 460 886 siones
500 844 664 885 nostras
703 841 758 885 ad
793 855 941 899 pacem
971 845 1014 887 et
1044 842 1122 886 ad·
1152 843 1415 887 concordiam
1443 842 1679 888 revocavit*
1709 845 1753 887 et
1779 856 1878 901 pos-

322 920 527 964 sessiones
557 933 644 963 non
662 933 829 977 parvas,
861 933 964 976 quas
985 920 1199 977 depositus
1220 920 1291 964 ille
1312 920 1580 977 alienaverat,
1609 934 1764 977 magna
1781 932 1875 966 cum

319 997 545 1055 prudentia
575 1001 618 1041 et
648 996 829 1041 efficatia
859 997 914 1041 ad
941 1011 1065 1041 usum
1093 998 1338 1042 monasterii
1366 998 1593 1055 recollegit.
1681 997 1880 1044 Preterea

320 1078 419 1118 sunt
454 1076 500 1118 in
538 1075 694 1119 vicinia
729 1078 875 1119 nostra
913 1075 994 1119 duo
1033 1076 1289 1119 monasteria
1326 1075 1597 1132 feminarum,
1636 1089 1742 1134 quae
1777 1089 1879 1122 suae

322 1152 584 1197 enormitatis
613 1153 842 1210 pertinatia
870 1156 1037 1197 nostros
1068 1157 1110 1198 et
1140 1154 1327 1197 omnium
1355 1153 1647 1210 religiosorum
1675 1153 1816 1199 oculos
1835 1156 1880 1200 et

322 1243 443 1274 aures
475 1230 695 1287 sepissime
726 1229 998 1275 offenderunt.
1043 1231 1113 1274 Ad
1134 1231 1244 1288 quod
1263 1230 1443 1275 malum⁰
1464 1231 1764 1276 eliminandum
1782 1244 1879 1277 011111

322 1308 493 1364 quidam
523 1322 577 1352 ex
606 1308 762 1352 nostris
793 1308 1012 1353 abbatibus
1041 1308 1232 1353 laborare
1254 1309 1475 1366 cepissent,
1506 1309 1700 1366 quatinus
1718 1313 1764 1355 et
1779 1322 1880 1368 pos-

322 1386 452 1430 sessio
491 1385 717 1430 aecclesiae
747 1386 940 1430 nostrae‘¹
971 1386 1230 1430 conferretur
1260 1389 1302 1430 et
1331 1387 1476 1430 divina
1502 1387 1608 1432 inibi
1635 1387 1784 1444 religio
1811 1400 1879 1433 ne-

320 1463 593 1519 formaretur,
633 1463 822 1521 optinere
851 1477 937 1507 non
966 1466 1204 1520 potuerunt.
1268 1463 1341 1508 Set
1370 1464 1548 1508 domnus
1579 1464 1708 1509 abbas
1736 1463 1879 1510 noster

321 1539 576 1597 Wiboldus⁶,
606 1541 752 1585 multis
776 1541 862 1585 suis
884 1541 1092 1597 obsequiis
1112 1541 1360 1585 inclinatum
1378 1541 1536 1586 habens
1556 1542 1748 1587 animum.
1761 1542 1879 1600 priua

322 1619 448 1675 cipis,
489 1619 515 1662 a
544 1618 696 1662 domno
731 1633 829 1675 rege
858 1622 1002 1662 nostro
1034 1618 1280 1674 C(onrad0)¹
1308 1619 1573 1677 impetravit,
1612 1620 1758 1665 eadem
1786 1619 1880 1666 loca

323 1709 418 1740 cum
449 1696 641 1740 omnibus
675 1697 761 1740 suis
794 1696 1053 1753 appendiciis
1083 1697 1335 1741 monasterio
1365 1700 1508 1741 nostro
1539 1698 1719 1742 conferri
1740 1700 1785 1763 et
1799 1710 1879 1756 per

323 1774 582 1818 auctoritatis
611 1775 753 1830 regiae
781 1774 1050 1831 privilegium
1078 1774 1311 1830 legitimam
1339 1774 1608 1820 traditionem
1627 1774 1876 1821 confirmari.

321 1850 531 1895 Dilectam
558 1852 701 1908 itaque
730 1852 851 1896 nobis
882 1852 1214 1896 misericordiam
1242 1855 1426 1896 vestram
1454 1852 1574 1897 flexis
1594 1853 1650 1897 ad
1666 1866 1742 1898 vos
1761 1853 1879 1910 geni-

321 1928 400 1973 bus
431 1929 567 1972 cordis
597 1929 812 1973 humiliter
839 1929 1136 1987 imploramus,
1174 1933 1243 1986 ut,
1276 1930 1472 1987 quoniam
1499 1931 1586 1975 iam
1614 1944 1714 1989 sepe
1742 1931 1878 1976 dictus

321 2009 445 2063 pater
473 2010 615 2051 noster
645 2007 828 2064 quinque
858 2007 1017 2051 talenta
1047 2022 1152 2064 quae
1181 2011 1399 2065 acceperat
1418 2007 1594 2052 sollicite
1614 2005 1878 2066 duplicavit¹‚

323 2082 536 2128 Christum
575 2085 811 2141 imitantes,
849 2099 996 2129 verum
1037 2088 1079 2129 et
1114 2085 1270 2130 bonum
1307 2089 1472 2143 patrem
1508 2085 1711 2142 familias,
1749 2099 1880 2144 snpra

324 2162 468 2205 decem
498 2159 714 2207 civitates²
745 2177 841 2206 eum
872 2162 1136 2206 constituatis
1165 2163 1286 2207 iuxta
1313 2162 1439 2208 illud:
1473 2163 1598 2208 Omm’
1617 2163 1784 2208 habena·
1800 2165 1877 2209 da·

324 2236 467 2295 bitur-⁸,
501 2243 543 2283 et
573 2254 682 2296 eum,
714 2244 856 2284 vestra
884 2240 1172 2284 benedictione
1192 2241 1421 2298 apostolica
1439 2241 1660 2296 munitum,
1691 2243 1740 2284 ut
1756 2240 1879 2287 nobis

323 2320 366 2361 et
395 2331 564 2374 preesse
594 2321 636 2362 et
664 2318 865 2375 prodesse
887 2317 1039 2374 valeat,
1071 2318 1126 2361 ad
1153 2331 1230 2362 nos
1260 2331 1357 2362 cum
1386 2318 1536 2374 gaudio
1566 2318 1806 2375 remittatis,
1832 2320 1879 2363 et

323 2394 604 2451 donationem,
641 2409 767 2452 quam
797 2396 990 2439 dominus
1020 2399 1163 2440 noster
1190 2409 1267 2440 rex
1296 2395 1348 2440 de
1376 2395 1574 2454 predictis
1605 2395 1766 2441 duabus
1794 2393 1878 2441 oel-

322 2471 375 2516 lis
404 2476 573 2517 nostro⁸
602 2473 856 2518 monasterio
885 2473 1022 2530 fecith,
1053 2473 1184 2518 vestri
1212 2473 1422 2531 privilegii
1448 2472 1604 2531 pagina
1631 2472 1878 2519 confirmare

323 2549 565 2606 dignemini.

418 2684 445 2705 a.
467 2675 506 2706 ad
527 2687 582 2705 om.
602 2676 630 2705 1.
703 2674 733 2706 b.
753 2676 909 2707 renovavit
930 2677 959 2706 2.
1029 2684 1056 2706 c.
1078 2675 1188 2706 malum
1209 2686 1265 2705 om.
1282 2675 1311 2705 1.
1379 2673 1409 2704 d.
1430 2674 1551 2704 nostrae
1572 2685 1628 2704 om.
1647 2675 1677 2705 2.
1746 2684 1773 2706 0.
1792 2673 1874 2715 wiq-

322 2727 431 2758 boldus
453 2729 482 2758 2.
563 2728 586 2759 f.
608 2728 640 2758 G.
662 2740 719 2759 om.
735 2730 763 2759 1.
848 2738 876 2768 g.
897 2730 1002 2760 nostro
1024 2740 1080 2759 om.
1095 2730 1124 2759 2.
1205 2727 1236 2758 h.
1257 2727 1329 2758 iecit
1349 2727 1446 2758 on.2.

417 2804 450 2840 1.
474 2803 605 2840 Matth.
620 2804 677 2850 25,
695 2804 752 2840 16.
849 2805 882 2840 2.
908 2804 997 2841 Luc.
1016 2804 1072 2850 19,
1091 2803 1148 2840 17.
1242 2803 1278 2839 3.
1300 2801 1426 2839 natth.
1444 2801 1501 2848 25,
1518 2801 1577 2839 29.
