1924 3288
134 269 152 305 1
158 269 227 305 150

74 318 159 358 Sept.
171 335 203 339 —
214 318 281 350 Oct.

297 158 386 203 422
806 168 1006 199 wmALm
1035 167 1256 205 nrisToLA
1286 167 1358 199 294.

297 267 471 324 propter
507 264 737 309 multarum
775 276 919 307 rerum
950 263 976 306 a
1005 262 1167 307 ratione
1198 266 1241 307 et
1271 262 1522 308 auctoritate
1551 266 1595 308 et
1621 277 1705 309 usu
1730 263 1865 325 dieto—

297 344 500 390 nantiam.
541 342 651 386 Nam
679 341 860 399 paginae
888 340 1022 398 ipsius
1049 340 1178 385 limen
1202 344 1350 385 contra
1369 341 1662 386 auctoritatem
1682 343 1726 387 et
1742 354 1867 389 usum

297 421 484 480 positum
515 424 599 476 est,
631 433 727 464 cum
755 419 854 463 illae
883 418 1050 463 litterae
1080 420 1260 472 „abbati
1288 419 1586 464 Hasta-ieme&
1617 413 1866 476 dirigantur,

299 500 411 557 quod
434 498 683 543 vocabulum
712 510 791 541 nec
822 497 1048 541 auctoritas
1078 497 1251 540 roborat
1279 509 1358 540 nec
1387 510 1488 540 usus
1519 494 1750 543 confirmat.
1771 504 1775 523 ³
1801 495 1868 543 Si-

300 578 469 634 quidem
488 575 827 621 Walciodorense
858 574 1078 619 cenobium
1108 574 1134 618 a
1162 574 1372 631 principio
1398 587 1499 618 suae
1517 574 1790 632 fundationis,
1810 574 1869 621 ab

301 655 421 700 annis
453 654 648 698 videlicet
682 655 779 708 181,
811 666 965 696 nomen
992 655 1035 696 et
1062 655 1317 710 potestatem
1348 652 1540 696 abbatiae
1571 651 1775 710 optinuit;
1806 652 1870 699 sic

300 733 547 778 instituente
565 732 648 776 loci
670 731 858 775 eiusdem
877 733 1176 786 constructore,
1196 730 1458 774 nobilissimo
1479 729 1632 775 comite
1644 729 1869 786 Efflb'erto)

302 815 344 856 et
375 811 638 855 sanctissimo
659 809 860 854 Metensis
892 808 1091 853 ecclesiae
1111 808 1308 865 episcopo
1328 807 1593 853 Deodeberto
1605 805 1630 864 ¹,
1661 808 1723 853 sic
1742 808 1871 853 etiam

302 888 575 934 confirmante
603 891 647 933 et
665 902 742 946 per
760 887 973 944 privilegii
992 887 1192 944 paginam
1212 888 1424 930 asserente
1443 886 1698 944 imperatore
1717 885 1871 933 Ottone

302 968 426 1011 huius
446 966 630 1011 nominis
649 965 787 1023 primo
795 962 824 1009 ².
872 964 954 1017 Qui
982 965 1270 1019 decreverunt,
1296 962 1608 1008 Walciodorum
1627 977 1720 1009 esse
1742 964 1871 1011 abba-

301 1046 429 1100 tiam3
463 1048 506 1089 et
533 1044 801 1088 tradiderunt
828 1043 987 1087 ibidem
1015 1043 1061 1086 in
1083 1045 1355 1098 augmentum
1379 1042 1652 1099 prestationis
1671 1041 1764 1088 Deo
1783 1054 1871 1088 ser-

301 1123 508 1167 vientium
537 1121 778 1166 Hasteriam
807 1134 903 1164 cum
930 1120 1123 1164 omnibus
1155 1119 1410 1178 appenditiis
1441 1119 1551 1175 suis,
1590 1133 1718 1176 quam
1746 1134 1873 1167 veno·-

302 1201 448 1246 rabilis
467 1195 648 1244 Albero⁸
668 1198 868 1243 Metensis
890 1199 1124 1256 episcopus,
1150 1198 1421 1255 predecessor
1439 1198 1585 1255 utiquc
1603 1198 1783 1256 predicti
1801 1197 1872 1256 D„

304 1294 357 1324 ex
386 1279 559 1337 proprio
589 1277 834 1322 hereditatis
865 1277 958 1321 iure
988 1276 1187 1321 ecclesiae
1209 1275 1389 1320 Metensi
1419 1278 1462 1319 et
1490 1279 1635 1320 sancto
1658 1275 1872 1334 Stephano

301 1356 621 1415 prothomartiri
653 1355 897 1400 tradiderat.
940 1354 1060 1407 Quod
1083 1354 1307 1412 privilegia
1332 1367 1481 1409 regum
1508 1357 1551 1398 et
1568 1354 1872 1412 imperatorum

302 1449 382 1480 nec
409 1449 495 1479 non
525 1434 810 1478 Romanorum
838 1431 1106 1491 pontificum,
1136 1431 1468 1477 Walciodorensi
1503 1432 1676 1477 cenobio
1705 1432 1873 1490 collata,

306 1517 348 1558 et
391 1513 499 1557 liber
536 1512 650 1556 vitae
687 1512 823 1556 sancti
859 1508 931 1555 D.⁴
966 1510 1134 1569 plenius
1169 1509 1410 1567 loquuntur.
1478 1509 1570 1554 Hoc
1605 1510 1735 1555 etiam
1769 1524 1872 1556 unus

305 1604 438 1648 usque
469 1590 524 1634 ad
551 1604 630 1634 nos
661 1590 818 1647 absque
847 1588 975 1632 ullius
1005 1588 1324 1646 interruptionis
1344 1588 1644 1646 impedimento
1666 1589 1872 1644 servavi123

305 1682 383 1714 nec
411 1669 608 1713 inventus
639 1670 716 1724 est,
749 1667 822 1724 qui
840 1666 1155 1710 Hasteriensem
1174 1667 1413 1710 nominaret
1433 1666 1640 1722 abbatem,
1669 1679 1766 1712 cum
1785 1666 1873 1711 Har

307 1747 438 1791 steria
472 1746 579 1791 cella
616 1746 673 1789 sit
709 1748 753 1788 et
789 1745 1056 1802 prepositura
1093 1744 1444 1789 Walciodorensis
1481 1744 1685 1789 abbatiae.
1748 1743 1873 1790 Ratio

308 1825 437 1870 etiam
475 1837 562 1868 non
602 1823 808 1879 admittit,
847 1825 894 1866 ut
928 1825 993 1866 tot
1020 1822 1234 1866 vocabulis
1271 1815 1452 1880 prelatio
1487 1825 1634 1866 nostra
1667 1821 1873 1880 tituletur,

310 1906 412 1960 quot
440 1902 563 1947 villas
601 1901 679 1946 sub
715 1901 837 1946 nobis
876 1914 967 1944 esse
1001 1901 1235 1956 contigerit.
1297 1899 1577 1956 Incongruum
1606 1900 1720 1946 enim
1749 1903 1877 1958 esset,

309 1982 346 2026 si
387 1981 481 2038 quis
511 1993 601 2036 vos,
631 1993 718 2024 non
749 1979 774 2022 a
803 1978 974 2022 civitate
1004 1981 1048 2022 et
1077 1978 1175 2023 sede
1203 1982 1346 2023 vestra
1370 1980 1596 2023 Metemem
1617 1981 1870 2038 episcopm,

310 2062 375 2104 set
403 2058 545 2116 potius
577 2058 603 2102 a
631 2056 885 2101 monasterio
917 2056 1056 2114 aliquo
1087 2070 1162 2101 seu
1189 2056 1344 2114 oppido
1365 2059 1439 2100 aut
1456 2055 1549 2100 vico
1568 2069 1644 2101 vos
1668 2055 1872 2103 Gor-zien-

310 2153 394 2181 eem
416 2122 656 2194 episcopum
677 2137 750 2178 aut
777 2135 989 2178 Vicemem
1009 2134 1254 2192 appellaret.
1375 2133 1465 2178 Hoc
1484 2133 1614 2178 etiam
1641 2147 1722 2179 nec
1736 2146 1873 2180 cano-

310 2228 385 2259 nes
423 2213 635 2270 recipiunt
672 2225 751 2257 nec
786 2211 901 2267 leges
937 2212 1187 2268 admittunt,
1225 2215 1275 2256 ut
1308 2211 1434 2256 rebus
1469 2212 1556 2256 suis
1585 2211 1790 2270 spoliatus
1811 2213 1874 2258 ad

310 2292 514 2337 iudicium
535 2293 721 2345 vocetur,
753 2290 950 2346 quoniam
980 2304 1066 2334 non
1096 2293 1160 2334 est
1187 2289 1469 2347 privilegium,
1499 2303 1582 2346 quo
1610 2290 1747 2348 possit
1775 2304 1872 2348 spo-

310 2370 408 2414 liari
437 2369 525 2413 iam
554 2368 749 2412 nudatus.
811 2367 931 2419 Quod
959 2371 1185 2426 propterea
1214 2367 1410 2424 dicimus,
1450 2367 1549 2424 quia
1576 2367 1690 2412 idem
1719 2367 1878 2413 abbas*

312 2448 358 2492 in
393 2445 590 2505 proxima
624 2445 783 2503 synodo
821 2443 984 2490 vestra⁵
1023 2446 1077 2490 ad
1112 2445 1369 2504 presentiam
1407 2448 1592 2489 vestram
1628 2445 1768 2490 iussus
1807 2449 1873 2491 eet

312 2525 470 2580 venire,
500 2523 840 2568 Hasteriensibus
869 2524 1084 2568 monachis
1115 2524 1167 2568 de
1196 2522 1480 2568 controversia
1509 2523 1595 2567 iam
1624 2523 1764 2581 sopita
1791 2524 1871 2569 ite-

312 2617 408 2648 rum
437 2615 727 2659 responsurus.
775 2600 980 2647 Preterea.
1001 2615 1099 2646 cum
1134 2602 1213 2646 hoc
1243 2601 1390 2646 eodem
1419 2614 1527 2645 anno
1557 2603 1646 2644 tam
1677 2600 1871 2646 abbatem

410 2695 437 2716 a.
466 2685 506 2716 ad
526 2687 658 2726 sequitur
678 2686 708 2714 ἰιι
730 2685 798 2715 cod.

410 2744 443 2780 1.
473 2743 584 2779 immo
616 2741 822 2779 Deoderico
845 2741 864 2778 1
896 2741 1140 2787 (964—984).
1179 2739 1235 2778 Of.
1261 2740 1467 2778 chronicon
1490 2740 1779 2779 Valciodorense
1807 2751 1868 2788 ap.

314 2802 510 2849 D'Achery
542 2801 639 2847 spic.
671 2800 719 2837 11.
751 2801 832 2837 713.
951 2801 985 2837 2.
1023 2801 1093 2837 969
1124 2800 1213 2837 Dec.
1240 2801 1297 2837 16.
1340 2799 1499 2837 Βὸ1111181·
1535 2801 1696 2847 Regesta
1726 2811 1763 2837 n.
1785 2800 1868 2837 363.

315 2863 349 2899 3.
375 2863 392 2898 1
418 2861 647 2906 (929-964).
740 2861 776 2897 4.
801 2860 848 2898 V.
865 2860 1048 2907 Sigeberti
1065 2860 1340 2898 Gemblacensis
1355 2860 1421 2898 vit.
1436 2860 1631 2897 Deoderici
1648 2860 1667 2897 1
1689 2870 1748 2907 ep.
1764 2859 1866 2897 nott.

316 2923 425 2967 (Mon.
444 2921 568 2959 Germ.
583 2920 649 2958 SS.
665 2920 729 2958 IV.
745 2921 843 2964 467).
937 2921 972 2956 5.
997 2919 1088 2957 Nov.
1106 2920 1181 2956 5-
1192 2921 1247 2956 11.
