1924 3288
189 298 281 335 1148

181 349 254 389 Apr.
269 349 288 380 5

197 773 281 804 Iunio

167 2249 267 2305 ‚1149

313 190 402 234 250
813 204 1010 235 wmALm
1037 204 1254 237 EP1sr0LA
1284 205 1353 236 160.

401 295 597 342 Preterea
635 297 924 342 excellentiam
953 303 1137 344 vestram
1165 300 1296 345 latere
1325 300 1540 357 nolumus,
1578 301 1689 358 quod
1716 301 1763 346 111
1789 302 1860 348 lit-

310 374 432 430 teris,
475 389 578 431 quas
615 375 791 420 domnus
829 390 941 435 papa
975 377 1187 434 Eugenius
1225 378 1527 436 depositionem
1560 379 1676 424 illius
1710 378 1860 427 confir—

309 465 429 496 mans
459 453 640 510 scripsit,
673 454 869 499 statuisse
893 455 1135 513 dinoscitur,
1165 459 1225 512 ut,
1257 456 1293 500 si
1322 456 1435 500 idem
1464 456 1690 517 Heinricus
1712 469 1860 516 pacem

307 531 551 574 monasterii
582 530 846 577 Corbeiensis
875 533 1122 591 perturbare
1149 534 1454 592 presumpserit
1483 538 1526 579 et
1553 535 1619 580 bis
1647 535 1860 592 tercioque

308 609 583 652 commonitus
618 623 704 653 non
741 610 983 668 resipuerit,
1021 624 1106 655 non
1142 611 1276 656 solum
1314 612 1374 655 ibi
1410 612 1583 656 ulterius
1613 611 1858 670 prelationis

306 698 389 728 non
418 685 588 730 habebit
617 686 821 744 officium,
853 691 918 732 set
945 701 998 732 ne
1027 690 1294 747 postmodum
1322 689 1382 733 ibi
1411 690 1522 734 inter
1552 689 1739 734 subditos
1767 694 1857 735 ma-

305 766 422 819 neat,
460 763 723 821 prohibuisse
735 764 757 810 ¹.
879 766 983 811 Cum
1014 779 1040 809 a
1069 770 1274 810 conventu
1304 767 1376 811 illo
1407 766 1748 824 malignantium,
1785 768 1858 825 qui

305 841 415 898 apud
438 840 592 886 Giseke
621 845 669 886 ut
698 841 849 901 supra²
879 845 1036 889 dictum
1056 847 1120 888 est
1139 844 1220 888 fuit
1247 844 1429 901 habitus,
1459 847 1752 902 reverteretur,
1781 845 1857 890 ha-

303 918 394 963 buit
429 919 664 977 hospicium
700 934 777 978 pro
815 921 973 966 foribus
1010 921 1253 966 monasterii
1289 922 1334 965 in
1363 922 1486 966 domo
1515 922 1733 967 cuiusdam
1760 922 1858 968 laici

303 996 383 1040 sibi
414 1000 538 1041 antea
576 998 817 1055 familiaris,
856 1000 928 1044 ubi
960 1014 986 1044 a
1023 999 1272 1056 quibusdam
1299 999 1519 1044 iuvenibus
1548 1013 1659 1044 nova
1685 1000 1856 1058 cupien-

301 1074 413 1118 tibus
451 1075 645 1120 visitatus
684 1076 782 1131 fuit3
824 1080 866 1120 et
896 1077 1154 1121 antelucanis
1192 1077 1305 1120 horis
1335 1077 1381 1120 in
1411 1077 1655 1122 aecclesiam
1683 1081 1855 1123 vocatus

302 1155 344 1196 et
379 1152 582 1196 salutatus
619 1153 711 1197 fuit.
741 1153 883 1198 Unde
921 1155 1138 1210 egrediens
1175 1169 1320 1211 mane,
1360 1155 1522 1199 invenit
1559 1156 1772 1213 operarios
1798 1155 1854 1200 -111

299 1243 419 1274 muro
448 1243 652 1274 novarum
673 1231 826 1288 edium,
859 1245 961 1288 quas
983 1233 1141 1288 erigere
1160 1233 1460 1289 inchoavimuS,
1490 1232 1763 1291 hortatusque
1782 1247 1853 1279 eos

300 1308 351 1352 ad
382 1308 567 1352 studium
598 1308 750 1365 operis,
781 1310 988 1366 promisit,
1021 1311 1047 1354 3
1076 1324 1120 1354 se
1150 1311 1243 1367 ipso
1267 1310 1515 1366 condignam
1534 1311 1852 1356 retributionem

299 1388 560 1443 accepturos,
591 1386 730 1443 ipsum
762 1400 924 1443 quoque
955 1388 1231 1431 camerarium
1260 1391 1472 1445 nostrum,
1503 1389 1572 1432 cui
1600 1375 1709 1433 hanc
1737 1388 1852 1433 solli-

297 1463 523 1507 citudinem
561 1463 912 1508 iniuncxeramus.
1033 1464 1173 1509 Verba
1205 1465 1309 1509 haec
1339 1469 1459 1510 erant
1487 1466 1621 1523 inepti
1649 1466 1850 1523 hominis3

297 1543 378 1596 set,
416 1544 464 1584 ut
499 1541 636 1597 scitis,
674 1541 853 1599 populus
895 1542 1033 1599 coepit
1070 1556 1121 1586 ea
1158 1557 1411 1599 exaggerare
1451 1547 1493 1588 et
1530 1543 1765 1601 suspicione
1802 1557 1852 1590 ae

295 1622 409 1662 metu
447 1619 587 1662 omnia
623 1619 821 1676 implere,
863 1620 925 1664 ita
953 1623 1001 1663 ut
1032 1621 1158 1664 etiam
1187 1621 1289 1677 viri,
1331 1634 1434 1678 quos
1464 1621 1636 1665 maioris
1666 1622 1852 1679 oportuit

295 1710 386 1740 esse
423 1696 605 1752 consilii,
646 1697 692 1740 in
730 1695 999 1741 offensionem
1036 1698 1121 1741 sint
1159 1698 1340 1742 adducti.
1392 1697 1474 1742 Pro
1505 1711 1588 1755 qua
1614 1712 1662 1743 re
1693 1712 1850 1743 ammo·

293 1774 459 1818 nuimus
498 1788 593 1818 eum
632 1788 708 1832 per
744 1774 1003 1819 venerabiles
1041 1779 1182 1832 patres
1221 1779 1264 1820 et
1298 1776 1518 1820 coabbates
1547 1779 1734 1832 nostros,
1771 1790 1850 1835 per

294 1852 487 1896 abbatem
507 1852 700 1896 videlicet
720 1852 772 1896 de
791 1849 1089 1909 Renichusen³,
1117 1867 1194 1911 per
1215 1853 1408 1898 abbatem
1429 1854 1480 1898 de
1499 1851 1752 1911 Northeim‘,
1767 1867 1850 1912 ,per

295 1930 487 1975 abbatem
524 1930 575 1974 de
615 1929 766 1974 Sancto
798 1928 1080 1986 Godehardo⁵,
1117 1944 1194 1988 per
1232 1931 1426 1975 abbatem
1465 1931 1517 1975 de
1547 1930 1848 1988 Gravenkirch,

293 2022 368 2066 per
388 2008 580 2052 abbatem
601 2008 652 2052 de
671 2007 873 2065 Flietorp,
903 2021 981 2065 per
1007 2008 1268 2066 prepositum
1295 2009 1346 2052 de
1365 2008 1649 2053 Richenberch
1658 2005 1687 2052 ⁶.
1778 2008 1850 2053 Sic

292 2086 501 2130 firmatam
532 2086 738 2130 credimus
770 2087 1026 2131 sentenciam
1065 2086 1207 2130 domni
1235 2100 1391 2143 papae,
1428 2100 1482 2130 ne
1511 2086 1625 2130 idem
1654 2086 1847 2131 dominus

293 2165 344 2209 de
374 2167 537 2209 caetero
570 2164 625 2208 sit
654 2163 866 2208 habitator
895 2164 962 2208 vel
992 2165 1184 2209 dominus
1215 2163 1478 2208 Corbeiensis
1507 2164 1762 2208 monasterii.

409 2242 536 2299 Haec,
558 2246 680 2300 pater
700 2242 1000 2298 amantissime,
1021 2242 1140 2286 vobis
1162 2241 1343 2286 scribere
1364 2241 1536 2296 dignum
1555 2241 1844 2299 iudicavimus,

290 2319 520 2378 prolixiora
549 2321 746 2376 fortasse,
788 2333 913 2377 quam
952 2319 1103 2363 vestris
1144 2318 1482 2376 occupationibus
1520 2332 1594 2362 seu
1623 2319 1844 2364 valitudini

291 2399 531 2452 conveniat3
564 2401 628 2442 set
659 2412 706 2442 eo
739 2397 876 2441 animo
908 2397 1065 2441 factum
1095 2399 1172 2452 est,
1203 2399 1251 2440 ut
1278 2399 1391 2440 totus
1420 2409 1563 2439 rerum
1594 2397 1695 2441 ordo
1725 2397 1843 2442 vobis

289 2476 454 2534 plenius
485 2476 720 2520 innotescat
750 2478 792 2519 et
821 2478 966 2519 nostra
994 2475 1180 2532 parvitas
1212 2473 1324 2531 apud
1342 2476 1524 2517 vestram
1550 2473 1843 2519 discretionem

289 2555 333 2597 in
372 2567 442 2610 eo,
484 2554 594 2611 quod
632 2553 883 2611 peticionem
911 2556 1094 2596 vestram
1131 2554 1250 2595 tanta
1282 2551 1507 2595 necessitas
1539 2551 1729 2595 exaudiri
1758 2565 1842 2596 non

289 2632 468 2689 patitur,
506 2631 716 2689 placidam
754 2630 1064 2674 excusationem
1094 2629 1292 2673 inveniat.
1412 2627 1530 2679 Quod
1559 2642 1658 2672 vero
1687 2628 1842 2686 plurali

289 2723 461 2753 numero
493 2709 733 2764 scribimus,
772 2722 857 2752 non
886 2708 1002 2752 venit
1037 2721 1089 2751 ex
1120 2706 1297 2751 elatione
1326 2705 1462 2750 cordis
1493 2709 1536 2749 et
1563 2719 1720 2763 pompa
1748 2719 1840 2750 ver-

290 2787 449 2843 borum,
480 2800 614 2844 neque
643 2789 691 2829 ut
722 2799 773 2830 ex
803 2785 965 2829 tumida
994 2784 1176 2828 dictione
1206 2783 1338 2827 oratio
1368 2781 1442 2826 fiat
1472 2784 1651 2827 crassior
1685 2787 1758 2828 aut
1787 2797 1839 2828 ex

385 2892 416 2927 1.
442 2892 488 2928 V.
514 2902 569 2937 ep.
589 2890 636 2927 84
659 2901 769 2936 supra
792 2901 828 2936 p.
849 2890 929 2926 158.
1000 2891 1035 2925 2.
1059 2900 1095 2935 p.
1113 2889 1195 2925 246.
1270 2888 1305 2925 3.
1329 2886 1588 2925 Reinhardum.
1659 2888 1694 2925 4.
1720 2888 1838 2925 Wize—

289 2950 415 2986 linum.
486 2951 519 2988 5.
545 2950 783 2987 Friderieum.
878 2950 913 2985 6.
937 2947 1176 2985 Gerhardum.
