1924 3288
621 211 820 242 wmALm
850 210 1070 242 EPISTOLA
1100 209 1169 240 126.
1601 198 1683 241 201

117 307 276 353 mulam
298 308 410 352 inter
434 306 683 351 Stabulense
708 310 750 351 et
773 307 1024 351 Corbeiense
1048 305 1364 361 monasterium,
1389 303 1457 348 vel
1481 305 1593 362 apud
1614 319 1687 349 vos
1716 309 1807 345 1148

117 387 278 431 licitam
309 389 351 430 et
380 390 516 430 tutam
544 387 806 430 mansionem
826 386 981 430 habere
1002 385 1069 429 vel
1091 399 1168 442 per
1188 383 1501 428 intercessionis
1522 387 1688 428 vestrae
1730 358 1794 389 Oct.

117 465 297 522 gratiam
327 479 567 520 regressum
599 465 651 509 ad
683 479 779 508 suos
803 465 955 508 fratres
979 464 1165 508 obtinere
1198 477 1242 507 se
1272 477 1396 520 posse
1429 462 1686 506 existimant.

234 542 424 599 Longam
460 544 602 600 itaque
644 544 820 587 actionis
859 543 1011 587 seriem
1053 542 1350 600 compendiosa
1386 541 1504 585 vobis
1540 556 1688 585 narra-

116 623 231 667 tione
266 622 512 680 pandemus.
584 621 689 666 Cum
738 621 1026 665 anniversaria
1071 620 1160 664 dies
1202 620 1340 663 obitus
1379 620 1688 677 predecessoris
1714 629 1810 661 0018

115 701 251 746 nostri
288 700 451 745 abbatis
482 698 695 744 Heinrici¹
726 714 751 743 a
779 700 901 743 nobis
934 699 1135 743 Corbeiae
1172 699 1401 742 christiano
1433 712 1550 743 more
1581 699 1688 744 cele-

118 775 345 835 braretur²,
376 782 462 823 tres
495 793 547 822 ex
577 779 796 822 iuvenibus
827 778 1029 822 fratribus
1060 778 1216 821 nostris
1250 792 1275 820 a
1306 780 1514 821 conventu
1544 781 1687 822 nostro

118 861 160 902 et
198 857 407 913 exequiis,
447 870 549 914 quas
588 857 782 901 defuncto
823 857 965 901 abbati
1001 856 1370 914 impendebamus,
1410 870 1502 899 sese
1534 870 1586 900 ex
1617 857 1688 901 de-

115 935 363 980 liberatione
402 939 444 979 et
481 935 672 979 condicto
713 935 1014 979 subduxerunt.
1073 934 1325 989 Interrogati
1364 948 1389 978 a
1426 935 1569 991 nobis,
1615 950 1689 980 our

116 1015 178 1058 ita
206 1014 418 1070 fecissent,
449 1014 771 1071 responderunt,
804 1028 848 1057 se
879 1017 969 1057 tute
999 1027 1085 1056 non
1114 1027 1238 1070 posse
1271 1027 1391 1056 orare
1421 1027 1499 1070 pro
1523 1028 1689 1059 excom-

116 1093 349 1149 municato,
390 1094 507 1136 cuius
545 1092 725 1136 cadaver
764 1095 910 1136 contra
947 1092 1191 1135 canonicam
1228 1092 1441 1135 iusticiam
1474 1096 1584 1136 esset
1613 1093 1690 1136 hu-

117 1175 278 1215 matum
324 1172 438 1215 intra
486 1171 742 1215 aecclesiam.
812 1170 1077 1223 Quesivimus
1117 1185 1143 1214 a
1179 1170 1352 1227 reliquis
1392 1171 1592 1215 fratribus
1632 1197 1688 1203 —

117 1263 261 1294 omnes
308 1250 421 1294 enim
464 1250 660 1306 aderant,
708 1263 828 1293 senes
869 1263 964 1293 cum
1007 1249 1242 1292 iunioribus
1281 1274 1336 1278 —
1377 1263 1431 1292 an
1470 1249 1567 1293 huic
1603 1264 1690 1294 ser-

117 1329 231 1372 moni
271 1342 488 1372 assensum
525 1328 775 1385 preberent?
835 1328 1043 1383 Negatum
1086 1330 1150 1370 est
1190 1327 1241 1370 ab
1278 1327 1491 1384 omnibus,
1531 1328 1616 1372 tale
1649 1333 1690 1373 et

117 1410 206 1450 tam
242 1407 480 1450 inauditum
510 1407 686 1450 verbum
717 1421 769 1450 ex
800 1421 877 1451 sua
907 1406 1145 1450 coniventia
1175 1407 1450 1463 processisse,
1490 1408 1689 1464 precipue

118 1499 214 1529 cum
243 1485 357 1528 idem
387 1485 515 1529 abbas
546 1485 783 1541 Heinricus,
817 1498 940 1541 quem
971 1498 1187 1541 nunquam
1217 1485 1347 1528 fuisse
1380 1485 1574 1529 abbatem
1603 1489 1688 1530 tres

116 1563 180 1607 illi
209 1564 435 1607 temeraria
463 1565 779 1621 presumptione
812 1562 1092 1619 affirmabant,
1128 1577 1408 1620 nequaquam,
1441 1564 1541 1607 dum
1573 1565 1689 1609 advi-

116 1642 345 1698 170101,ᾶο
376 1643 551 1686 crimine
584 1642 721 1699 aliquo
752 1642 902 1685 fuisset
932 1642 1146 1685 convictus
1178 1642 1245 1685 vel
1275 1643 1509 1699 confessus,
1543 1647 1607 1687 set
1635 1658 1689 1688 ne

117 1720 308 1778 pulsatus
340 1721 509 1777 quidem
541 1721 685 1764 ordine
715 1721 948 1764 iudiciario.
996 1720 1216 1776 Rogabant
1247 1734 1403 1777 omnes,
1436 1724 1484 1764 ut
1515 1722 1580 1765 sui
1609 1723 1689 1766 mi-

119 1813 364 1843 sereremur.
396 1799 532 1842 Erant
553 1800 665 1843 enim
685 1800 912 1856 perniciosi
931 1799 994 1842 illi
1015 1802 1102 1843 tres
1123 1799 1169 1842 in
1189 1800 1509 1855 congregatione
1532 1801 1688 1845 discor-

119 1878 205 1934 des,
239 1877 351 1933 elati,
377 1881 419 1921 et
441 1878 493 1921 ad
515 1891 682 1920 omnem
703 1877 861 1921 ordinis
882 1877 1050 1921 ruinam
1071 1881 1113 1921 et
1133 1878 1401 1922 claustralem
1422 1878 1689 1936 disciplinam

119 1957 414 2001 destruendam
447 1956 644 1999 audacter
683 1956 1010 2013 promptissimi,
1045 1960 1086 1999 et
1124 1971 1175 2000 ex
1212 1957 1336 2011 longo
1375 1961 1564 2014 tempore
1601 1958 1688 2002 iam

118 2040 290 2093 propter
313 2035 470 2079 bonum
490 2034 620 2091 pacis,
651 2034 879 2078 multorum
899 2035 1154 2078 reclamante
1175 2035 1362 2091 consilio,
1393 2035 1689 2091 longanimiter

120 2128 146 2158 a
181 2114 301 2158 nobis
333 2113 512 2157 tolerati.
577 2112 779 2156 Conversi
810 2113 937 2156 etiam
968 2126 1080 2165 nunc
1111 2113 1163 2156 ad
1194 2114 1442 2170 patientiam
1475 2117 1517 2157 et
1546 2118 1687 2171 pater-

118 2206 220 2236 num
250 2192 470 2235 induentes
504 2191 703 2247 animum,
737 2192 948 2248 coepimus
981 2205 1051 2235 eos
1082 2194 1299 2235 mansuete
1325 2195 1367 2235 et
1386 2192 1592 2236 instanter
1614 2193 1687 2236 ad—

119 2284 310 2326 monere,
350 2284 402 2314 ne
444 2269 707 2314 ambularent
736 2270 782 2313 in
812 2270 976 2325 magnis
1009 2273 1050 2313 et
1080 2270 1125 2312 in
1154 2270 1416 2314 mirabilibus
1448 2284 1574 2327 super
1604 2268 1685 2327 se³,

121 2349 377 2405 deponerent
413 2349 509 2392 odia
538 2351 780 2403 veternosa,
822 2362 901 2404 que
931 2348 976 2391 in
1008 2351 1225 2391 aeternum
1253 2348 1427 2391 trahunt
1454 2349 1685 2406 interitum,

121 2430 331 2470 cessarent
361 2428 555 2484 persequi
587 2427 747 2471 cineres
772 2426 928 2469 mortui
947 2426 1142 2481 hominis,
1174 2427 1423 2470 desisterent
1444 2427 1685 2471 scandalum

119 2505 256 2548 facere
286 2505 406 2549 nobis
446 2509 487 2549 et
516 2505 717 2549 fratribus
749 2504 848 2547 31113.
911 2505 1143 2548 Invenimus
1183 2505 1355 2561 inquam
1395 2507 1460 2549 hic
1499 2508 1612 2550 electi
1649 2516 1687 2566 ες

119 2585 254 2626 vocati
284 2600 333 2627 ac
363 2586 500 2627 venire
532 2601 582 2628 ex
614 2585 842 2627 obedientia
862 2584 973 2636 iussi,
1007 2584 1245 2626 aecclesiam
1264 2584 1372 2626 lzanc
1392 2586 1543 2642 absque
1562 2586 1685 2628 ullius

121 2662 439 2705 contradictione
478 2663 618 2706 divina
656 2663 923 2705 celebrantem
962 2660 1128 2720 offlcia;
1168 2669 1206 2703 et
1242 2663 1327 2703 iam
1351 2678 1432 2719 per
1462 2664 1682 2718 biennium,

123 2756 173 2782 ex
204 2756 283 2798 quo
315 2741 382 2783 ille
411 2743 496 2783 vita
520 2737 721 2794 decessiffi,
754 2740 890 2782 nullas
912 2755 938 2781 a
951 2740 1128 2796 prelatis
1158 2741 1305 2782 nostris
1329 2742 1559 2797 accepimus
1580 2742 1682 2785 litte-

121 2834 192 2860 ras
221 2819 286 2860 vel
311 2820 529 2873 mandata,
568 2820 613 2861 in
644 2820 789 2876 quibus
819 2818 870 2860 de
902 2818 1317 2868 excommunicatione
1340 2833 1546 2875 personae
1574 2820 1684 2863 illius

122 2897 186 2939 vel
222 2897 272 2939 de
308 2897 498 2939 eiectione
529 2897 713 2954 corporis
742 2897 872 2953 ipsius
902 2896 1184 2937 contineretur.
1245 2895 1451 2938 Dominus
1480 2898 1524 2939 in
1556 2913 1681 2941 euan-

219 2983 250 3019 1.
274 2983 322 3019 ΙΙ.
419 2985 451 3019 2.
480 2983 572 3019 1148
595 2983 675 3020 001.
693 2984 727 3019 8.
825 2983 857 3018 3.
884 2983 945 3018 ΡΒ.
964 2982 1044 3027 130,
1063 2983 1093 3017 1.
1190 2982 1223 3018 4.
1252 2982 1343 3018 1146
1368 2982 1446 3020 001.
1465 2984 1499 3020 8.
