1924 3288
591 166 791 197 wmALm
819 164 1040 197 nmsrom
1071 166 1142 196 882.
1559 154 1647 197 463

79 260 194 305 mine
226 260 408 304 fruimur
437 264 480 305 et
508 260 632 304 unius
665 260 934 318 eiusdemque
963 261 1133 318 patroni
1163 260 1463 305 intercessione
1493 260 1647 316 gloria·
1674 262 1764 299 1151

79 351 195 395 mur,
230 338 427 383 videlicet
455 338 568 383 beati
598 337 687 382 Viti
716 339 935 396 martyris3
975 338 1093 382 cuius
1124 352 1223 394 nos,
1264 339 1454 396 quamvis
1484 338 1649 394 indigni

79 415 169 461 Deo
197 419 342 460 tamen
372 417 434 460 sic
463 416 703 472 ordinante,
735 417 883 460 vicarii
914 416 1155 472 existimus,
1188 417 1306 461 cuius
1336 420 1385 461 ut
1412 417 1648 474 patrocinio

79 493 344 539 sublevemur
376 498 418 539 et
446 493 573 538 fidem
594 507 778 550 congrua
799 495 1018 539 devotione
1041 498 1262 551 sectemur,
1295 494 1648 539 confidentissime

79 575 361 629 expectamus.
403 571 680 630 Quapropter,
709 573 862 616 fratres
884 573 1112 629 karissimi,
1136 587 1302 617 omnem
1321 573 1456 617 nostri
1476 571 1648 617 affectus

77 649 303 694 karitatem
323 652 488 694 vestrae
518 650 775 694 fraternitati
806 650 1053 708 exponimus
1086 654 1140 707 et,
1171 655 1220 695 ut
1250 651 1302 695 de
1324 651 1459 695 nostri
1484 650 1650 695 consilii

78 730 121 771 et
150 727 299 771 auxilii
329 727 534 771 adiutorio
567 728 817 772 omnimodis
849 727 1081 785 confidatis,
1113 732 1313 786 prompta
1342 729 1473 773 animi
1503 728 1649 773 volun-

76 807 164 849 tate
194 804 422 861 offerimus,
454 805 615 862 scituri,
648 807 759 863 quod
789 807 835 850 111
865 808 1039 863 cunctis,
1072 807 1222 864 quibus
1256 808 1483 851 secundum
1510 807 1649 851 Deum

76 882 322 940 poterimus,
354 884 632 940 oportunitati
655 887 843 928 vestraeu
873 899 950 942 pro
981 888 1128 929 nostra
1158 885 1358 929 facultate
1389 886 1646 929 assistemus.

76 959 142 1005 De
171 974 220 1005 eo
252 964 394 1005 autem
412 962 555 1018 verbo,
588 975 669 1019 quo
700 965 789 1006 tam
818 976 894 1006 nos
926 976 1053 1019 quam
1073 977 1217 1007 omnes
1238 963 1469 1008 catholicae
1491 963 1648 1008 aeccle-

74 1039 164 1082 ‘siae
183 1037 291 1082 filios
310 1038 625 1096 interpellastis,
648 1044 862 1096 gementes
884 1044 925 1084 et
945 1041 1156 1098 supplices
1177 1041 1501 1099 respondemus:
1537 1042 1647 1099 quod

76 1115 153 1160 filii
182 1117 331 1160 matris
360 1120 530 1162 nostrae
559 1122 750 1175 pugnant
780 1119 1002 1163 adversum
1022 1133 1112 1163 nos,
1153 1119 1212 1163 Et
1230 1120 1386 1163 mirum
1418 1123 1542 1177 atque
1567 1121 1646 1164 mi-

75 1194 208 1238 rabile
240 1208 330 1239 esse
359 1199 501 1252 potest
529 1196 609 1240 toti
638 1197 808 1253 mundo,
841 1197 908 1242 0111
929 1197 995 1241 vel
1020 1198 1169 1254 quibus
1194 1198 1494 1242 ministeriales
1516 1199 1647 1243 vestri

75 1273 330 1330 respondere
367 1273 567 1329 habeant,
607 1275 643 1318 si
673 1275 811 1331 vobis,
851 1275 1000 1331 quibus
1038 1275 1280 1320 ministrare
1311 1277 1470 1320 servire
1501 1280 1543 1321 et
1574 1277 1647 1321 ob-

75 1353 312 1408 temperare
343 1350 517 1408 debent,
556 1366 640 1396 non
671 1352 946 1410 respondent3
987 1366 1083 1396 cum
1113 1356 1269 1410 totum,
1309 1354 1421 1411 quod
1452 1358 1550 1398 sunt
1579 1354 1648 1399 vel

77 1442 168 1472 esse
197 1433 387 1486 possunt,
418 1434 607 1475 vestrum
637 1431 705 1486 sit,
738 1434 780 1474 et
808 1431 963 1474 tamin
987 1445 1133 1475 eorum
1162 1445 1365 1489 personas
1398 1446 1525 1490 quam
1549 1432 1647 1476 sub-

76 1506 254 1551 stantias
283 1511 470 1565 potestas
500 1512 589 1553 tam
609 1509 770 1565 legibus
792 1523 916 1566 quam
938 1510 1167 1553 canonibus
1187 1510 1306 1554 vobis
1329 1514 1371 1554 et
1391 1511 1646 1555 monasterio

76 1587 216 1629 vestro
247 1586 449 1630 attributa
479 1587 547 1630 sit.
595 1587 641 1631 Si
672 1587 724 1631 de
745 1601 872 1631 causa
892 1586 1088 1645 capitalib
1121 1590 1163 1631 et
1191 1589 1478 1646 peremptoria
1497 1589 1564 1633 vel
1595 1589 1647 1633 de

76 1663 353 1720 possessionis
382 1664 506 1708 titulo
530 1668 736 1721 ageretur,
768 1665 982 1709 advocatis
1001 1665 1147 1722 utique
1167 1666 1425 1711 secularibus
1444 1670 1647 1724 tanquam

75 1740 121 1784 in
142 1754 268 1785 causa
288 1742 467 1786 seculari
488 1756 592 1799 opus
612 1742 844 1797 haberetis,
870 1757 1016 1786 verum
1038 1757 1134 1787 cum
1155 1744 1206 1788 de
1227 1744 1396 1801 iniuria,
1421 1745 1472 1789 de
1492 1745 1646 1789 damno

75 1818 194 1863 illato
226 1819 386 1875 agitur,
423 1833 509 1863 non
539 1820 674 1863 solum
704 1820 785 1876 hii,
824 1820 894 1876 qui
925 1821 1016 1864 iure
1045 1822 1326 1879 proprietario
1356 1826 1496 1867 vestro
1527 1836 1646 1867 mon·

78 1897 231 1941 asterio
268 1898 502 1955 pertinent,
540 1901 604 1942 set
641 1898 768 1942 etiam
807 1911 929 1942 omne
959 1898 1175 1942 hominum
1207 1913 1359 1957 genus,
1398 1904 1447 1944 ut
1475 1904 1645 1945 nostrae

77 1975 247 2032 quidem
275 1976 498 2032 parvitatis
527 1976 611 2020 fert
641 1976 862 2032 sententia,
898 1977 1152 2034 respondere
1183 1981 1226 2022 et
1255 1978 1497 2023 satisfacere
1526 1979 1645 2023 vobis

76 2053 197 2097 iuxta
225 2052 367 2109 legum
396 2054 611 2098 tramitem
640 2068 726 2098 non
754 2057 899 2111 posset
928 2055 1226 2100 contradicere.
1273 2056 1321 2100 In
1352 2070 1435 2114 qua
1452 2071 1645 2114 presum-

76 2130 191 2175 tione
226 2134 462 2175 vestrorum
507 2132 848 2176 ministerialium
894 2132 1036 2177 dilecti
1079 2133 1302 2178 confratris
1351 2138 1393 2179 et
1429 2135 1643 2179 coabbatis

77 2209 213 2252 nostri
242 2209 452 2267 culpanda
482 2213 559 2266 est,
590 2213 638 2254 ut
667 2223 771 2267 pace
798 2210 935 2268 ipsius
966 2211 1167 2267 dicamus,
1198 2212 1432 2268 vigilantia,
1465 2213 1536 2270 qui
1558 2227 1643 2257 non

79 2287 267 2331 ascendit
306 2302 359 2332 ex
397 2288 572 2332 adverso
602 2302 680 2333 nec
709 2288 886 2346 opponit
914 2302 1082 2332 murum
1112 2303 1190 2346 pro
1221 2290 1344 2333 domo
1377 2288 1542 2347 IsraeI',
1581 2294 1646 2335 set

78 2365 298 2422 permittit,
329 2369 378 2409 ut
406 2366 532 2421 vulgo
563 2365 730 2421 dicitur,
762 2366 945 2410 scabella
974 2367 1019 2410 in
1050 2379 1222 2410 scamna
1253 2368 1489 2412 ascendere.
1547 2368 1643 2412 Otio

79 2443 191 2487 enim
212 2446 376 2499 vacant,
399 2447 441 2487 et
464 2443 559 2487 ideo
579 2441 904 2498 vociferantur²;
938 2447 980 2488 et
999 2444 1146 2488 volunt
1165 2448 1344 2489 matrem
1367 2449 1409 2489 et
1430 2446 1644 2489 dominam

79 2534 199 2564 suam
235 2521 411 2581 pedibus
450 2521 495 2565 in
532 2520 620 2564 luto
660 2520 923 2575 conculcare3
963 2524 1006 2565 et
1042 2535 1138 2565 cum
1174 2522 1226 2566 de
1261 2522 1386 2566 rebus
1418 2522 1644 2567 aecclesiae

80 2598 266 2654 alantur,
305 2599 565 2656 inpinguati,
596 2598 840 2654 incrassati,
872 2598 1038 2642 dilatati
1067 2599 1347 2643 recalcitrant.
1410 2600 1475 2645 De
1506 2604 1643 2645 cetero

80 2676 131 2720 de
167 2677 323 2720 nostris
362 2676 620 2721 orationibus
661 2678 703 2719 et
731 2676 880 2719 intimo
911 2676 1082 2720 servitio
1112 2676 1342 2734 plurimum
1371 2680 1461 2721 tam
1491 2677 1534 2720 in
1565 2677 1645 2721 hac

80 2767 206 2810 quam
235 2754 281 2797 in
311 2755 426 2797 omni
456 2767 583 2798 causa
611 2752 818 2797 confidere
849 2754 1021 2798 debetis.

176 2840 203 2862 a.
231 2833 349 2862 vestrae
373 2832 494 2862 addidi.
576 2831 607 2861 b.
629 2830 754 2870 capituli
775 2843 802 2861 c.

179 2890 210 2925 1.
234 2888 369 2926 Ezech.
390 2890 444 2934 13,
461 2890 496 2925 5.
593 2890 628 2925 2.
653 2888 770 2925 Exod.
788 2889 821 2934 5,
838 2889 871 2925 8.
