1924 3288
315 162 404 206 436
764 174 960 205 wmALm
989 173 1237 206 EPISTOLAE
1265 174 1335 204 306
1358 174 1430 204 30⁷.

103 321 127 352 0
129 272 297 353 t115?Mc
315 269 466 325 gimus,
497 272 545 312 ut
573 268 761 326 predicto
791 269 1070 325 E(verhardo)
1100 269 1354 327 presbitero,
1387 269 1459 326 qui
1487 269 1576 314 iam
1605 268 1679 314 diu
1707 271 1875 335 aposto-

290 345 420 392 lieae
449 347 783 391 mansuetudinis
803 361 925 392 aures
946 347 1102 392 crebris
1123 347 1374 392 clamoribus
1395 347 1606 404 fatigavit,
1632 347 1875 397 canonican

314 425 524 469 iusticiam
562 425 614 470 de
643 425 729 482 his,
768 426 841 483 qui
871 426 981 470 bona
1017 439 1094 469 sua
1122 425 1327 470 violenter
1355 426 1620 482 invaserunt,
1657 425 1761 470 sine
1775 438 1875 483 pro-

314 502 476 547 lixioris
507 517 650 547 morae
677 503 890 548 obstaculo
921 503 1100 560 faciatis,
1131 507 1222 548 tum
1245 517 1322 561 pro
1351 503 1495 548 domni
1514 516 1664 562 papae,
1694 502 1768 560 qui
1795 502 1876 547 hoc

314 585 479 626 vestrae
510 582 754 626 discretioni
792 584 835 626 et
864 582 962 626 viva
989 595 1090 626 voce
1129 585 1171 626 et
1207 582 1342 626 literis
1380 582 1587 638 iniunxit,
1625 580 1873 637 reverentia,

314 663 406 703 tum
443 673 521 717 pro
557 663 726 704 nostrae
763 660 980 718 petitionis
1019 660 1279 716 interventu,
1322 661 1394 717 qui
1431 660 1554 705 vobis
1588 659 1667 704 hoc
1694 671 1806 704 vera
1832 661 1875 702 et

314 737 463 781 humili
491 736 574 782 fide
604 738 859 782 consulimus
890 741 933 783 et
953 752 1005 783 ex
1025 737 1232 796 promisso
1252 741 1392 782 vestro
1412 751 1490 796 per
1507 737 1654 783 literas
1672 739 1875 794 tanquam

314 815 502 860 debitum
531 816 803 874 reposcimus.
1854 835 1857 839 ⁴

318 957 434 1004 307.
460 959 671 1004 Wibaldus
691 960 887 1004 Heinrico
921 960 1228 1018 archiepiscopo
1249 960 1493 1018 Moyuntino
1514 961 1654 1004 scribit
1681 960 1733 1003 de
1751 925 1874 1004 Folo-

461 1039 562 1081 wim'
592 1039 643 1082 de
674 1037 930 1096 Sualenbery
959 1039 1220 1082 matrimonio
1254 1038 1493 1081 dirimendo.
1658 1035 1731 1091 (Μ.
1754 1034 1873 1092 287.)

90 1133 182 1169 1150
198 1145 244 1165 ex.
265 1152 296 1155 —
431 1126 674 1172 Reverendo
690 1127 805 1185 patri
825 1141 898 1171 suo
922 1130 964 1171 et
985 1127 1152 1171 domino
1167 1126 1398 1182 H(einrico)
1421 1129 1589 1172 sanetae
1604 1125 1874 1183 Mogontinae

89 1181 179 1217 1151
196 1183 237 1213 in·
314 1203 538 1249 aecclesiae
574 1205 805 1250 venerabili
843 1205 1156 1263 archiepiscopo
1191 1205 1443 1260 W(ibaldus)
1482 1204 1563 1249 Dei
1599 1204 1737 1261 gratia
1772 1203 1874 1249 Gor-

313 1282 493 1327 beiensis
518 1283 743 1328 aecclesiae
759 1297 904 1328 servus
922 1284 1116 1339 exiguas³
1133 1283 1341 1327 orationes
1366 1286 1408 1327 et
1429 1282 1625 1337 devotum
1641 1280 1871 1327 servitium·

429 1359 650 1406 Referente
686 1362 838 1406 domno
869 1361 1056 1406 Folwino
1096 1362 1147 1406 de
1185 1360 1443 1417 Sualenberg
1479 1361 1722 1417 didicimus,
1761 1359 1873 1418 quod

311 1440 430 1484 iuxta
461 1440 732 1485 sacerdotalis
764 1439 891 1484 officii
921 1440 1170 1496 dignitatem
1200 1453 1300 1494 erga
1329 1439 1471 1497 ipsum
1507 1442 1551 1483 et
1578 1451 1754 1483 uxorem
1782 1438 1873 1483 eius

311 1518 501 1562 districte
530 1518 743 1562 iusticiam
775 1518 1020 1562 custodiatis
1053 1522 1107 1574 et,
1137 1517 1285 1562 relicta
1304 1518 1442 1561 carnis
1468 1520 1510 1561 et
1530 1517 1747 1574 sanguinis
1766 1516 1874 1561 cni·-

310 1599 411 1652 tate,
444 1597 653 1653 spiritum,
687 1596 760 1653 qui
779 1596 988 1640 libertatis
1014 1599 1078 1641 est
1099 1599 1243 1640 auctor
1263 1599 1306 1639 et
1324 1598 1592 1653 propagator,
1625 1594 1870 1653 sequamini.

311 1673 430 1718 Unde
462 1678 504 1719 et
535 1688 612 1718 nos
650 1674 782 1730 glorie
812 1677 950 1718 vestre
986 1674 1216 1732 plurimum
1252 1674 1300 1717 in
1329 1673 1511 1717 Domino
1549 1673 1871 1730 congaudemus,

312 1753 468 1810 quippe
499 1753 571 1810 qui
601 1753 647 1796 in
675 1751 755 1796 hac
785 1765 912 1796 causa
941 1752 1071 1796 nichil
1101 1752 1216 1796 aliud
1246 1765 1373 1809 quam
1392 1752 1614 1796 veritatem
1644 1751 1870 1808 querimus,

311 1831 441 1875 nichil
479 1831 593 1875 aliud
631 1844 758 1888 quam
787 1831 1009 1874 veritatem
1046 1830 1281 1886 diligimus,
1321 1833 1364 1874 et
1393 1830 1430 1873 si
1468 1843 1570 1886 quos
1609 1827 1871 1886 offendimus,

311 1912 484 1967 propter
514 1909 737 1953 veritatem
767 1908 1029 1952 offendimus.
1077 1908 1273 1952 Testatur
1299 1907 1506 1964 siquidem
1525 1907 1738 1965 predictus
1756 1905 1791 1953 F
1793 1906 1872 1964 (01⁴-

312 1987 479 2043 winus),
512 1988 638 2044 quod,
671 1990 896 2044 antequam
927 1986 1102 2031 eandem
1132 1999 1307 2030 uxorem
1337 1999 1456 2030 suam
1486 1985 1815 2043 desponsaverit,
1842 1985 1873 2030 a

311 2065 560 2122 quibusdam
589 2079 668 2123 pro
699 2067 812 2109 certo
844 2068 1105 2122 compertum
1142 2063 1355 2120 habuerit,
1395 2063 1506 2120 quod
1539 2063 1686 2108 morbo
1714 2063 1871 2108 caduco

309 2142 538 2198 laboraret3
579 2145 621 2187 et
659 2142 887 2186 multorum
925 2156 973 2187 ac
1010 2142 1303 2198 religiosorum
1332 2141 1520 2185 virorum
1556 2141 1796 2186 testimonio
1825 2153 1871 2186 se

310 2220 488 2278 probare
518 2234 642 2278 posse
674 2220 836 2277 asserit,
869 2221 979 2277 quod
1007 2234 1100 2265 eam
1121 2220 1201 2264 sibi
1221 2218 1418 2277 copulare
1436 2218 1579 2275 nollet,
1610 2219 1648 2264 si
1666 2218 1872 2265 veraciter

310 2298 387 2342 tali
415 2297 660 2342 infirmitate
692 2298 963 2354 detineretur,
995 2301 1037 2343 et
1065 2298 1143 2341 hoe
1173 2297 1418 2355 parentibus
1439 2295 1576 2354 puelle
1598 2296 1742 2354 palam
1760 2296 1873 2341 indi-2

310 2376 479 2421 caverit.
534 2376 663 2420 Novit
700 2379 839 2420 autem
877 2376 1055 2420 eruditio
1086 2378 1240 2431 vestra,
1273 2374 1396 2431 quod,
1428 2387 1523 2418 cum
1553 2374 1598 2418 in
1627 2374 1743 2418 omni
1771 2386 1871 2418 con-

310 2458 448 2499 tractu
484 2454 600 2498 fraus
641 2457 683 2498 et
720 2453 839 2497 dolus
880 2454 1026 2498 abesse
1062 2453 1233 2509 debeat,
1271 2452 1468 2510 precipue
1505 2453 1551 2496 in
1586 2451 1869 2508 contrahendo

310 2533 592 2588 matrimonio,
613 2531 686 2575 ubi
706 2530 807 2576 fides
829 2536 871 2576 et
893 2535 1202 2577 sacramentum
1223 2533 1447 2587 spectatur,
1464 2530 1620 2574 nullius
1641 2529 1726 2574 doli
1746 2529 1870 2574 debet

311 2625 402 2656 esse
433 2610 650 2668 subposita
687 2609 942 2653 commixtio.
990 2609 1108 2661 Quod
1140 2609 1176 2653 si
1212 2609 1273 2652 ita
1312 2611 1396 2662 est,
1436 2607 1552 2651 nulla
1588 2606 1735 2662 regula
1769 2618 1869 2650 con—

312 2689 463 2745 stringi
492 2690 633 2746 potest
663 2687 718 2731 ad
747 2688 1006 2743 sequendum
1035 2687 1093 2743 id,
1125 2686 1237 2743 quod
1266 2698 1343 2729 nec
1371 2685 1552 2729 intendit
1581 2698 1678 2729 cum
1697 2684 1866 2740 faceret,

313 2780 390 2812 nec
409 2766 543 2811 voluit
563 2779 658 2810 cum
678 2765 863 2809 sentiret.
914 2764 1071 2809 Scienti
1094 2764 1229 2820 legem
1247 2762 1457 2820 loquimur
1478 2766 1520 2807 et
1538 2775 1623 2806 non
1642 2761 1865 2818 ignoranti,

311 2845 389 2890 sub
420 2858 501 2903 quo
532 2844 676 2903 lapsus
707 2841 893 2902 periculo
924 2845 966 2887 et
995 2842 1127 2887 laicus
1158 2845 1200 2887 et
1228 2840 1390 2886 iuvenis
1419 2840 1506 2885 iam
1525 2839 1649 2896 longo
1678 2843 1867 2898 tempore

407 2950 434 2972 a.
464 2941 567 2979 eiguas
589 2952 615 2971 c.
