1924 3288
526 192 725 224 wmALm
754 191 1002 224 EPISTOLAE
1033 190 1072 222 75
1085 190 1171 221 -77.
1550 178 1633 223 151

70 290 180 337 Huic
207 289 339 346 igitur
367 289 527 333 homini
557 288 728 332 habenti
760 287 899 343 zelum
921 287 1002 331 Dei
1032 290 1234 343 tanquam
1264 287 1360 344 pius
1392 290 1434 331 et
1454 286 1634 331 clemens
1673 290 1764 326 1147

69 372 191 429 pater
229 367 414 413 assistite
452 371 494 411 et
529 367 716 422 labores,
757 380 860 423 quos
898 366 998 410 fecit
1036 365 1081 409 in
1122 365 1323 409 aecclesia
1351 364 1453 421 Dei⁷
1493 368 1636 409 vestra
1658 348 1684 370 ‘³'
1701 340 1776 370 Dm

70 446 318 492 auctoritate
348 446 634 499 corroborate3
666 445 744 488 hoc
769 444 917 501 procul
938 444 1064 488 dubio
1086 444 1279 500 scientes,
1311 443 1422 500 quod
1442 443 1633 499 mutatio,

69 539 176 583 quae
205 525 251 569 in
281 524 444 583 prefato
475 524 729 567 monasterio
760 522 873 565 facta
903 526 979 577 est,
1013 522 1205 566 omnibus
1235 522 1443 579 religiosis
1464 525 1633 565 nostrae

67 607 206 649 terrae
237 616 286 647 ac
314 602 560 646 timentibus
591 601 729 645 Deum
759 600 917 658 placet,
949 600 1015 644 his
1048 604 1201 657 autem,
1235 601 1306 658 qui
1336 601 1494 645 ibidem
1525 600 1632 645 exti-

66 684 220 738 terant,
252 694 379 725 causa
407 679 733 735 irreligiositatis
765 678 972 735 displicet.

71 824 152 872 76.
183 825 399 883 Euqenias
417 823 492 868 HI
508 839 627 882 papa
660 824 919 867 Corbeienses
953 823 1161 877 hortatur,
1201 830 1248 865 ut
1275 822 1463 866 Wibaldo
1496 823 1636 866 abbati

186 904 379 947 obediant
409 910 448 946 et
475 904 519 945 in
550 902 846 960 recuperandis
877 902 1063 944 coenobii
1093 901 1208 944 bonis
1238 902 1375 943 assint.
1447 899 1519 954 (M.
1541 899 1632 954 52.)

185 991 400 1049 Eugenius
431 992 652 1050 episcopus
685 1004 830 1035 servus
861 1004 1079 1034 servorum
1105 989 1186 1033 Dei
1217 989 1380 1033 dilectis
1410 989 1509 1033 filiis
1531 989 1632 1034 Cor·
1671 996 1762 1032 1148

66 1071 305 1117 beiensibus
335 1070 551 1114 monachis
583 1069 762 1113 salutem
794 1072 835 1113 et
866 1068 1140 1126 apostolicam
1172 1068 1517 1112 benedictionem.
1657 1055 1682 1077 θ’
1701 1046 1786 1077 Febr'

185 1149 392 1194 Memores
423 1162 589 1204 sumus,
625 1148 735 1205 quod
764 1161 842 1206 per
872 1146 957 1191 alia
986 1147 1105 1191 vobis
1137 1147 1295 1204 scripta
1324 1147 1631 1203 mandavimus,

66 1232 115 1273 ut
143 1227 295 1273 dilecto
325 1226 411 1271 filio
442 1230 586 1271 nostro
609 1225 802 1271 Wibaldo
834 1229 1035 1283 tanquam
1067 1225 1210 1269 abbati
1233 1227 1373 1268 vestro
1395 1225 1632 1269 humilitate

67 1307 210 1351 debita
243 1306 462 1364 pareretis.
516 1305 648 1357 Quem
685 1305 851 1362 utique,
889 1317 1025 1361 nuper
1064 1304 1118 1347 ad
1152 1317 1229 1347 nos
1259 1303 1518 1359 venientem,
1556 1318 1631 1361 pa-

66 1388 188 1430 terna
216 1385 474 1441 benignitate
504 1384 761 1441 recepimus,
794 1386 836 1427 et
865 1383 911 1426 in
940 1382 1021 1438 his,
1054 1395 1161 1439 quae
1192 1382 1246 1425 ad
1275 1383 1556 1439 reparandam
1586 1383 1631 1425 in

65 1464 319 1508 monasterio
351 1467 490 1507 vestro
528 1462 775 1518 religionem
812 1461 1028 1519 pertinent
1065 1464 1189 1517 atque
1226 1461 1496 1517 servandam,
1536 1461 1631 1504 dili-

66 1543 182 1598 genti
229 1556 324 1586 eum
367 1541 505 1586 studio
552 1540 897 1585 commonuimus.
957 1539 1101 1597 Ipsum
1146 1539 1289 1596 itaque
1334 1539 1387 1583 ad
1423 1553 1498 1583 vos
1536 1553 1631 1583 cum

65 1621 204 1676 gratia
234 1620 345 1665 sedis
377 1619 631 1677 apostolicae
662 1621 705 1662 et
732 1621 974 1662 nostrarum
1004 1618 1242 1662 litterarum
1268 1618 1631 1675 prosecutionibus

64 1699 348 1754 remittentes,
384 1698 651 1742 universitati
682 1700 848 1741 vestrae
878 1696 1127 1739 mandamus
1158 1710 1375 1740 monemus
1408 1700 1450 1740 et
1482 1697 1631 1741 exhor-

65 1779 205 1820 tamur
234 1776 280 1819 in
302 1776 498 1832 Domino,
532 1776 728 1832 quatinus
761 1789 856 1819 eum
887 1778 1089 1831 tanquam
1117 1775 1218 1819 boni
1250 1778 1292 1819 et
1321 1775 1500 1819 humiles
1531 1774 1631 1818 filii‘¹

65 1853 252 1910 diligatis
285 1857 327 1898 et
355 1853 583 1909 honoretis,
616 1857 741 1909 atque
772 1856 819 1896 ut
848 1854 1011 1910 pastori
1041 1856 1181 1897 vestro
1212 1854 1464 1909 condignam
1496 1855 1534 1898 ei
1564 1868 1630 1898 re-

66 1932 299 1977 verentiam
338 1935 380 1976 et
419 1931 701 1975 obedientiam
739 1931 1001 1988 inpendatis,
1041 1931 1203 1988 sibique
1239 1932 1292 1975 ad
1320 1933 1630 1989 recuperandas

65 2014 108 2055 et
143 2010 384 2055 retinendas
423 2009 710 2066 possessiones
748 2012 790 2053 et
819 2009 930 2053 bona
960 2008 1223 2054 Corbeiensis
1254 2011 1499 2055 monasterii
1529 2011 1630 2055 viri-

63 2089 162 2133 liter
201 2092 244 2133 et
276 2088 456 2132 fideliter
487 2088 708 2131 assistatis.
762 2087 849 2131 Nos
881 2087 1088 2144 siquidem
1120 2089 1299 2132 eundem
1330 2090 1523 2134 abbatem
1554 2103 1629 2147 pa-

66 2170 185 2211 terno
217 2166 367 2212 affectu
398 2166 611 2222 diligimus
644 2170 698 2222 et,
729 2166 774 2210 in
806 2166 957 2223 quibus
982 2166 1211 2210 secundum
1231 2167 1369 2211 Deum
1389 2182 1627 2225 possumus,

65 2244 255 2289 volumus
287 2244 497 2289 exaudire.

71 2386 151 2435 77.
180 2388 397 2447 Euqenius
419 2387 494 2432 III
507 2403 629 2446 papa
659 2387 840 2431 Henrico
872 2389 1061 2445 episcopo
1090 2388 1315 2431 Leodiensi
1343 2391 1527 2444 mandat,
1561 2406 1628 2433 co-

179 2474 254 2525 yat
288 2466 561 2510 Eustachium
606 2473 644 2510 et
687 2465 969 2520 Machariwm,
1017 2473 1063 2509 ut
1105 2468 1352 2509 monasterio
1395 2467 1631 2511 Stabulensi

185 2545 325 2588 ablata
354 2546 578 2588 restituant.
1443 2543 1514 2598 (M.
1538 2544 1627 2598 53.)

184 2633 398 2689 Eugenius
438 2634 659 2691 episcopus
697 2646 841 2677 servus
880 2646 1097 2676 servorum
1127 2633 1207 2676 Dei
1244 2633 1474 2676 venerabili
1506 2634 1627 2677 fratri
1665 2638 1757 2675 1148

67 2711 247 2756 Henrico
267 2710 489 2755 Leodiensi
510 2712 704 2769 episcopo
727 2710 905 2754 salutem
927 2713 968 2754 et
988 2710 1260 2767 apostolicam
1282 2711 1625 2757 benedictionem.
1651 2697 1677 2718 ⁰⁴
1697 2688 1784 2719 ΜΠ

183 2788 601 2834 Aecclesiasticorum
632 2791 837 2834 bonorum
867 2802 1111 2845 pervasores
1143 2792 1301 2845 quanta
1330 2790 1415 2833 sint
1439 2790 1626 2834 animad-

65 2867 256 2911 versione
300 2866 530 2924 plectendi,
576 2872 691 2912 tuam
738 2856 1005 2926 prudentiam
1051 2880 1134 2911 non
1173 2867 1379 2911 credimus
1417 2867 1622 2924 ignorare,

162 2971 189 2994 a.
215 2962 272 2997 filii
292 2964 411 2995 evanuit
431 2964 462 2996 in
484 2963 552 2995 cod.
