1924 3288
600 218 800 250 wmALDI
829 217 1051 249 nmsrom
1082 215 1152 248 150,
1572 202 1657 247 237

91 329 225 374 neque
253 316 484 359 amicorum
513 323 752 358 nostrorum
782 315 1003 358 consilium
1033 315 1154 371 sequi
1181 314 1419 366 statuunus,
1457 320 1518 356 set
1546 320 1661 355 tuam
1682 313 1795 394 &³361

91 393 344 439 volumtatem
375 402 414 436 et
441 401 492 447 te,
527 395 604 450 qui
632 408 673 436 es
703 395 775 436 via
803 395 957 436 veritas
990 401 1027 436 et
1055 394 1165 446 vita,
1198 394 1244 435 in
1274 392 1351 434 hoc
1370 392 1561 449 presenti
1586 405 1659 434 ne·
1751 385 1760 394 ⁹

89 474 204 530 yotio
225 474 378 516 sectari
397 472 693 515 desideramus.
735 471 811 516 Set
830 471 1012 529 qualiter
1034 479 1150 514 tuam
1169 470 1421 514 voluntatem
1441 484 1659 527 cognosce-

91 564 199 604 mus,
233 553 310 608 qui
331 565 507 608 presens
539 565 580 593 es
609 552 836 604 maiestate,
869 558 930 593 set
947 564 1025 592 nos
1045 551 1092 592 in
1121 551 1290 606 reqione
1311 549 1543 607 lonqinqua
1573 549 1660 591 dis-

93 629 384 673 similitudinis
407 643 564 686 porcos
587 637 805 686 pascentes
837 645 865 671 a
896 637 933 672 te
954 628 1223 671 recessimus?
1272 627 1558 671 Temerarium
1589 635 1659 679 est,

93 715 142 751 ut
169 716 323 751 certam
351 707 604 750 voluntatem
631 715 747 750 tuam
772 721 899 763 super
918 707 996 749 hoc
1015 707 1152 760 verbo,
1188 721 1315 763 quam
1335 706 1454 749 nobis
1474 707 1665 748 indicare
1723 737 1727 740 -

94 787 281 844 diqneris
312 787 398 828 sive
420 800 503 842 per
534 784 729 842 anqelum
759 786 846 827 sive
870 799 952 842 per
983 784 1173 841 aliquam
1202 785 1428 828 subiectam
1450 784 1528 828 tibi
1547 799 1662 827 crea-

95 858 235 908 turam
263 873 380 908 tuam
408 865 494 906 sive
516 878 600 921 per
628 865 830 906 visionem
864 878 936 905 seu
959 877 1042 920 per
1074 863 1310 917 oraculum,
1352 871 1538 921 eapetere
1561 877 1663 920 pre-

95 957 319 986 sumamus.
371 942 460 985 Per
491 957 558 985 eos
588 943 750 999 itaque,
782 943 830 984 in
861 942 1012 999 quibus
1043 941 1222 995 habitas,
1255 944 1439 985 scrutari
1467 950 1562 985 tuae
1591 956 1664 984 vo-

97 1020 269 1065 luntatis
289 1020 534 1074 archanum,
567 1022 747 1078 impium
768 1028 805 1063 et
819 1029 1190 1078 presumptuosum
1209 1035 1295 1063 non
1317 1029 1396 1072 est,·
1428 1029 1552 1077 atque
1571 1021 1665 1063 ideo

83 1094 281 1156 fratrum
319 1107 358 1143 et
383 1099 576 1155 filiorum
611 1107 851 1142 nostrorum
889 1101 1140 1142 sentenciam
1177 1100 1431 1156 sequendam
1465 1107 1558 1142 voto
1590 1098 1669 1141 tali

97 1178 175 1222 tibi
194 1178 370 1235 obliyati
387 1178 668 1221 arbitramur.-
699 1185 758 1230 ut,
790 1179 993 1235 quicquid
1011 1179 1099 1235 ipsi
1117 1178 1314 1231 dixerint,
1347 1178 1568 1221 tenendum
1597 1179 1664 1230 sit,

98 1270 277 1314 quorum
297 1258 462 1299 animas
482 1256 602 1299 nobis
623 1257 852 1299 servandas
873 1257 1102 1310 tradidisti,
1134 1271 1227 1299 cum
1247 1258 1377 1299 simus
1397 1258 1485 1314 ipsi
1503 1257 1669 1298 animae

97 1328 264 1378 nostrae
293 1335 400 1378 mali
429 1336 627 1378 custodes.
738 1333 809 1377 Sic
839 1334 954 1377 omni
985 1333 1199 1378 dubietate
1229 1337 1392 1378 remota
1422 1336 1464 1377 et
1493 1333 1668 1377 racioci-

97 1412 226 1456 nandi
249 1425 298 1456 ac
316 1412 532 1456 iudicandi
551 1426 653 1456 cura
673 1412 876 1469 deposita,
893 1415 1034 1456 mente
1050 1412 1218 1470 placida
1234 1412 1474 1469 sedatisque
1493 1425 1541 1456 ac
1555 1425 1668 1456 com-

98 1490 248 1548 positis
265 1490 608 1548 cogitacionibus‚
624 1490 896 1534 matutinales
911 1490 1058 1535 laudes
1076 1504 1172 1535 cum
1191 1491 1394 1535 fratribus
1414 1491 1666 1548 peregimus.

218 1568 335 1613 Hora
363 1568 560 1624 regulari,
594 1569 760 1626 quando
790 1569 942 1613 fratres
975 1569 1221 1627 capitolium
1246 1570 1428 1625 ingressi
1448 1573 1560 1626 sunt,
1591 1582 1668 1612 nos

98 1647 260 1705 pariter
288 1647 578 1702 introivimus;
611 1650 736 1704 atque
765 1651 864 1706 post
884 1648 1187 1692 exhortationis
1208 1648 1396 1704 verbum,
1427 1651 1525 1706 post
1545 1648 1670 1692 disci-

99 1724 262 1783 plinam
291 1725 579 1782 claustralem,
619 1726 819 1771 iussimus
852 1726 994 1771 afferri
1022 1727 1186 1771 litteras
1218 1740 1315 1771 cum
1346 1727 1495 1783 sigillis
1527 1726 1671 1771 domni

100 1803 211 1859 regis
257 1806 299 1847 et
336 1803 576 1861 principum
617 1807 742 1861 atque
781 1805 1046 1849 Corbeiensis
1087 1805 1324 1850 aecclesiae.
1378 1805 1538 1858 Quibus
1573 1819 1670 1863 per-

100 1880 235 1937 lectis,
270 1881 437 1938 fiatres,
470 1882 639 1926 attoniti
667 1897 809 1926 rerum
839 1884 1040 1939 novitate,
1071 1887 1242 1928 nostrae
1271 1884 1501 1928 voluntatis
1533 1887 1575 1928 et
1604 1897 1671 1927 re-

102 1959 341 2017 sponsionis
371 1959 544 2003 modum
573 1960 726 2004 intenti
746 1961 1097 2018 prestolabantur.
1154 1963 1230 2006 Ad
1248 1964 1349 2006 haec
1375 1963 1550 2019 inquam
1564 1963 1669 2019 fra-

103 2046 184 2082 tres
220 2040 321 2092 mei,
372 2054 422 2081 ea
460 2053 542 2096 quo
581 2040 750 2082 divinae
780 2042 1094 2097 providentiae,
1145 2056 1252 2099 quac
1296 2044 1484 2099 disponit
1530 2043 1671 2084 omnia

103 2118 286 2160 suaviter
298 2112 321 2170 ¹,
348 2117 529 2174 placuit,
561 2132 638 2160 nos
668 2120 853 2161 omnium
873 2121 983 2162 vitae
1001 2121 1148 2163 merito
1171 2128 1209 2163 et
1228 2122 1459 2178 sapientiae
1479 2121 1671 2163 doctrina

104 2202 304 2238 ememos
342 2210 426 2252 per
465 2197 679 2238 unanimis
719 2211 939 2240 consensus
976 2199 1104 2241 vestri
1138 2200 1416 2242 ministerium
1453 2200 1511 2241 ad
1548 2199 1671 2241 liuius

104 2273 325 2316 aecclesiae
361 2275 545 2331 reyimen
569 2274 819 2330 provehere,
860 2277 944 2318 mei
973 2284 1012 2318 et
1040 2278 1176 2319 animi
1205 2285 1243 2320 et
1273 2279 1462 2335 corporis
1485 2285 1672 2334 potestas

103 2366 196 2394 mea
234 2352 358 2395 desiit
392 2367 498 2403 esse,·
538 2360 575 2395 ct
603 2360 752 2405 totum,
795 2354 910 2410 quod
937 2354 1058 2396 nobis
1090 2358 1117 2397 ά
1147 2355 1240 2398 Deo
1273 2357 1319 2398 in
1349 2357 1567 2412 utriusque
1597 2356 1670 2398 lio-

104 2431 230 2472 minis
265 2430 498 2473 substantia
530 2430 726 2473 collatum
757 2439 834 2484 est,
875 2440 1035 2475 vestrae
1064 2434 1218 2476 ditioni
1247 2449 1297 2476 ac
1320 2436 1520 2491 potestati
1550 2435 1675 2490 quasi

107 2509 290 2564 quodam
326 2510 419 2551 iure
449 2510 738 2566 proprietario
778 2510 898 2551 cessit
935 2518 973 2552 et
1006 2511 1269 2553 vendicatum
1307 2519 1376 2553 est.
1424 2511 1517 2554 Nos
1547 2513 1676 2554 vestri

106 2600 247 2628 sumus
276 2601 350 2628 nec
379 2601 452 2628 vos
483 2595 559 2629 aut
585 2588 883 2629 monasterium
903 2596 1082 2631 vestrum
1103 2589 1287 2631 deserere
1306 2589 1508 2631 volumus.
1557 2589 1673 2632 Unde

108 2671 146 2706 et
173 2671 352 2707 vestrum
383 2665 616 2718 consilium,
651 2673 853 2722 tanquam
881 2665 1072 2707 divinum
1090 2681 1348 2723 responsum,
1371 2668 1672 2724 interroqantes

109 2749 380 2798 eapectamus.
427 2742 564 2786 Nulla
585 2758 681 2785 vero
691 2743 901 2799 formido,
935 2743 1055 2785 nulla
1073 2758 1146 2786 vos
1167 2746 1350 2801 suspicio
1372 2753 1535 2799 terreat,
1569 2747 1672 2802 quin

107 2820 342 2876 inspirante
364 2820 472 2874 Deo,
506 2822 621 2877 quod
652 2829 903 2878 oportunum
933 2822 1152 2875 videbitur,
1187 2823 1422 2879 loquamini
1427 2839 1442 2874 ‚·
1474 2825 1674 2880 quoniam

109 2912 202 2940 cum
231 2897 324 2940 Deo
363 2906 504 2942 nostro
545 2899 626 2942 tale
663 2901 751 2942 voti
787 2907 824 2942 et
862 2901 1100 2956 sponsionis
1119 2900 1278 2956 foedus
1309 2903 1529 2956 inivimus,
1571 2910 1617 2946 ut
1647 2905 1674 2946 α’

205 2984 238 3019 1.
265 2983 349 3030 Sap.
366 2985 400 3030 8,
419 2986 452 3020 1.
