1924 3288
306 195 393 239 498
735 209 932 240 wmALm
960 208 1207 242 nms‘romn
1235 208 1295 240 sos
1308 209 1421 241 -371.

178 305 270 341 1152
306 300 570 346 dissimulare
598 315 683 346 non
711 316 956 361 possumus,
995 304 1094 360 quin
1125 317 1195 348 eos
1227 304 1280 348 ad
1312 303 1518 359 regularis
1548 303 1761 350 electionis
1790 317 1859 350 or·

159 354 284 385 crem.
307 379 448 423 dinem
479 380 678 424 canonica
707 381 931 425 severitate
960 395 1038 439 pro
1067 382 1202 426 nostri
1233 381 1371 425 debito
1403 380 1529 425 officii
1546 380 1856 440 compellamus,

306 469 403 500 cum
431 457 643 515 precipue,
675 461 849 515 paterne
881 459 1118 516 ammoniti,
1159 458 1360 515 delegatis
1392 459 1520 503 etiam
1550 459 1732 517 quinque
1759 458 1860 505 reli·

305 534 433 589 giosis
472 534 526 578 ad
566 548 710 579 eorum
746 536 1030 581 visitationem
1067 536 1286 581 abbatibus
1327 537 1496 582 obedire
1531 537 1732 582 hactenns
1760 549 1859 583 con-

305 612 567 670 tempserint.

309 822 425 870 370.
454 826 673 870 Heinrious
694 828 906 886 episcopus
926 827 1168 871 Leodiemis
1196 827 1542 872 Walciodoremes
1566 836 1605 872 et
1622 827 1859 873 Hasta-ien-

452 920 515 947 ses
544 905 743 958 hortatur,
774 913 821 948 ut
839 905 1031 949 adhibitis
1049 906 1255 948 nonnullis
1275 907 1486 950 abbatibus
1505 907 1655 950 bonum
1675 907 1860 950 abbatem

450 983 529 1026 sibi
557 983 720 1040 eliqant.
1645 981 1718 1037 (Μ.
1740 980 1862 1037 351.)

175 1081 266 1118 1152
422 1075 678 1131 H(einricus)
699 1076 779 1120 Dei
808 1077 945 1132 gratia
966 1075 1262 1121 Leodiensium
1293 1077 1513 1135 episcopus
1542 1077 1756 1134 fratribus,
1787 1078 1860 1136 qui

257 1140 281 1161 r.
304 1157 402 1197 sunt
420 1152 683 1199 Walciodoro
706 1157 747 1198 et
765 1153 972 1210 Hasterie,
994 1154 1148 1212 spiritu
1167 1154 1332 1198 consilii
1352 1157 1395 1199 et
1411 1154 1583 1212 pietatis
1603 1154 1856 1200 habundare.

421 1231 628 1284 Quoniam
657 1231 787 1276 abbas
816 1235 956 1277 vester
985 1233 1098 1276 viam
1127 1232 1349 1276 universae
1386 1233 1523 1276 carnis
1552 1233 1765 1289 ingressus
1795 1236 1860 1277 est

303 1312 346 1353 et
375 1309 604 1353 secundum
635 1322 777 1353 curam
808 1309 928 1354 nobis
966 1310 1229 1354 commissam
1270 1310 1506 1354 sollicitudo
1545 1310 1666 1355 nobis
1703 1309 1858 1355 aeccle-

301 1386 460 1430 siarum
490 1400 654 1443 quoque
683 1390 920 1430 vestrarum
949 1387 1147 1444 imposita
1173 1391 1250 1443 est,
1280 1391 1379 1437 vota
1403 1388 1456 1431 ad
1475 1387 1613 1432 Deum
1631 1388 1858 1444 fundimus,

300 1467 349 1507 ut
384 1464 513 1508 talem
552 1478 626 1508 suo
665 1464 782 1520 gregi
818 1465 1058 1508 ministrum
1098 1465 1343 1520 substituat,
1382 1465 1500 1509 cuius
1540 1479 1620 1523 ope
1650 1469 1693 1510 et
1721 1465 1861 1510 studio

300 1541 425 1585 beata
453 1541 753 1585 monachorum
782 1541 929 1597 religio
960 1542 1070 1586 vires
1102 1542 1281 1599 accipiat
1300 1546 1342 1586 et
1363 1545 1583 1586 accrescat.
1629 1542 1743 1596 Quae
1762 1543 1861 1600 quia

301 1618 413 1662 inter
448 1633 523 1662 vos
563 1619 821 1676 aliquamdiu
856 1619 992 1677 tepuit
1031 1623 1073 1663 et
1109 1619 1279 1663 odorem
1319 1620 1453 1664 bonae
1497 1620 1707 1677 opinionis
1744 1633 1858 1676 suae,

302 1710 431 1753 supra
461 1710 587 1753 quam
616 1710 786 1740 necesse
818 1700 940 1752 esset,
971 1697 1171 1752 turbavit,
1204 1697 1452 1741 auctoritate
1480 1711 1507 1740 a
1525 1697 1615 1741 Deo
1644 1697 1766 1742 nobis
1793 1697 1860 1741 in-

301 1773 419 1816 dulta
447 1774 566 1818 vobis
596 1774 866 1831 precipimus,
897 1777 957 1830 ut,
989 1774 1250 1830 congregatis
1271 1774 1322 1818 de
1346 1774 1523 1818 circuitu
1550 1773 1756 1830 religiosis
1785 1774 1860 1819 ab·

301 1850 467 1895 batibus
497 1851 530 1895 F
533 1851 718 1907 loriensi,
748 1851 983 1907 Broniensi,
1016 1849 1328 1895 Gemblacensi⁸
1358 1855 1401 1896 et
1428 1851 1462 1895 F
1464 1850 1700 1908 loreffiensi,
1730 1851 1857 1896 talem

301 1928 420 1972 vobis
458 1928 621 1984 eligatis
660 1932 892 1986 pastorem,
932 1929 1004 1986 qui
1040 1929 1126 1973 iam
1161 1942 1269 1986 pene
1309 1932 1542 1973 emortuam
1569 1929 1616 1973 in
1643 1928 1763 1974 vobis
1791 1942 1859 1974 re·

301 2006 476 2051 suscitet
504 2006 763 2062 religionem.
810 2006 969 2050 Valete.

306 2218 423 2265 371.
453 2221 672 2279 Cataloqus
703 2222 895 2264 abbatum
924 2220 1326 2264 Walciodorensium.
1642 2219 1716 2275 (Μ.
1737 2220 1856 2276 351.)

154 2311 161 2317 ”
187 2318 278 2354 1152
422 2314 536 2359 Haec
567 2318 665 2359 sunt
694 2314 866 2358 nomina
890 2314 1100 2370 abbatum,
1131 2314 1204 2371 qui
1222 2313 1551 2359 Walciodorensi
1569 2311 1742 2360 cenobio
1761 2328 1858 2374 pre-

303 2393 474 2437 fuerunt
510 2396 552 2436 et
582 2392 895 2436 Hasteriensem
933 2392 1177 2436 aecclesiam
1213 2405 1309 2436 cum
1345 2392 1537 2436 omnibus
1573 2392 1660 2436 suis
1699 2405 1858 2451 appen-

305 2470 426 2515 diciis
458 2470 535 2514 sub
566 2470 689 2513 unius
720 2469 911 2514 abbatiae
941 2470 1110 2514 nomine
1141 2469 1266 2514 simul
1294 2472 1537 2514 tenuerunt:
1567 2469 1757 2514 Domnus
1776 2469 1858 2515 Fo-

305 2561 518 2592 rannanus
549 2547 768 2604 episcopus
800 2551 842 2591 et
873 2547 1023 2604 abbas,
1061 2547 1238 2591 domnus
1268 2547 1453 2603 Kadroe,
1483 2546 1660 2590 domnus
1689 2546 1857 2592 Macha-

306 2624 442 2681 lanus,
473 2625 650 2669 domnus
680 2624 825 2680 Immo,
857 2625 1033 2669 domnus
1054 2625 1347 2680 Theodericus,
1377 2624 1553 2668 domnus
1582 2622 1856 2681 Frimbenm,

307 2703 483 2747 domnus
526 2701 748 2758 Rodulfus,
802 2702 979 2746 domnus
1023 2702 1293 2758 Lambertus,
1345 2701 1522 2746 domnus
1566 2699 1856 2758 Godescalcns,

306 2780 484 2825 domnus
514 2779 735 2835 Widricus,
766 2779 943 2823 domnus
974 2778 1264 2824 Theodericus.

401 2961 428 2983 a.
457 2951 676 2984 Glomblaeensi
697 2951 765 2984 cod.
