1924 3288
570 203 767 234 WIBALDI
797 202 1016 235 EPISTOLA
1046 204 1116 234 252.
1533 193 1617 236 377

67 294 381 343 cancellarium¹
410 298 560 353 viginti
591 312 795 342 annorum
832 299 988 342 noticia
1026 303 1067 342 et
1103 299 1274 354 cottidie
1304 299 1414 343 inter
1444 313 1520 343 nos
1553 313 1620 344 ac·-

67 389 256 421 crescens
285 376 445 420 karitas
476 375 624 432 effecit,
654 377 716 420 ita
744 380 791 420 ut
813 378 852 421 ei
870 377 985 434 loqui
1009 381 1051 421 et
1070 377 1252 422 scribere
1278 381 1367 422 tute
1386 391 1619 435 possemus,

66 453 262 512 quicquid
290 454 337 498 in
366 455 539 498 buccam
569 455 764 498 venisset.
822 454 931 499 Sane
962 469 1056 499 cum
1086 456 1198 499 idem
1229 456 1294 500 vir
1323 456 1469 500 beatus
1498 456 1619 500 nobis

65 532 256 590 proxime
277 529 481 589 scripsit',
512 532 775 576 familiariter
795 534 996 590 parvitati
1017 537 1187 578 nostrae
1208 534 1402 578 intimare
1424 534 1619 590 dignatus

66 613 144 666 est,
173 610 285 667 quod
304 610 474 667 quidam
493 624 636 655 rumor
662 614 751 654 tam
773 611 972 654 domnum
996 626 1152 670 papam
1173 626 1299 669 quam
1319 613 1479 656 curiam
1500 627 1620 657 suam

64 687 373 745 perturbasset,
411 702 488 746 pro
528 702 575 732 eo
615 689 726 745 quod
763 689 1053 733 serenissimus
1093 690 1284 734 dominus
1322 693 1464 734 noster
1495 690 1620 745 C(on-

64 765 208 821 radus)
235 765 519 811 Romanorum
548 780 626 811 rex
654 767 773 811 fedus
795 781 891 811 cum
909 768 1162 825 imperatore
1183 767 1412 813 Grecorum
1432 767 1621 813 firmasse

65 844 300 900 dicebatur,
337 845 399 888 ita
435 847 483 888 ut
521 848 710 888 sanctam
748 845 980 889 Romanam
1018 846 1283 902 aecclesiam,
1322 846 1621 892 catholicorum

64 922 251 966 omnium
279 926 478 979 matrem,
510 923 695 978 graviter
725 924 762 967 si
791 926 935 980 posset
965 923 1149 980 affligere
1180 928 1222 968 et
1250 925 1450 969 infestare
1480 925 1620 983 dispo-

63 1004 194 1045 neret.
240 1000 428 1044 Iniunxit
458 1002 584 1045 etiam
614 1002 816 1058 parvitati
845 1005 1014 1046 nostrae
1045 1016 1097 1046 ex
1118 1006 1239 1060 parte
1262 1003 1404 1046 domni
1423 1017 1559 1060 papae
1580 1007 1622 1048 et

64 1092 141 1123 sua
169 1082 213 1124 et
242 1079 441 1123 attentius
473 1079 715 1124 exhortatus
747 1084 831 1136 est,
863 1084 910 1124 ut
939 1081 1075 1125 modis
1098 1081 1312 1137 omnibus,
1345 1081 1494 1138 quibus
1523 1095 1621 1139 pos-

63 1170 216 1214 semus,
238 1156 401 1202 efficere
423 1158 696 1214 studeremus,
724 1173 778 1205 ne
800 1159 1000 1203 adversus
1021 1159 1293 1217 apostolicam
1315 1159 1457 1203 sedem
1477 1160 1620 1204 huius-

62 1235 177 1279 modi
204 1234 354 1279 fluctus
383 1236 662 1292 insurgerent,
693 1236 774 1292 vel,
807 1237 842 1280 si
862 1237 971 1281 forte
997 1237 1232 1294 aliquorum
1253 1240 1462 1296 pravitate
1482 1240 1621 1284 insur-

61 1326 160 1369 gere
198 1299 427 1370 cepissent,
473 1327 567 1357 cum
606 1314 700 1358 aliis
738 1314 962 1359 aecclesiae
999 1315 1080 1360 Dei
1116 1315 1307 1360 fidelibus
1343 1331 1420 1374 pro
1460 1318 1619 1362 viribus

60 1391 215 1435 nostris
236 1405 607 1449 compesceremus.
729 1392 936 1449 Fecimus,
961 1394 1072 1450 quod
1091 1395 1235 1448 iussit3
1269 1398 1311 1438 et
1330 1395 1504 1452 homini,
1534 1410 1619 1440 non

59 1469 200 1513 federe
229 1473 442 1514 contracto
474 1474 538 1514 set
556 1471 668 1514 fastu
698 1474 740 1514 et
759 1471 1044 1516 inobedientia
1065 1471 1293 1516 Grecorum
1315 1473 1620 1530 aliquantulum

61 1551 270 1605 corrupto,
301 1548 427 1604 longa
455 1548 762 1592 cohabitatione
795 1554 836 1593 et
867 1550 1036 1594 assidua
1066 1550 1340 1595 collocutione
1368 1552 1620 1596 humilitatis

62 1629 105 1669 et
133 1626 392 1670 obedientiae
423 1613 579 1670 bonurn
607 1627 926 1682 instillavimus3
961 1631 1002 1672 et
1025 1628 1257 1685 aliquorum
1281 1630 1410 1674 verba
1439 1630 1618 1675 familia-

59 1704 197 1748 ritatis
228 1718 332 1748 ausu
362 1705 545 1748 severius
575 1705 787 1748 interdum
815 1707 1104 1763 repressimus.

178 1781 308 1825 Porro
338 1782 383 1825 in
414 1782 550 1839 capite
581 1783 896 1838 quadragesime
924 1784 1100 1828 domnus
1122 1784 1250 1828 abbas
1274 1784 1619 1831 Clarevallensis³

60 1860 177 1903 misit
196 1860 347 1903 domno
367 1859 458 1915 regi
476 1859 639 1903 litteras
667 1874 743 1917 per
765 1861 1007 1919 episcopum
1026 1861 1372 1919 Frisingensem⁴,
1402 1864 1448 1907 in
1470 1865 1619 1921 quibus

61 1938 324 1983 collaudabat
351 1937 567 1981 dominum
595 1938 715 1981 illum
740 1938 928 1995 Siciliae,
961 1954 1009 1983 eo
1041 1941 1152 1997 quod
1181 1941 1226 1983 in
1257 1941 1399 1985 multis
1430 1942 1547 1986 utilis
1579 1946 1620 1986 et

60 2016 318 2061 necessarius
348 2016 496 2059 fuisset
526 2015 754 2060 catholicae
785 2017 1031 2074 aecclesiae,
1068 2019 1233 2063 futurus
1264 2019 1428 2075 utilior,
1468 2020 1504 2063 si
1534 2035 1619 2064 non

60 2094 350 2152 prohiberetur
369 2094 524 2137 virtute
556 2096 598 2137 et
623 2095 812 2151 potentia
834 2096 969 2139 nostri
988 2096 1214 2154 principis3
1245 2098 1296 2141 de
1318 2111 1495 2154 quorum
1515 2112 1618 2156 pace

61 2175 103 2216 et
130 2173 351 2216 concordia
381 2186 424 2215 se
454 2171 632 2215 libenter
662 2175 853 2216 acturum
882 2174 1173 2231 promittebat,
1206 2176 1242 2219 si
1273 2176 1418 2232 sciret,
1449 2177 1616 2220 domino

60 2254 201 2294 nostro
221 2264 306 2294 non
335 2250 424 2293 fore
453 2250 677 2304 ingratum.
724 2250 849 2295 Visus
881 2255 945 2296 est
973 2252 1052 2296 hoc
1071 2254 1211 2311 ipsum
1241 2254 1415 2298 innuere
1439 2254 1616 2299 domnus

61 2328 394 2383 Tffieodewinus)
418 2328 595 2372 Sanctae
610 2327 781 2373 Rufinae
798 2330 1017 2388 episcopus
1037 2331 1082 2374 in
1101 2331 1254 2376 litteris
1276 2332 1375 2388 suis,
1399 2347 1500 2389 quas
1521 2337 1617 2390 post

59 2407 241 2450 reditum
261 2420 383 2450 suum
404 2421 428 2449 a
444 2406 725 2462 lherosolima,
744 2420 839 2451 cum
852 2422 928 2465 per
945 2407 1131 2453 Siciliam
1146 2410 1371 2453 transitum
1386 2410 1615 2467 habuisset,

61 2484 227 2528 domino
257 2488 399 2528 nostro
431 2484 611 2541 scripsit.
717 2484 785 2528 Ad
808 2486 924 2529 cuius
944 2487 1061 2531 verbi
1084 2501 1301 2531 assensum
1320 2502 1397 2531 nos
1429 2489 1614 2532 animum

59 2564 249 2606 nostrum
279 2565 321 2605 et
350 2562 570 2606 consilium
601 2562 759 2605 domini
789 2564 935 2620 nostri,
968 2568 1170 2621 quantum
1200 2566 1245 2608 in
1274 2565 1396 2609 nobis
1426 2566 1519 2621 fuit,
1550 2567 1614 2609 in-

154 2662 187 2697 1.
213 2661 306 2698 diac.
324 2661 422 2698 card.
441 2661 504 2698 SS.
523 2662 676 2699 cosmae
697 2664 734 2697 et
749 2661 929 2698 Damiani.
968 2663 1004 2700 Is
1021 2665 1130 2709 paulo
1147 2667 1232 2700 ante
1251 2664 1288 2700 d.
1306 2666 1328 2700 6
1352 2665 1446 2700 Nov.
1470 2676 1503 2701 a.
1524 2666 1614 2702 1149

60 2720 195 2757 obiisse
219 2721 436 2758 statuendus
461 2724 528 2758 est.
565 2722 656 2757 Nam
688 2721 774 2757 inde
805 2721 851 2757 ab
881 2721 952 2758 hoc
984 2722 1044 2759 die
1068 2723 1226 2769 Eugenii
1250 2724 1303 2759 111
1332 2723 1454 2760 bullae
1481 2724 1614 2770 „datae

60 2783 146 2816 sunt
175 2790 241 2825 per
271 2791 416 2816 manum
442 2781 597 2818 Bosonis
628 2780 664 2816 S.
683 2781 726 2816 R.
743 2781 785 2816 E.
812 2780 1044 2828 scriptoris“;
1076 2783 1210 2828 quibus
1243 2783 1390 2828 quidem
1421 2782 1545 2820 verbis
1576 2784 1613 2820 in

60 2839 149 2885 ipsis
172 2839 283 2876 bullis
307 2850 380 2876 non
405 2841 606 2886 reperimus
631 2840 756 2875 addita
780 2850 860 2876 esse
877 2840 985 2877 haec:
1011 2842 1180 2888 „agentis
1196 2842 1315 2878 vicem
1333 2842 1513 2880 Guidonis
1531 2854 1613 2880 can-

61 2899 198 2935 cellarii
206 2898 234 2934 “.
273 2898 327 2936 Cf.
346 2900 505 2946 Regesta
520 2902 622 2946 pont.
639 2900 883 2936 Romanorum
909 2911 946 2946 p.
958 2901 1040 2937 616.
1136 2903 1171 2937 2.
1196 2911 1254 2947 ep.
1270 2901 1338 2938 198
1354 2912 1465 2948 supra
1479 2914 1516 2949 p.
1530 2904 1612 2940 316.

60 2959 94 2994 3.
119 2957 363 2995 Bemhardus.
456 2959 489 2995 4.
515 2959 698 2996 Ottonem.

1659 305 1750 341 1150

1671 357 1742 394 post

1642 396 1714 436 Apr.
1729 397 1768 427 20

1644 1800 1731 1831 Mart.
1745 1802 1759 1831 1
