1930 3224
315 197 369 241 10
853 207 1138 242 mamerano
1169 206 1204 238 s.
1225 206 1321 238 vm

99 305 287 342 815—822
310 307 555 361 potuerunt,
592 305 676 348 nisi
713 304 823 361 quod
858 303 1006 358 religio
1044 304 1190 345 sancta
1217 301 1263 345 in
1292 300 1382 346 loco
1413 301 1578 346 deserto
1603 301 1869 346 tram*

309 381 418 425 Nam
447 381 562 425 locus
593 382 654 426 ita
683 381 824 425 aridus
856 383 958 435 erat,
989 382 1037 424 ut
1065 391 1143 423 nec
1169 379 1327 423 victum
1355 391 1434 423 nec
1459 378 1862 424 vestimentnlfflffir'·

310 457 405 504 dem
435 459 622 503 invenire
651 461 837 516 possent,
867 457 952 500 nisi
983 459 1184 513 quantum
1202 456 1416 514 praefatus
1437 456 1546 501 abba
1564 469 1592 501 a
1607 457 1865 502 monadum

309 537 479 594 proprio
526 537 679 580 deferri
722 534 914 578 faciebat.
973 534 1218 590 Augebatur
1261 537 1403 577 tamen
1441 533 1627 590 quotidie
1662 532 1865 582 mm

307 614 607 658 monachorum
653 626 704 657 ex
747 611 1008 656 nobilissimo
1057 611 1270 656 Saxonum
1315 625 1488 667 genere3
1532 612 1655 670 pueri
1698 622 1863 669 quoqu

308 691 441 735 bonae
479 691 631 734 indolis
668 689 962 734 nutriebantur
991 690 1169 747 optime;
1211 691 1254 733 et
1281 688 1381 733 licet
1410 689 1560 746 opibus
1590 692 1730 734 essent
1752 700 1864 793 pau·

306 782 442 826 peres,
472 768 673 823 religione
702 771 866 811 tamen’
896 771 1042 811 sancta
1068 766 1294 825 pollebant.

423 846 529 891 Erat
559 859 607 889 eo
636 849 826 902 tempore
847 844 1114 900 Adalbertus,
1145 845 1211 888 vir
1229 843 1465 900 religiosae,
1494 791 1717 901 praefato
1703 854 1755 887 ιιι
1764 798 1860 888 ’loco

304 925 587 983 praepositus,
627 923 699 979 qui
736 935 831 966 cum
862 925 1072 966 aestuaret
1101 922 1315 978 angustia,
1354 934 1402 965 eo
1434 921 1545 978 quod
1571 934 1659 965 non
1686 919 1862 966 habret

305 1003 358 1045 ad
388 1015 492 1058 opus
512 1001 691 1044 fratrum
715 999 937 1057 stipendia,
968 1000 1107 1057 coepit
1126 999 1178 1044 de
1196 999 1427 1043 mutatione
1447 997 1529 1042 loci
1547 998 1759 1054 cogitares
1775 997 1861 1043 sed

303 1080 375 1123 ubi
394 1079 463 1123 vel
483 1078 675 1135 qualiter,
703 1077 891 1121 invenire
909 1076 1119 1133 nequibat.
1167 1076 1250 1122 Sed
1270 1090 1365 1120 cum
1383 1089 1539 1132 magna
1555 1075 1868 1120 habitum-ihs*

302 1157 516 1213 ingrueret
550 1155 798 1211 necessitas,
840 1155 893 1198 ad
929 1155 1009 1198 hoc
1042 1158 1215 1198 ventum
1252 1158 1336 1210 est,
1374 1157 1423 1198 ut
1452 1167 1498 1198 se
1526 1154 1572 1197 in
1599 1157 1690 1198 tres
1715 1154 1860 1211 pones

303 1235 539 1279 dividerent
570 1247 664 1277 cum
692 1231 903 1290 prioribus
933 1232 1120 1288 singulis.
1167 1232 1340 1276 Interim
1367 1231 1597 1276 necessitas
1615 1231 1798 1275 vertitur
1806 1230 1866 1275 in·

301 1312 574 1367 voluntatem,
606 1323 749 1354 omnes
781 1310 942 1367 pariter
970 1310 1022 1354 de
1041 1310 1273 1354 mutatione
1291 1309 1374 1353 loci
1392 1308 1599 1354 tractare*
1618 1311 1857 1366 coeperunt,

420 1389 555 1433 Affuit
583 1388 745 1431 interea
775 1387 923 1431 etiam⁰
955 1388 1015 1431 eis
1044 1388 1090 1431 in
1118 1390 1238 1431 tanta
1267 1387 1516 1432 necessitate
1544 1386 1697 1444 positis
1711 1385 1865 1430 divm·

207 1479 275 1515 821
303 1467 535 1512 clementia„
581 1465 785 1510 Ascendit
814 1466 926 1509 enim
955 1465 1000 1509 in
1030 1478 1101 1509 cor
1122 1465 1247 1521 regis,
1277 1468 1327 1508 ut
1343 1467 1561 1509 revocaret
1578 1462 1862 1509 venerabilem

301 1546 441 1590 virum
470 1544 759 1588 Adalhardum
794 1557 937 1587 senem
967 1546 1010 1586 et
1037 1543 1278 1586 restitueret
1307 1542 1347 1586 ei
1377 1555 1543 1587 omnem
1569 1541 1754 1600 priorem
1771 1540 1860 1586 -ιιῦ-

301 1637 444 1667 norem
478 1626 520 1666 et
548 1622 680 1665 multo
712 1635 806 1665 eum
838 1620 1038 1678 amplius,
1077 1634 1203 1677 quam
1230 1633 1417 1677 unquam
1447 1623 1572 1664 antea
1598 1619 1757 1675 fuerat,
1786 1626 1865 1663 sus

301 1700 508 1745 blimaret.
570 1699 650 1751 Qui
680 1712 775 1742 cum
812 1698 906 1742 iam*
929 1698 1062 1741 dictos
1098 1697 1323 1741 monachos
1359 1698 1406 1741 in
1441 1700 1562 1741 tanta
1596 1696 1861 1752 cognovisset

301 1778 479 1836 penuria
508 1791 612 1832 esse,
643 1790 739 1821 cum
769 1776 883 1820 omni
911 1766 1178 1819 festinatione
1206 1775 1336 1831 misit,
1366 1775 1471 1819 dans
1490 1774 1687 1833 pretium,
1715 1774 1860 1818 iussit-

303 1870 397 1913 que,
427 1858 476 1899 ut
506 1855 638 1899 sicubi
667 1854 956 1898 invenirentur
986 1867 1129 1897 carrae
1161 1852 1391 1896 oneriferae
1399 1852 1429 1908 ‘¹,
1461 1855 1504 1896 et
1530 1855 1620 1896 tam
1649 1865 1865 1905 annomn

303 1947 428 1990 quam
458 1933 585 1977 boves
616 1934 909 1990 compararent
938 1934 980 1974 et
1009 1944 1105 1974 cum
1133 1930 1400 1975 festinatione
1429 1929 1739 1974 laborantibus·
1754 1929 1867 1974 mbo,

301 2012 506 2056 venirent.
609 2009 711 2053 Post
747 2009 851 2053 haec
889 2008 1065 2052 accessit
1103 2008 1157 2052 ad
1191 2008 1488 2066 imperatorem
1519 2011 1562 2051 et
1589 2007 1787 2063 rogavit,
1801 2009 1860 2051 ut

302 2090 422 2133 daret
449 2088 678 2143 licentiam,
711 2100 912 2143 quaerere
939 2086 1052 2130 inter
1080 2086 1155 2130 illa
1177 2086 1282 2141 loca,
1313 2098 1419 2142 quae
1440 2085 1494 2129 ad
1513 2098 1559 2129 se
1577 2084 1858 2151 pertinebant,

302 2167 339 2211 si
375 2166 483 2210 forte
519 2168 664 2223 posset
699 2164 852 2208 alicubi
879 2164 926 2207 in
954 2164 1145 2221 praefata
1172 2164 1342 2220 regione
1370 2163 1508 2207 locum
1536 2162 1747 2218 invenire,
1776 2161 1859 2206 ubi

300 2243 603 2288 monasterium
633 2243 716 2286 rite
745 2242 837 2286 fieri
866 2245 1029 2299 posset;
1069 2242 1180 2298 quod
1210 2255 1237 2285 a
1262 2241 1335 2298 pio
1364 2240 1556 2298 principe
1584 2238 1741 2284 statim
1758 2251 1865 2283 oon-

301 2335 465 2366 cessum
497 2323 573 2364 est.
606 2321 713 2364 Tum
742 2319 994 2364 venerabilis
1025 2319 1146 2375 abba,
1178 2322 1349 2376 accepta
1375 2317 1560 2373 licentia,
1589 2316 1785 2375 pervenit
1804 2316 1862 2360 ιιι·

300 2402 442 2458 partes
483 2398 691 2442 Saxoniae
728 2411 814 2441 una
851 2410 946 2441 cum
976 2396 1150 2441 Walone
1186 2396 1318 2440 fratre
1353 2409 1442 2440 suo.
1502 2394 1592 2447 Quo
1628 2407 1725 2438 cum
1759 2407 1856 2452 per-

301 2477 533 2532 venissent,
581 2475 816 2519 didicerunt
855 2489 881 2518 a
917 2475 1137 2531 fratribus,
1178 2474 1276 2531 quia
1311 2476 1403 2518 erat
1436 2471 1552 2516 locus
1587 2471 1694 2515 situs
1729 2484 1857 2529 super

222 2592 224 2595 ,
300 2554 474 2599 fluvium
492 2553 669 2609 Wisera,
699 2553 745 2596 in
774 2566 883 2610 pago
903 2552 1141 2609 Auguense,
1173 2551 1245 2609 qui
1273 2549 1510 2609 pertinebat
1540 2549 1595 2592 ad
1622 2547 1768 2593 villam
1787 2548 1856 2593 cui

301 2631 548 2676 vocabulum
580 2634 644 2675 est
669 2627 881 2684 Huxere¹3
914 2630 1025 2686 quod
1059 2633 1100 2673 et
1130 2632 1254 2673 antea
1283 2627 1452 2685 quidam
1482 2626 1730 2670 audiverant
1749 2629 1793 2671 et
1810 2626 1856 2670 id

301 2711 440 2768 ipsum
468 2707 714 2767 imperatori
743 2708 1042 2751 indicaverant.
1104 2707 1247 2751 lerunt
1275 2718 1386 2761 ergo,
1418 2707 1461 2748 et
1489 2703 1659 2761 quidam
1688 2717 1742 2748 ex
1770 2703 1855 2748 fra-

394 2838 421 2858 a.
448 2830 549 2860 tamen
577 2839 632 2858 om.
655 2828 683 2857 1.
707 2828 735 2857 3.
823 2826 853 2857 b.
880 2826 999 2857 tradere
1027 2827 1056 2857 3.
1143 2833 1170 2856 ο.
1200 2825 1291 2856 etim
1317 2834 1376 2855 on.
1403 2824 1432 2854 2.
1521 2822 1552 2854 d.
1579 2831 1665 2854 σαι-ιι
1689 2823 1800 2857 onum
1821 2823 1856 2854 3.

302 2891 328 2912 e.
355 2880 534 2912 festinanter
553 2880 699 2912 famelicis
721 2881 740 2911 2
757 2892 816 2921 pro
837 2889 906 2911 cum
930 2895 963 2902 ·-
986 2878 1202 2911 laborantibus.

397 2951 428 2986 1.
454 2950 605 2987 Hoxter.
