1924 3288
316 163 406 207 480
766 175 964 207 wnsALm
992 175 1241 208 nprsronm
1267 176 1339 207 346.
1361 176 1434 208 34¹1

177 274 266 361 lplbl
316 274 637 327 nostrorumque
667 271 846 326 negotiis
876 285 974 328 sepe
993 279 1148 328 usque·
1166 285 1278 315 nunc
1299 271 1462 328 experti
1481 283 1640 327 sumus,
1669 271 1731 315 sic
1749 269 1878 316 estam

154 363 192 394 Se
177 331 243 403 epts
254 364 293 394 15
317 347 452 392 adhuc
479 349 526 391 in
564 348 724 392 cunctis
765 349 922 392 sentire
950 362 1035 392 non
1065 349 1326 403 dubitamus3
1365 348 1604 393 celsitudini
1630 352 1771 404 vestre
1788 348 1878 398 abac

315 426 670 483 repromittentes,
703 426 814 482 quod
844 426 897 469 ad
927 427 1254 483 promovendum
1285 426 1511 470 aecclesiae
1528 425 1611 470 Dei
1629 429 1673 470 et
1690 427 1878 471 vestrum

315 503 529 558 honorem,
563 507 720 559 quanta
740 503 938 547 debemus
960 503 1189 560 diligentia,
1221 518 1386 562 semper
1407 504 1562 548 erimus
1581 502 1885 561 pastinando.

316 584 394 636 est,
431 581 542 637 quod
570 594 647 624 nos
677 581 916 636 generalem
945 583 1105 626 curiam
1135 582 1247 639 apud
1277 581 1540 639 Herbipolim
1565 581 1706 625 medio
1719 593 1884 626 «mense.

153 665 292 704 Sept-15
317 657 554 715 Septembri
584 657 885 703 celebravimus
916 659 1057 716 ibique
1088 661 1399 718 expeditionem
1419 658 1622 715 Italicam,
1651 658 1832 716 receptis
1850 658 1887 702 a·

314 736 575 793 principibus
607 736 679 792 qui
708 741 989 781 convenerant
1017 737 1099 782 fide
1129 742 1171 782 et
1202 737 1489 793 sacramentis,
1520 735 1751 781 efficaciter¹
1766 735 1878 780 ordi-

314 813 519 856 navimus.
617 813 667 856 In
697 827 780 870 qua
808 815 890 858 rite
920 816 1160 872 peragenda
1190 815 1388 872 quoniam
1412 814 1625 872 presentia
1642 817 1687 858 et
1704 813 1878 858 coneilio

315 890 458 934 dilecti
494 891 629 934 nostri
658 891 894 947 Har(twici)
924 893 1175 937 venerabilis
1205 892 1445 936 Bremensis
1476 891 1781 950 archiepiscopi
1795 892 1884 935 sscaei

314 982 407 1012 rere
436 981 515 1012 nec
544 969 742 1013 debemus
772 983 850 1014 nec
877 970 1084 1027 volumus,
1115 971 1384 1028 paternitatis
1413 973 1579 1014 vestrae
1609 969 1889 1014 serenitatem-

314 1049 476 1090 attenta
504 1046 786 1091 benivolentia
813 1061 1023 1104 rogamus,
1054 1052 1102 1092 ut
1133 1048 1246 1092 diem
1275 1051 1318 1092 et
1346 1048 1576 1092 terminum
1604 1061 1682 1105 pro
1711 1048 1878 1092 conuen-

313 1124 452 1167 vanda
486 1124 725 1169 Bremensis
764 1125 989 1170 aecclesiae
1028 1126 1231 1181 dignitate
1271 1125 1353 1170 sibi
1391 1126 1665 1169 constitutum
1689 1123 1880 1180 benigne

313 1201 378 1245 illi
413 1203 661 1258 remittatis,
701 1206 743 1247 et
781 1216 950 1247 causam
988 1203 1123 1261 ipsius
1162 1218 1295 1260 usque
1334 1203 1388 1246 ad
1422 1206 1616 1246 nostrum
1650 1201 1885 1246 adventani·

314 1279 530 1335 differatis,
560 1280 639 1323 hac
663 1281 913 1338 interposita
933 1314 1062 1324 .....
1085 1280 1357 1336 constantiab,
1388 1284 1436 1324 ut
1464 1281 1511 1324 in
1530 1283 1674 1324 nostro
1695 1279 1881 1324 adventu

314 1358 460 1402 eadem
495 1371 621 1401 causa
649 1358 696 1401 in
725 1362 867 1402 vestra
894 1360 1110 1415 presentia
1139 1359 1368 1403 secundum
1397 1362 1587 1402 tenorem
1614 1357 1811 1402 veritatis·
1834 1360 1879 1401 et

312 1435 499 1479 iustitiae
529 1436 790 1480 terminetur.
838 1435 995 1479 Confisi
1026 1437 1139 1480 enim
1169 1437 1220 1480 de
1243 1440 1386 1480 vestra
1415 1436 1668 1491 sinceritate,
1698 1435 1878 1491 fretique

313 1513 487 1557 consilio
517 1513 661 1556 dilecti
689 1513 825 1556 nostri
845 1513 1098 1568 O(ctaviani)
1125 1514 1350 1558 cardinalis
1363 1510 1374 1531 ¹
1391 1514 1536 1569 vestri,
1569 1513 1642 1570 qui
1659 1515 1763 1556 tunc
1779 1524 1890 1570 μιθ-Ι

314 1604 410 1634 sens
441 1594 544 1646 erat,
574 1591 786 1648 prefatum
817 1591 1189 1649 archiepiscopum,
1222 1605 1318 1635 cum
1347 1591 1433 1634 iam
1464 1591 1518 1634 ad
1537 1591 1620 1634 iter
1638 1589 1878 1634 faciendum

313 1669 548 1712 succinctus
580 1672 703 1724 esset,
735 1669 846 1725 apud
875 1683 951 1712 nos
982 1670 1244 1725 retinuimus,
1275 1672 1324 1712 ut
1348 1669 1395 1712 in
1414 1671 1534 1712 tanta
1553 1671 1596 1712 et
1615 1671 1703 1712 tam
1723 1666 1877 1712 celebri

314 1747 579 1803 expeditione
595 1760 691 1790 eum
704 1746 978 1803 promtiorem
993 1747 1148 1791 habere
1164 1747 1389 1791 valeamus.
1474 1745 1698 1790 Sanctitati
1710 1748 1877 1789 vestrae

314 1827 473 1867 attente
511 1824 850 1867 commendamus
890 1825 1162 1868 karissimum
1199 1824 1320 1868 nobis
1351 1823 1646 1868 Corbeiensem
1683 1823 1878 1867 abbatem

313 1900 573 1957 Wibaldum,
610 1901 749 1945 virum
778 1902 922 1958 utique
958 1902 1209 1959 prudentem
1241 1906 1282 1945 et
1312 1905 1400 1945 tam
1430 1901 1548 1945 vobis
1579 1914 1707 1958 quam
1737 1913 1877 1945 sacro-2

315 1982 483 2023 sanctae
512 1979 640 2022 matri
667 1982 810 2023 nostre
830 1979 1017 2023 Romane
1048 1980 1272 2023 aecclesiae
1302 1993 1378 2036 per
1409 1979 1550 2022 omnia
1573 1978 1876 2034 fidelissimum,

314 2061 362 2100 ut
400 2071 495 2100 eum
532 2070 610 2114 pro
648 2060 816 2100 nostrae
854 2057 1088 2101 dilectionis
1130 2061 1172 2100 et
1208 2057 1424 2114 petitionis
1461 2057 1617 2100 intuitu
1653 2056 1878 2101 clementer

315 2134 548 2191 excipiatis,
579 2137 667 2177 tam
697 2135 742 2177 in
771 2135 1004 2192 privilegiis
1036 2135 1122 2178 suis
1147 2134 1442 2178 confirmandis
1464 2147 1590 2190 quam
1609 2134 1654 2177 in
1674 2133 1767 2178 aliis
1788 2134 1876 2177 suis

313 2212 587 2269 petitionibus
625 2211 802 2267 benigne
840 2213 1098 2268 exaudiatis,
1139 2216 1182 2257 et
1211 2212 1352 2268 aliqua
1380 2215 1545 2256 vestrae
1575 2211 1887 2265 benedictionis.

316 2293 358 2334 et
394 2289 554 2345 gratiae
590 2290 858 2347 prerogativa
892 2290 1140 2346 insignitum
1178 2290 1232 2334 ad
1268 2303 1344 2334 nos
1383 2302 1479 2333 cum
1515 2289 1667 2345 gaudio
1697 2288 1874 2334 celerius

314 2367 552 2412 remittatis.

320 2520 436 2568 347.
463 2523 675 2567 Promissa
704 2522 991 2565 Romanorum
1000 2529 1026 2566 ⁰.

93 2624 301 2661 1150-1151
435 2617 523 2661 Hec
553 2619 664 2671 sunt,
696 2629 775 2672 que
807 2620 1020 2661 senatores
1051 2617 1304 2675 promittunt
1330 2617 1466 2661 facere
1493 2619 1535 2661 et
1562 2614 1799 2671 adtendere,
1831 2617 1874 2660 et

316 2698 576 2740 sacramento
606 2693 774 2737 firmare
804 2693 1025 2738 voluerunt
1056 2699 1098 2739 et
1126 2695 1284 2739 volunt.

414 2811 440 2833 a.
468 2811 564 2841 nsque
587 2801 707 2832 addidi.
790 2799 818 2830 b.
847 2799 1026 2839 interposita
1046 2810 1083 2831 nr
1094 2824 1101 2831 .
1115 2823 1123 2831 .
1136 2824 1143 2831 .
1156 2824 1164 2832 .
1177 2801 1346 2832 constantia
1364 2813 1388 2831 c.
1412 2812 1451 2831 an
1466 2799 1646 2839 interposita
1658 2800 1779 2830 nostru
1800 2798 1872 2830 ndei

317 2856 507 2888 constantia?
590 2864 616 2885 c.
645 2854 753 2884 Edidit
774 2855 909 2883 pertzius
934 2857 1017 2885 Mon.
1031 2857 1126 2886 Germ.
1143 2856 1223 2886 niet:
1235 2857 1307 2896 Leg-
1321 2857 1363 2886 ΙΙ.
1379 2854 1429 2884 88.

413 2920 444 2955 1.
470 2929 524 2964 pr.
543 2918 643 2955 card.
658 2917 716 2954 tit.
732 2916 771 2955 S.
789 2918 981 2955 Caeciliae.
