1924 3288
574 176 772 208 wmALm
801 174 1023 208 EP1sronA
1055 174 1125 206 278.
1547 161 1636 206 405

67 274 213 321 lesisse
240 273 475 318 insimulati
506 287 671 329 sumus,
712 271 926 329 querelam
957 272 1008 316 de
1040 274 1176 315 cetero
1207 284 1292 314 non
1322 269 1536 326 faceretis,
1574 273 1639 314 set

66 352 449 399 reconciliationem
478 354 668 396 nostram
698 352 743 395 in
773 350 946 395 consilio
977 350 1242 394 dominorum
1261 352 1515 406 nostrorum,
1549 364 1637 407 epi-

68 445 290 490 scoporum
327 430 524 475 videlicet
560 429 966 474 Patherbrunnensis
980 426 990 445 ¹
1025 425 1395 472 Monasteriensis²
1433 431 1474 472 et
1505 427 1637 472 Osne-

67 506 338 567 bruggensis³
374 509 608 567 poneretis3
648 512 689 552 et
726 508 764 552 si
794 522 902 551 unus
934 507 1102 564 quidem
1136 521 1188 551 ex
1220 507 1279 551 eis
1311 507 1379 551 vel
1410 510 1522 551 certe
1554 507 1635 550 duo

67 589 215 634 adesse
250 602 336 633 non
373 588 607 646 potuerint,
646 589 783 630 totum
819 586 996 630 verbum
1032 588 1223 629 nostrum
1261 586 1307 628 in
1341 584 1556 630 voluntate
1595 588 1637 629 et

13 653 15 658 ’
67 667 329 712 ordinatione
360 666 519 710 domini
548 665 683 709 nostri
702 664 1108 708 Patherbrunnensis
1141 664 1327 722 episcopi
1353 664 1633 707 dimitteretis.

183 745 271 790 Nos
302 758 466 803 quoque
496 744 548 788 de
578 749 716 788 cetero
747 742 995 801 paternitati
1019 745 1187 786 vestrae
1216 746 1258 786 et
1279 742 1504 787 aecclesiae
1525 741 1635 786 Min-

66 823 187 870 densi
216 823 364 869 devote
395 823 553 867 servire
582 822 723 880 parati
754 822 909 866 erimus
935 824 977 865 et
997 820 1260 865 officiositate
1290 824 1438 865 nostra
1469 834 1635 865 omnem

65 902 400 958 commotionem,
423 915 549 959 quam
570 901 794 945 adversum
815 914 891 944 nos
911 900 1108 945 habuisse
1124 899 1390 956 dicebamini,
1412 914 1488 956 per
1509 900 1635 944 mise-

64 981 291 1026 ricordiam
310 980 391 1025 Dei
422 979 598 1024 delinire
629 979 903 1036 studebimus,
935 982 995 1035 ut,
1027 979 1100 1023 ubi
1125 978 1386 1023 habundavit
1412 978 1634 1035 discordia,

65 1059 405 1118 superhabundet
434 1058 595 1102 karitas
628 1061 670 1102 et
699 1058 838 1113 gratia
847 1055 872 1101 ⁴.
916 1057 1026 1101 Nam
1058 1057 1158 1114 quia
1188 1057 1348 1100 domini
1367 1057 1503 1100 nostri
1523 1058 1635 1113 regis

65 1137 266 1183 offensam
296 1151 370 1182 vos
404 1137 632 1182 incurrisse
661 1140 835 1195 propter
866 1150 942 1180 nos
975 1135 1144 1191 doletis,
1185 1149 1352 1179 omnem
1382 1136 1636 1192 indignatio-

63 1230 162 1261 nem
182 1217 286 1273 eius,
308 1229 435 1274 quam
454 1219 628 1274 propter
643 1222 744 1259 nos*
765 1215 892 1259 habet
913 1215 1136 1258 adversum
1157 1228 1245 1270 vos,
1266 1214 1319 1258 ad
1339 1228 1495 1272 purum
1516 1215 1635 1259 vobis

64 1294 259 1352 mitigare
298 1298 340 1340 et
377 1308 572 1339 serenare
610 1293 832 1350 diligenter
867 1293 1173 1348 laborabimus3
1222 1296 1264 1337 et
1302 1307 1446 1337 omnes
1487 1307 1635 1338 causas

62 1376 224 1419 vestras
251 1387 337 1418 non
366 1373 556 1418 inferiori
582 1373 720 1417 studio
746 1386 872 1430 quam
894 1375 1061 1416 nostras
1092 1371 1323 1429 provehere
1355 1375 1397 1416 et
1429 1372 1482 1415 ad
1514 1371 1634 1417 effec-

62 1455 154 1497 tum
178 1452 422 1511 perducere,
454 1452 492 1496 si
518 1466 604 1497 non
632 1451 920 1508 dedignamini
940 1450 1060 1495 nobis
1084 1464 1153 1494 eas
1175 1451 1404 1507 insinuare,
1437 1451 1635 1509 deinceps

63 1531 336 1577 studebimus.
437 1530 645 1588 Denique,
677 1530 715 1574 si
743 1530 945 1574 nuncium
975 1532 1163 1574 vestrum
1195 1532 1237 1573 et
1265 1529 1429 1573 litteras
1461 1544 1634 1574 excusa-

62 1611 193 1655 torias
224 1610 278 1654 ad
308 1609 524 1654 dominum
554 1612 746 1653 nostrum
776 1623 921 1665 regem
950 1608 996 1652 in
1025 1608 1248 1653 nativitate
1279 1609 1427 1653 beatae
1451 1606 1633 1654 Mariae⁵

64 1689 118 1734 ad
153 1689 314 1734 curiam
351 1688 620 1744 Nurenberg,
662 1687 716 1731 ad
754 1701 881 1745 quam
911 1690 1134 1731 vocaverat
1163 1700 1258 1743 vos,
1297 1688 1632 1744 transmiseritis,

62 1768 142 1812 hoc
173 1767 285 1826 apud
315 1780 411 1812 eum
441 1765 771 1822 elaborabimus,
812 1765 924 1823 quod
953 1765 1179 1810 clementer
1210 1765 1327 1809 vobis
1358 1767 1561 1811 rescribet
1591 1770 1634 1811 et

62 1845 196 1891 iramb
238 1845 365 1890 simul
401 1848 443 1890 et
479 1844 832 1901 indignationem,
873 1858 999 1901 quam
1037 1857 1114 1902 pro
1151 1843 1272 1888 nobis
1305 1845 1528 1889 adversum
1558 1859 1633 1890 vos

63 1924 222 1980 habuit,
253 1927 342 1968 tam
371 1937 448 1982 per
477 1923 640 1968 litteras
673 1937 770 1967 suas
802 1937 928 1980 quam
958 1937 1035 1981 per
1064 1923 1265 1966 nuncium
1295 1926 1483 1967 vestrum
1513 1924 1632 1968 vobis

63 2003 241 2059 benigne
279 2002 478 2047 remittet.
607 2001 713 2054 Quia
751 2002 879 2047 etiam
915 2002 961 2046 in
998 2001 1206 2057 legatione
1246 2002 1390 2045 domni
1427 2002 1539 2058 regis
1578 2003 1632 2046 ad

64 2081 263 2125 domnum
292 2094 450 2139 papam
471 2081 516 2124 in
536 2081 845 2138 presentiarum
866 2080 1153 2138 transibimus,
1183 2081 1262 2125 hoc
1283 2095 1446 2138 quoque
1466 2084 1631 2125 vestrae

64 2159 334 2205 excellentiae
363 2158 600 2215 firmamus,
633 2159 745 2217 quod
775 2162 921 2204 contra
950 2158 1152 2203 honorem
1182 2163 1370 2204 vestrum
1401 2163 1444 2204 et
1474 2159 1630 2204 aeccle-

63 2238 152 2283 siae
181 2240 345 2282 vestrae
374 2236 481 2281 nihil
512 2250 607 2281 cum
637 2237 789 2281 domno
817 2251 931 2295 papa
949 2238 1244 2293 tractabimus3
1277 2241 1354 2294 set,
1386 2239 1421 2282 si
1453 2240 1629 2283 domnus

62 2330 175 2374 papa
205 2316 422 2374 scripserit
450 2315 569 2359 vobis
599 2329 676 2372 pro
709 2315 878 2371 querela
907 2319 1064 2373 nostra,
1097 2316 1201 2360 talia
1230 2317 1282 2360 ad
1303 2331 1377 2360 vos
1410 2318 1537 2361 scribi
1566 2318 1628 2361 fa-

62 2394 241 2451 ciemus,
283 2408 363 2452 que
403 2396 552 2448 cogent
582 2406 655 2437 vos
693 2393 830 2438 facere
859 2394 1071 2439 iusticiam
1111 2395 1162 2439 de
1192 2395 1456 2439 invasoribus
1488 2410 1629 2439 rerum

62 2476 314 2529 nostrarum,
351 2475 393 2517 et
422 2475 565 2516 tamen
596 2472 779 2528 quietem
809 2475 994 2516 vestram
1025 2476 1067 2517 et
1097 2487 1245 2530 pacem
1275 2473 1505 2518 Mindensis
1537 2488 1628 2517 aec-

63 2550 213 2595 clesiae
251 2564 336 2595 non
373 2550 691 2609 perturbabunt.
813 2550 903 2594 Hoc
939 2565 1102 2608 quoque
1138 2552 1183 2595 in
1217 2552 1296 2595 hac
1328 2552 1628 2609 compositione

63 2628 409 2686 comprehensum
437 2630 530 2685 fuit,
562 2632 623 2684 ut,
655 2628 692 2671 si
721 2627 836 2672 Deus
866 2628 977 2672 infra
1007 2630 1197 2686 spacium
1226 2630 1349 2673 huius
1380 2644 1521 2674 morae
1550 2644 1627 2674 nos

65 2706 116 2751 de
144 2706 225 2751 hoc
254 2707 392 2751 seculo
413 2707 638 2763 vocaverit,
670 2706 932 2751 Corbeiensis
954 2707 1155 2751 aecclesia
1176 2711 1218 2752 et
1237 2721 1452 2752 successor
1470 2716 1626 2764 noster,

161 2836 188 2857 a.
215 2836 271 2857 nos
294 2828 415 2858 addidi.
497 2827 526 2858 b.
556 2827 668 2858 curiam
691 2839 716 2856 c.

161 2891 192 2925 1.
223 2890 438 2927 Bernhardi.
540 2892 575 2927 2.
608 2890 789 2927 Werneri.
892 2891 926 2927 3.
959 2890 1133 2938 Philippi.
1242 2892 1278 2928 4.
1311 2889 1367 2928 Of.
1384 2891 1489 2928 Rom.
1507 2892 1540 2939 5,
1566 2893 1622 2929 20.

65 2950 99 2987 5.
124 2948 224 2998 Sept.
242 2950 275 2987 8.
303 2949 358 2988 Cf.
376 2962 433 2998 ep.
453 2951 523 2988 276
547 2961 659 2999 supra
682 2962 718 2999 p.
736 2951 818 2989 402.

1700 271 1793 309 1150

1605 350 1613 358 ,
1660 322 1715 353 Iul.
1729 332 1773 353 ex.
1789 338 1823 343 —

1676 366 1752 403 Aug.
1763 365 1805 396 in.
