1930 3242
201 290 294 326 1146

190 338 255 370 Oct.
268 340 307 369 20

228 1307 304 1338 Nov.

330 181 389 225 50
746 188 1150 224 canonos-nunus
1179 185 1474 220 consummem

329 286 460 331 libere
489 288 634 331 acturi.
682 286 885 331 Omnibus
917 297 1014 338 ergo
1044 283 1089 326 in
1118 282 1185 326 his
1215 282 1545 326 assencientibus
1561 285 1610 326 ut
1628 280 1886 336 diemout,

329 365 582 408 conveniunt
620 365 772 408 fratres
811 366 853 406 et
891 361 1046 415 clerus,
1091 360 1302 417 principes
1341 360 1513 416 quidam
1547 357 1809 404 beneficiales
1827 361 1888 402 vet

329 441 490 486 nobiles
520 442 706 486 eiusdem
735 440 854 494 legis,
885 437 1180 482 ministeriales
1212 451 1394 494 quoque;
1425 441 1468 482 et
1495 439 1599 494 post
1615 435 1781 492 mults,
1791 438 1887 480 tm«-

328 518 426 563 dem
453 518 746 563 universaliter
773 517 825 560 ab
846 516 1039 560 omnibus
1061 515 1153 573 ipse
1175 515 1351 559 domnus
1366 513 1670 569 W(icboldus)
1655 526 1704 558 m
1712 515 1887 572 pestem

328 596 624 652 dominumque
655 590 858 650 eligitur¹⁸

445 670 683 729 Legatarii²
714 685 813 727 ergo
851 671 903 715 de
940 670 1141 715 fratribus
1172 674 1215 715 et
1242 668 1539 714 ministeriales
1567 681 1673 714 33111
1689 612 1888 713 Brutum

330 751 543 808 preposito
570 750 830 793 honestiores
851 748 906 792 ad
926 748 1120 792 accersiri
1140 762 1236 792 eum
1255 747 1544 791 instituuntur.
1592 745 1887 801 Setseomu'm,

329 827 502 872 consilio
532 830 714 883 mutate,
745 826 866 871 nobis
897 829 1038 870 3313111
1068 830 1110 870 31
1138 839 1246 883 pene
1275 825 1467 868 omnibus
1496 816 1887 879 inconsultantihug

328 919 426 949 cum
459 907 514 950 10
542 905 697 949 11131313
727 904 919 948 omnibus
950 903 1174 961 deputatis,
1206 902 1444 960 prepositus
1475 914 1572 946 311111
1600 900 1690 945 suis
1709 900 1888 945 clettam

327 986 519 1026 nostrum
557 983 710 1038 adivit,
750 981 893 1026 domni
923 982 1035 1037 regis
1065 981 1199 1025 nostri
1228 984 1271 1025 et
1299 980 1480 1024 fratrum
1507 982 1673 1023 tantum
1701 977 1887 1023 listune?

328 1060 510 1105 advexit.
631 1060 753 1112 Quali
788 1062 929 1103 autem
958 1059 1202 1104 habitudine
1231 1058 1385 1101 mentis
1416 1056 1669 1114 susceperit,
1706 1069 1761 1100 ex
1789 1054 1888 1101 sub-

328 1137 623 1194 sequentibus*
646 1137 812 1192 litteris,
845 1150 949 1193 quas
981 1149 1179 1193 quorsum
1209 1139 1252 1180 et
1280 1135 1458 1190 miserit,
1488 1133 1649 1190 legens
1660 1136 1705 1178 et
1732 1146 1888 1218 gnam
1912 1128 1913 1131 ’

328 1216 437 1260 33113
466 1216 634 1273 poterit.
679 1215 846 1272 Itaque:

450 1293 632 1349 „Inclito
662 1290 960 1349 triumphatori
991 1303 1040 1334 33
1069 1290 1335 1334 3313111331ωο
1366 1289 1537 1333 (10311110
1565 1301 1641 1332 330
1655 1249 1886 1342 Quando)

327 1371 408 1416 Dei
438 1371 575 1427 gratia
599 1370 884 1414 Romanorum
909 1367 1155 1425 imperatori
1183 1370 1358 1422 augusto
1384 1367 1516 1410 frater
1534 1364 1796 1420 W(ibaldus)‚
1818 1363 1889 1410 111

327 1449 428 1494 vina
456 1447 745 1492 misericordia
775 1445 1036 1491 Stabulensis
1067 1444 1266 1489 ecclesiae
1294 1458 1453 1499 servus,
1484 1443 1663 1488 salutem
1680 1443 1799 1487 111-301
1815 1441 1889 1499 qui

327 1526 402 1571 dat
430 1526 610 1570 salutem
639 1525 807 1580 regibus
816 1520 843 1567 ³.
935 1522 1111 1566 Pietatis
1141 1526 1306 1566 vestrae
1334 1522 1512 1576 litteras,
1544 1533 1648 1577 quas
1671 1518 1793 1564 nobis
1811 1531 1890 1576 pm·

328 1604 590 1661 prepositum
618 1602 858 1646 Brunonem
888 1603 1030 1644 vestra
1058 1599 1368 1655 magnificentia
1399 1598 1688 1643 transmittere
1716 1597 1890 1652 dignata

328 1685 406 1738 est,
426 1682 674 1738 recepimus.
722 1679 849 1735 Quae,
876 1679 985 1722 sicut
1003 1677 1231 1735 plurimum
1251 1677 1394 1732 gaudii
1415 1680 1457 1720 et
1477 1674 1746 1720 exultationis
1765 1674 1887 1718 nobis

328 1759 596 1803 contulerunt
626 1771 678 1802 ex
710 1771 773 1812 30,
805 1756 916 1813 quod
944 1756 990 1798 in
1020 1758 1246 1812 conspectu
1273 1754 1505 1799 maiestatis
1524 1756 1690 1799 vestrae
1708 1752 1887 1808 gratiam

329 1840 371 1881 et
408 1835 740 1880 misericordiam
778 1848 855 1878 nos
892 1833 1103 1877 invenisse
1141 1832 1266 1876 certis
1305 1830 1688 1889 experimentorum
1720 1829 1888 1879 indiciis

328 1914 612 1969 cognovimuS,
643 1913 704 1956 ita
724 1911 904 1956 multum
925 1910 1218 1954 sollicitudinis
1239 1913 1281 1954 et
1301 1909 1526 1954 anxietatis
1547 1909 1599 1953 de
1618 1921 1747 1952 cause.
1760 1918 1889 1964 quam

328 1991 598 2036 continebant
627 1994 795 2034 nostrae
826 1989 1027 2046 parvitati
1055 1988 1324 2045 prebuerunt.
1372 1986 1587 2044 Siquidem
1609 1983 1890 2041 magnitudini

328 2072 493 2112 vestrae
512 2067 671 2125 placuit
691 2066 926 2123 significare
946 2067 1081 2123 nobis,
1113 2067 1224 2123 quod
1244 2064 1506 2110 Corbeiensis
1527 2062 1703 2108 ecclesia
1719 2065 1889 2120 putore

328 2159 404 2190 330
433 2146 605 2190 viduata
634 2159 710 2189 nos
741 2146 836 2203 pari
865 2145 1072 2189 desiderio
1112 2148 1155 2188 et
1191 2142 1381 2188 unanimi
1417 2154 1621 2186 consensu
1649 2140 1695 2184 in
1722 2143 1889 2197 patrem

328 2224 411 2268 sibi
440 2227 483 2268 et
511 2227 724 2281 pastorem
755 2223 991 2267 animarum
1022 2222 1206 2277 elegerit.
1252 2220 1322 2264 Ad
1353 2219 1463 2276 quod
1493 2231 1597 2262 onus
1627 2217 1888 2266 subeundum

327 2315 404 2345 nos
434 2301 615 2356 hortari,
656 2304 698 2345 et
728 2301 894 2345 divinae
925 2300 1155 2344 vocationis
1189 2301 1432 2356 preceptum
1461 2295 1600 2352 sequi,
1638 2298 1782 2340 vestra
1816 2293 1887 2341 be-

327 2379 511 2436 nignitas
542 2392 639 2423 cum
669 2379 810 2435 regiae
839 2378 1037 2422 iussionis
1058 2376 1306 2422 auctoritate
1324 2373 1562 2420 maturavit.
1608 2372 1767 2418 Verum
1786 2385 1888 2430 quo-

423 2513 451 2535 3.
472 2504 595 2535 11313133
617 2515 642 2534 0.
727 2503 757 2533 b.
781 2502 1000 2543 subquentibus
1023 2515 1047 2533 c.

423 2575 457 2610 1.
482 2573 608 2620 itaque
625 2573 684 2610 die
700 2573 748 2610 20
763 2573 842 2610 Oet.
878 2572 1047 2609 Eundem
1070 2571 1168 2608 diem
1185 2569 1294 2608 electi
1309 2566 1470 2606 wibaldi
1493 2565 1638 2603 abbatis
1654 2563 1888 2604 Corbeiensis

328 2633 569 2680 intelligimus
593 2643 640 2670 ex
663 2632 770 2670 Notis
794 2631 1076 2668 stabulensibus
1099 2629 1195 2668 infra
1217 2632 1257 2666 et
1280 2639 1326 2666 ex
1349 2627 1466 2674 ipsius
1490 2625 1652 2663 wibaldi
1677 2625 1804 2663 tabula
1825 2633 1887 2672 tp.

328 2693 471 2729 Erhard
494 2693 585 2740 Reg.
605 2691 773 2738 Westph.
797 2691 844 2728 11.
870 2691 960 2728 Cod.
984 2690 1075 2736 dipl.
1099 2701 1136 2736 p.
1154 2690 1217 2734 61,
1249 2688 1287 2725 111
1312 2698 1385 2734 qua
1407 2686 1462 2723 313
1484 2685 1659 2732 legimus:
1690 2685 1755 2732 „in
1785 2684 1888 2722 311111-

327 2752 489 2789 versario
507 2755 630 2789 nostre
647 2751 899 2796 ordinationis,
924 2750 962 2786 id
979 2754 1036 2787 est
1054 2750 1091 2786 in
1107 2748 1237 2795 vigilia
1250 2746 1306 2784 XI
1321 2745 1461 2782 milium
1477 2744 1688 2791 virginum“
1705 2745 1768 2790 (20
1777 2743 1885 2788 Oen).

331 2811 523 2848 wibaldus
538 2811 676 2848 ibidem
692 2810 787 2847 diem
806 2810 962 2847 eundem
975 2807 1282 2857 „anniversarium
1299 2805 1397 2842 diem
1413 2804 1603 2842 electionis
1614 2803 1758 2841 nostre“
1767 2806 1887 2850 vocat,

330 2874 371 2906 ut
393 2881 478 2907 eum
502 2873 628 2917 pateat
660 2873 818 2916 utroque
849 2868 964 2906 verbo
994 2868 1166 2906 electio
1196 2869 1234 2904 et
1264 2863 1503 2903 ordinatio
1536 2863 1633 2901 idem
1665 2861 1886 2911 significate.

329 2930 363 2965 2.
390 2930 532 2976 Legati.
628 2931 663 2966 3.
688 2930 748 2966 Ps.
768 2930 848 2974 143,
866 2929 922 2964 10.
