1924 3288
508 183 708 215 wmALm
736 182 986 214 nms'ronffl
1017 181 1087 212 317.
1112 180 1182 212 318.
1537 168 1623 212 447

61 290 136 322 seu
171 277 354 323 alienum
392 279 418 323 a
452 278 659 323 desiderio
689 278 881 323 coelestis
912 278 1096 335 patriae,
1134 290 1302 334 preesse
1333 279 1375 321 et
1404 276 1625 334 providere
1641 279 1793 335 115091·
1815 297 1848 302 -

59 354 172 412 filiis,
202 355 377 413 diligere
408 360 451 401 et
478 371 623 413 regere
655 356 913 412 aecclesiam,
945 369 1071 413 quam
1091 355 1209 399 vobis
1240 355 1509 399 commissam
1534 368 1625 398 esse
1640 328 1726 363 1151
1745 339 1787 359 m.

61 434 199 489 scitia
230 448 338 492 quae
369 435 450 480 etsi
468 435 593 478 modo
621 435 805 492 peccatis
827 433 1090 490 exigentibus
1109 433 1358 489 flagellatur,
1389 435 1539 490 potens
1562 436 1626 476 est

59 510 239 557 liberare
270 527 364 558 eam
393 513 529 569 Deus,
566 512 638 570 qui
667 512 826 568 locum,
858 512 903 555 in
934 526 1015 569 quo
1047 512 1130 556 sita
1159 515 1243 567 est,
1275 511 1330 555 ad
1360 511 1624 555 serviendum

61 589 143 635 sibi
175 589 302 647 elegit
324 595 421 636 ante
442 590 593 635 secula.
637 589 786 646 Quare,
817 593 939 647 pater
959 590 1194 646 karissime,
1227 592 1476 647 paupertate
1496 588 1626 633 eccle-

60 668 149 713 siae
177 672 361 726 nostrae,
393 683 500 727 quae
529 682 604 713 vos
636 682 661 712 a
689 668 830 726 prima
858 668 946 712 fere
977 671 1088 712 etate
1119 668 1297 712 nutrivit
1326 667 1431 711 aluit
1461 670 1503 712 et
1528 681 1627 725 pro-

60 747 206 803 movit,
237 750 457 792 contentus
466 754 493 803 ⁸,
518 761 613 791 eam
637 760 903 803 nequaquam
923 746 1148 800 deseratis;
1181 746 1280 802 quia
1300 745 1379 790 hoc
1400 745 1628 790 secundum

60 824 277 870 hominum
306 825 462 870 iustam
492 825 802 869 estimationem
832 828 874 868 et
893 838 995 869 vera
1023 824 1180 868 iudicia
1209 819 1332 879 longe
1364 826 1475 868 esset
1506 824 1530 867 a
1552 837 1627 881 pa-

60 905 182 948 terna
211 903 399 959 caritate,
431 906 474 947 et
504 903 732 947 secundum
754 902 906 958 Deum,
938 903 1168 947 secundum
1198 902 1448 960 apostolum,
1481 914 1628 945 secun-

61 980 162 1026 dum
205 981 479 1026 christianam
523 981 759 1026 doctrinam
800 980 983 1025 alienum
1022 984 1133 1025 esset
1170 980 1222 1025 ab
1261 981 1376 1024 omni
1411 979 1627 1035 religionis

60 1059 230 1117 pietate.
342 1059 551 1115 Ceterum,
584 1073 712 1116 quare
744 1059 798 1103 ad
828 1059 1050 1103 consilium
1077 1059 1258 1103 fratrum
1287 1058 1385 1102 laici
1414 1071 1499 1102 non
1530 1062 1629 1102 sunt

62 1137 257 1194 admissi,
298 1152 351 1182 ex
387 1138 540 1182 litteris
578 1140 805 1182 conventus
836 1137 1000 1194 plenius
1031 1137 1289 1192 intelligetis.
1352 1136 1627 1193 Nequaquam

62 1216 245 1261 archana
274 1215 438 1265 consilii
467 1215 602 1260 nostri
632 1229 727 1260 cum
758 1215 823 1259 his
854 1215 1110 1273 participare
1131 1214 1338 1271 volumus,
1370 1215 1443 1272 qui
1463 1228 1629 1272 semper

61 1297 208 1338 contra
236 1307 313 1338 nos
343 1298 455 1350 sunt,
487 1294 559 1351 qui
589 1307 755 1350 semper
782 1297 928 1337 nostra
958 1296 1000 1337 et
1019 1296 1162 1337 vestra
1180 1293 1386 1337 violenter
1408 1293 1627 1350 diripiunt.

61 1371 180 1424 Quod
218 1385 317 1428 ergo
355 1372 407 1417 ab
447 1371 649 1416 aecclesia
682 1374 825 1416 vestra
863 1385 916 1415 ex
953 1371 1127 1416 consilio
1166 1374 1306 1415 actum
1345 1374 1428 1428 est,
1468 1371 1630 1415 sincere

61 1449 219 1494 factum
249 1463 354 1506 esse,
385 1450 652 1508 paternitatis
682 1452 848 1494 vestrae
877 1449 1087 1506 intelligat
1115 1450 1352 1508 prudentia.

67 1676 184 1724 318.
212 1677 266 1722 Η.
296 1677 519 1721 monachus
551 1677 804 1721 &abulensis
835 1694 862 1720 a
891 1651 1079 1721 Wibaldo
1109 1679 1271 1735 maqnis
1293 1679 1488 1735 precibus
1511 1680 1627 1735 petit,

212 1763 259 1799 ut
279 1755 532 1800 Stabulensis
552 1757 735 1798 coenobii
755 1757 984 1798 dimittendi
1004 1756 1216 1798 aemilium
1237 1757 1405 1798 omittat.
1428 1754 1499 1809 (M.
1511 1756 1630 1810 301.)

183 1850 414 1894 Karissimo
445 1849 614 1892 domino
637 1863 712 1893 suo
732 1848 956 1904 W(ibaldo)
977 1849 1206 1894 venerabili
1227 1849 1466 1894 Stabulensi
1488 1851 1630 1895 abbati
1644 1862 1736 1898 1150
1751 1874 1795 1894 ex.
1819 1880 1851 1884 -

64 1928 235 1973 humilis
266 1927 318 1972 H.
350 1926 633 1971 obedientiam
663 1927 962 1972 subiectionem
993 1941 1042 1972 ac
1071 1928 1347 1971 devotionem.
1643 1911 1732 1946 1151
1750 1913 1790 1942 ³¹¹·

184 2007 476 2061 Decreveram,
507 2008 630 2063 pater
660 2005 895 2061 karissime,
927 2006 1106 2062 digitum
1135 2019 1291 2063 ponere
1322 2006 1384 2050 ori
1406 2019 1500 2050 meo
1514 2003 1537 2062 ¹,
1568 2009 1628 2061 ut,

67 2086 139 2143 qui
176 2084 317 2129 nescio
355 2083 490 2140 loqui,
529 2083 680 2127 saltem
717 2087 765 2127 ut
803 2087 942 2128 tacere
973 2084 1183 2140 noverim,
1221 2084 1424 2142 incipiam
1454 2084 1626 2128 discere.

68 2163 152 2208 Sed
187 2163 288 2206 dum
321 2175 398 2219 pre
428 2161 558 2205 oculis
588 2161 742 2218 habeo,
783 2165 941 2219 quanta
969 2163 1014 2206 in
1045 2176 1146 2207 auro
1177 2166 1350 2218 argento
1381 2165 1423 2206 et
1452 2163 1629 2218 gemmis

66 2241 278 2297 variisque
315 2238 529 2282 ornatibus
565 2239 764 2284 ecclesiae
794 2244 963 2285 nostrae
992 2240 1248 2296 contulistis,
1288 2254 1413 2297 quam
1443 2241 1629 2284 honestis

69 2323 111 2369 et
146 2318 319 2362 utilibus
355 2315 528 2360 edificiis
560 2330 653 2360 eam
683 2319 972 2375 promovistis,
1012 2332 1218 2375 quamque
1247 2319 1434 2374 integras
1463 2333 1629 2376 posses-

68 2397 207 2441 siones
237 2396 326 2440 eius
358 2398 400 2439 et
428 2395 578 2439 fundos
608 2409 692 2439 non
723 2396 859 2439 solum
889 2397 1130 2440 custodistis
1151 2411 1296 2441 verum
1327 2397 1454 2440 etiam
1482 2397 1534 2441 ab
1555 2411 1629 2440 an-

68 2474 345 2519 tecessoribus
365 2473 517 2517 vestris
547 2472 657 2516 male
687 2473 908 2518 distractas
938 2474 1212 2530 recollegistis
1244 2478 1286 2518 et
1307 2475 1498 2530 auxistis,
1529 2474 1629 2517 dum

71 2553 199 2597 etiam
227 2551 487 2606 reminiscor,
519 2554 722 2607 quantum
751 2550 982 2596 honestatis
1003 2552 1248 2610 disciplinae
1270 2565 1318 2596 ac
1339 2551 1629 2595 sollicitudinis

70 2630 369 2687 imitabilisque
400 2628 582 2686 exempli
612 2628 724 2672 circa
753 2642 827 2672 vos
857 2631 1167 2686 perspexerim,
1207 2630 1261 2673 ad
1290 2629 1485 2673 ultimum
1516 2643 1628 2685 vero,

73 2708 183 2764 quod
211 2708 396 2751 maxime
426 2719 497 2750 cor
526 2720 668 2750 meum
697 2706 846 2762 tangit,
879 2720 1004 2763 quam
1033 2707 1103 2764 pie
1135 2707 1186 2751 ab
1217 2707 1394 2750 infantia
1417 2721 1485 2750 me
1506 2707 1629 2751 colle-

71 2786 204 2842 gistis,
236 2799 362 2843 quam
391 2783 718 2829 misericorditer
747 2783 966 2840 habuistis,
998 2798 1123 2841 quam
1153 2784 1377 2829 clementer
1407 2784 1629 2841 educastis,

169 2890 196 2911 a.
224 2882 414 2921 contemptus
436 2894 462 2912 c.

169 2939 202 2974 1.
227 2938 293 2975 101>
317 2939 373 2985 21,
399 2939 433 2976 5.
