1924 3288
600 194 797 224 wmALm
826 193 1046 224 EPISTOLA
1076 193 1148 224 449.
1569 183 1651 226 581

91 289 256 335 sublata
284 290 365 333 fuit
377 286 399 333 ¹.
443 288 669 345 Gerardus,
700 289 830 333 frater
850 288 1080 345 Wasmodi‚
1112 287 1317 344 Hartgoto
1338 288 1479 333 villico
1501 290 1658 334 aeccle·
1685 294 1776 330 1156

91 368 178 412 siae
208 368 295 412 iam
324 382 401 425 per
434 381 563 412 annos
596 371 688 412 octo
715 367 814 411 tulit
834 367 936 411 duos
957 381 1142 423 mansos,
1175 380 1278 424 quos
1301 366 1450 411 habuit
1468 367 1513 410 in
1532 367 1659 412 bene-
1685 343 1775 380 1157

90 446 198 503 ficio,
231 447 334 490 sitos
364 447 409 490 in
440 445 541 490 villa
569 445 926 503 Bennedestorph.
987 444 1194 489 Robertus
1225 442 1362 488 Mule²
1394 446 1419 489 8
1447 446 1661 503 mancipia

92 525 318 570 aecclesiae
348 524 471 568 tollit.
533 524 598 568 De
629 527 780 580 cetero,
813 524 994 579 domine,
1027 524 1063 567 si
1094 523 1392 567 detrimentum
1421 523 1537 567 istud
1568 537 1659 568 aec-

91 603 244 649 clesiae
264 606 430 648 vestrae
461 602 626 646 illatum
655 616 740 646 non
772 601 1126 657 contradixeritis,
1157 615 1372 658 nunquam
1401 602 1546 646 eadem
1568 615 1660 646 aec-

91 682 220 726 clesia
250 681 528 739 recuperabit.
579 680 701 737 Eppe
732 679 784 723 de
813 679 1066 724 Bilverstide
1095 693 1223 723 unum
1256 694 1450 723 mansum
1482 680 1586 724 dicit
1616 694 1660 724 se

91 761 246 805 habere
275 761 321 803 in
351 758 572 813 benefici03
605 758 827 802 Heinricus
858 757 970 801 filius
990 757 1230 813 Manegoldi
1250 772 1382 802 unum
1401 771 1595 802 mansum
1616 759 1661 802 in

91 838 296 896 Hepstide
318 841 360 882 et
382 837 511 881 alium
534 837 579 880 in
594 836 835 893 Brettorpe3
859 835 992 880 Adico
1014 850 1208 880 mansum
1231 850 1361 879 unum
1381 836 1426 880 in
1442 836 1659 892 Kadingis.

212 917 260 960 In
280 914 515 960 Bertesfleit
534 914 753 958 Ricbertus
786 914 1012 958 advocatus
1044 914 1095 958 de
1118 911 1297 957 Staden³
1322 915 1349 958 5
1370 928 1539 958 mansos
1561 915 1663 959 dicit

93 1009 139 1040 se
168 995 322 1039 habere
352 994 399 1038 in
426 992 626 1038 beneficio
649 993 700 1037 de
720 992 977 1036 villicatione
996 1005 1103 1047 mea,
1134 995 1221 1035 tres
1242 1006 1407 1049 quoque
1426 993 1472 1036 in
1493 993 1662 1037 Tuilen-

91 1073 192 1130 fleit,
225 1076 267 1117 et
296 1076 382 1116 tres
412 1072 616 1127 homines,
650 1071 721 1128 qui
751 1085 904 1115 novam
935 1074 1093 1115 terram
1123 1070 1362 1114 habuerunt
1393 1074 1435 1114 et
1465 1071 1518 1114 ad
1546 1070 1662 1115 edifi-

92 1153 299 1197 cationem
331 1152 479 1195 domus
510 1153 675 1194 vestrae
704 1149 986 1207 pertinebant,
1022 1149 1313 1206 carpentarius
1346 1162 1510 1205 quoque
1539 1163 1661 1205 unus,

91 1231 265 1289 plurimi
296 1230 423 1274 etiam
453 1229 524 1285 qui
553 1227 774 1271 annualem
802 1227 983 1270 solidum
1003 1226 1243 1284 persolvere
1265 1227 1507 1270 debuerant.
1550 1227 1662 1279 Quos

94 1323 237 1353 omnes
267 1308 379 1352 idem
401 1307 620 1351 Ricbertus
652 1306 733 1350 sibi
762 1304 1030 1349 beneficiatos
1060 1305 1173 1348 dicit.
1226 1304 1274 1348 In
1301 1304 1516 1349 Betesfleit
1543 1319 1663 1349 man-

94 1401 188 1432 sum
215 1400 344 1430 unum
363 1385 569 1430 Robertus
591 1384 717 1440 MuIe,
748 1397 957 1439 mansum,
990 1383 1185 1426 domum¹¹
1217 1396 1312 1426 cum
1343 1383 1537 1427 omnibus
1567 1398 1663 1441 per—

93 1466 281 1512 tinentiis
303 1465 390 1508 suis
410 1464 612 1519 vendidit,
635 1463 707 1520 qui
728 1465 818 1506 erat
837 1460 1108 1506 beneficiatus
1124 1460 1329 1516 Hartgoto
1352 1461 1491 1505 villico
1507 1465 1663 1517 vestro,

95 1545 146 1588 de
165 1544 420 1588 villicatione
446 1556 553 1586 mea.
596 1541 872 1585 Hartwardus
902 1540 953 1583 de
973 1539 1164 1584 Windele
1191 1553 1385 1583 mansum
1414 1554 1559 1596 unum,
1593 1540 1665 1596 qui

93 1623 204 1667 iacet
233 1620 511 1676 Halstenfleit‚
542 1619 681 1675 habet,
715 1632 839 1675 quem
870 1618 1015 1661 debuit
1044 1617 1208 1661 villicus
1239 1618 1332 1662 iure
1362 1618 1529 1662 habere.
1588 1618 1664 1661 Di—

94 1701 272 1745 midium
294 1713 488 1743 mansum
508 1698 618 1741 idem
642 1696 917 1740 Hartwardus
937 1695 1077 1751 habet,
1110 1696 1182 1751 qui
1202 1696 1312 1739 iacet
1332 1695 1523 1751 Mulesla,
1554 1697 1665 1739 unde

95 1793 193 1823 cera
223 1778 366 1822 debuit
392 1775 618 1834 provideri.
660 1775 800 1818 Adiko
830 1787 1026 1817 mansum
1054 1787 1186 1816 unum
1215 1774 1340 1817 habet
1360 1774 1406 1817 in
1428 1773 1666 1818 Tuilenfleit

97 1862 139 1901 et
170 1856 299 1900 alium
329 1856 374 1898 in
394 1854 609 1909 Kadingis.
653 1853 945 1896 Heremannus
978 1851 1029 1894 de
1048 1849 1447 1908 Poppenburstade⁴
1470 1866 1664 1895 mansum

95 1949 227 1979 unum
247 1935 291 1977 in
306 1932 587 1978 Waldersede.
628 1931 841 1975 Arnoldus
862 1933 949 1973 tres
970 1943 1140 1972 mansos
1160 1930 1287 1974 habet
1309 1929 1531 1985 Gozstade,
1553 1930 1664 1973 unde

98 2015 150 2058 31
176 2012 293 2070 porci
324 2011 597 2066 exigebantur
619 2013 660 2053 et
681 2009 822 2052 omnia
841 2007 1050 2063 lignorum
1072 2006 1247 2051 edificia.
1291 2008 1446 2051 Thiezo
1468 2008 1519 2051 de
1539 2007 1664 2051 Lien-

98 2088 256 2135 denha⁵
287 2103 482 2132 mansum
511 2101 642 2131 unum
663 2087 790 2130 habet
809 2086 854 2128 in
876 2085 1034 2141 Gleten,
1068 2086 1140 2141 qui
1162 2089 1225 2129 est
1245 2085 1515 2129 beneficiatus
1536 2085 1664 2129 Hein-

97 2169 175 2213 rici
206 2167 411 2225 capellani
442 2166 583 2210 vestri.
690 2163 906 2208 Domnusb
938 2163 1209 2217 H(artwieus)
1242 2163 1580 2221 archiepiscopus
1612 2164 1663 2208 ab

100 2246 292 2291 omnibus
330 2244 568 2289 hominibus
611 2242 836 2287 aecclesiae
875 2244 1044 2285 sanctae
1081 2240 1344 2296 Margaretae
1386 2243 1470 2286 100
1499 2255 1663 2285 marcas

99 2324 366 2369 denariorum
398 2323 559 2379 accepit
590 2335 638 2365 ea
668 2321 925 2375 conditione,
964 2322 1013 2362 ut
1043 2319 1108 2362 sui
1139 2320 1402 2364 centuriones
1433 2322 1475 2363 et
1504 2319 1663 2363 villica-

99 2404 234 2447 tiones
284 2402 549 2459 provisorum
595 2403 730 2443 terras
775 2397 1087 2456 possessionum
1133 2397 1362 2441 secundum
1405 2397 1661 2442 voluntatem

101 2495 245 2526 eorum
285 2482 543 2538 exponerent
579 2481 622 2522 et
658 2480 910 2534 potestatem
948 2475 1196 2533 disponendi
1228 2478 1270 2519 et
1302 2475 1508 2520 vendendi
1536 2476 1663 2521 habe-

198 2612 224 2632 a.
252 2603 297 2632 sic
320 2600 388 2630 cod.
469 2599 499 2629 b.
524 2598 660 2628 Domnus
687 2613 719 2617 —
744 2596 925 2635 sequestrati
947 2596 1017 2625 sunt
1037 2597 1097 2625 iam
1119 2606 1212 2634 supra
1234 2595 1381 2636 leguntur.

196 2661 229 2696 1.
254 2660 381 2704 Itaque
406 2668 487 2693 cum
507 2656 711 2692 Hartwicus
731 2664 825 2690 anno
846 2654 938 2689 1148
963 2654 1138 2689 ecclesiae
1162 2652 1351 2688 Bremensi
1374 2650 1580 2698 praefectus
1606 2650 1662 2696 sit,

102 2720 228 2756 relatio
260 2719 351 2754 haec
382 2728 455 2754 non
486 2720 570 2752 ante
601 2726 735 2751 annum
763 2714 854 2750 1156
886 2713 1022 2759 scripta
1045 2717 1111 2749 est.
1209 2714 1242 2749 2.
1276 2712 1321 2748 de
1354 2722 1426 2757 quo
1449 2722 1485 2747 v.
1503 2709 1664 2746 Annales

104 2779 300 2815 Stadenses
326 2778 434 2821 (Mon.
454 2776 574 2812 Germ.
594 2774 657 2811 SS.
675 2774 775 2811 XVI.
793 2774 888 2817 320).
985 2773 1018 2808 3.
1046 2772 1092 2808 de
1108 2771 1277 2808 Ricberto
1299 2771 1477 2807 advocato
1495 2769 1664 2806 Stadensi

103 2839 187 2875 vide
213 2848 306 2884 quae
338 2837 459 2873 attulit
483 2834 725 2881 Lappenberg
749 2834 786 2869 in
810 2833 905 2869 Mon.
925 2831 1045 2868 Germ.
1065 2831 1128 2868 SS.
1147 2832 1246 2868 XVI.
1267 2832 1348 2867 376.
1453 2830 1487 2866 4.
1521 2829 1567 2865 de
1592 2840 1663 2875 quo

104 2897 150 2934 cf.
175 2897 338 2933 Annales
371 2896 567 2933 Stadenses
599 2895 622 2930 l.
640 2894 663 2930 l.
695 2894 775 2929 320.
896 2892 930 2928 5.
963 2891 1009 2927 de
1033 2892 1179 2927 Tezone
1212 2891 1257 2927 de
1282 2889 1446 2927 Lindena
1471 2901 1506 2926 v.
1531 2889 1662 2926 Annal.

105 2956 206 2994 Stad.
230 2958 253 2993 l.
270 2957 293 2992 l.
