1924 3288
301 202 388 248 244
804 212 1002 245 wmALm
1029 212 1248 246 EPISTOLA
1279 212 1348 244 15⁰.

172 313 262 349 1147
297 310 552 354 fulciremur.
604 307 872 353 Intellexerat
901 317 1080 366 namque
1109 309 1176 354 vir
1205 307 1370 353 subtilis
1399 307 1578 364 ingenii,
1613 320 1692 352 nos
1708 318 1856 366 neque

159 362 221 392 Iun.
236 363 276 392 22
301 388 310 397 ,

84 1484 145 1515 Ian.
163 1499 193 1504 ——
210 1483 273 1514 Iun.

298 402 344 431 m
382 387 609 445 optinenda
646 400 781 444 neque
819 387 865 430 in
902 387 1186 431 conservanda
1222 386 1345 429 huius
1374 385 1622 443 prelationis
1651 385 1856 442 dignitate

299 479 395 510 cum
425 466 563 522 aliquo
595 465 835 509 ambitionis
865 478 970 508 nevo
1000 464 1204 520 laborare,
1236 467 1301 507 set
1330 463 1496 508 stetisse
1519 476 1597 521 pro
1617 463 1857 508 innocentia

300 547 342 587 et
370 544 484 587 fama
513 545 660 586 nostra
691 546 733 586 et
761 556 838 600 pro
869 542 1118 598 quibusdam
1147 542 1273 586 rebus
1303 541 1472 597 nostriS,
1504 554 1608 597 quas
1638 540 1693 584 ad
1721 541 1856 585 inere-

299 625 488 665 mentum
517 620 680 665 cenobii
711 619 974 664 Corbeiensis
1003 633 1088 664 non
1117 620 1280 663 modico
1308 622 1479 676 sumptu
1498 618 1854 669 inchoaveramus

416 698 612 742 Nondum
641 698 821 742 reversis
850 698 1012 754 legatis,
1049 697 1354 741 intraveramus
1385 709 1479 740 cum
1510 699 1674 740 armata
1696 696 1857 741 milicia

300 780 342 820 et
372 777 559 820 exercitu
589 776 912 820 christianorum
940 775 1180 833 principum
1209 778 1367 818 terram
1389 773 1687 830 Leutieiorum,
1717 773 1856 819 trans-

298 854 426 897 misso
457 854 559 898 Albi
595 853 779 897 flumine.
826 853 883 897 Et
919 866 1082 897 eramus
1119 853 1165 896 in
1201 852 1416 896 obsidione
1446 851 1574 895 castri
1603 850 1750 903 Dimin
1777 850 1856 896 sub

298 932 451 975 vexillo
473 931 685 988 Crucifixi,
717 945 811 976 cum
842 944 936 975 ecce
965 931 1051 974 iam
1082 944 1181 988 sepe
1212 930 1348 974 dictus
1370 929 1591 974 Heinricus
1613 942 1744 987 parvo
1764 929 1856 986 qui-

299 1009 396 1054 dem
433 1012 714 1053 armatorum⁸
743 1022 916 1052 numero
954 1012 1018 1052 set
1053 1008 1233 1052 multum
1272 1011 1433 1051 armato
1464 1008 1604 1051 animo
1635 1006 1855 1053 Gorbeism

299 1087 487 1143 accessit,
518 1087 741 1144 missisque
770 1086 919 1142 legatis
951 1087 1050 1142 suis,
1083 1085 1328 1130 aecclesiam
1359 1085 1410 1128 de
1438 1084 1521 1129 fide
1551 1089 1593 1129 et
1621 1085 1857 1130 iuramento

298 1178 372 1208 suo
406 1165 640 1208 ammonuit
669 1169 730 1221 et,
766 1167 814 1208 ut
842 1165 983 1222 ipsum
1012 1167 1228 1220 tamquam
1257 1163 1476 1220 proprium
1506 1163 1722 1207 dominum
1749 1162 1856 1208 reci·-

297 1246 459 1299 perent,
489 1242 731 1300 postulavit.
773 1242 930 1286 Verum
958 1241 1022 1285 illi
1052 1245 1164 1286 recte
1193 1241 1292 1285 fidei
1321 1244 1363 1284 et
1382 1240 1654 1285 iurisiurandi
1671 1253 1757 1285 non
1773 1240 1855 1284 im-

297 1333 517 1376 memores,
547 1320 849 1364 monasterium
877 1320 1004 1363 armis
1025 1325 1067 1363 et
1086 1318 1424 1376 propugnaculis,
1457 1332 1563 1375 quae
1581 1331 1714 1375 usque
1731 1317 1855 1363 hodie

298 1401 457 1453 extant,
488 1398 684 1441 muniunt
714 1401 756 1441 et
785 1397 873 1441 vim
903 1397 946 1440 vi
975 1396 1176 1453 repellere
1206 1397 1297 1440 iure
1327 1397 1515 1451 gentium
1543 1395 1784 1440 moliuntur.
1855 1427 1857 1429 >

416 1475 591 1519 Fecerat
629 1479 671 1519 et
709 1478 833 1518 antea
869 1474 1005 1518 simile
1036 1474 1235 1530 quiddam
1263 1474 1310 1517 in
1338 1474 1592 1518 monasterio
1623 1474 1686 1518 (le⁴
1703 1473 1855 1518 Aldes-

296 1552 410 1607 leve3
450 1553 523 1597 ubi
561 1553 613 1597 ab
652 1553 810 1596 Hillino
851 1553 1037 1596 eiusdem
1074 1551 1318 1595 monasterii
1357 1551 1528 1607 abbate,
1568 1552 1640 1608 qui
1671 1551 1724 1596 de
1753 1550 1855 1596 Cor-

298 1631 458 1674 beiensi
496 1631 816 1686 congregatione
853 1629 940 1673 illic
978 1632 1217 1686 assumptus
1247 1628 1384 1672 fuerat
1396 1625 1420 1684 ¹,
1460 1629 1531 1685 qui
1562 1629 1588 1673 a
1616 1628 1760 1677 multis
1783 1629 1857 1674 *vir

299 1708 503 1752 discretus
534 1711 576 1751 et
605 1708 815 1752 litteratus
845 1707 1085 1764 putabatur,
1117 1706 1303 1763 hospicio
1333 1708 1431 1763 post
1458 1707 1641 1750 reditum
1671 1706 1724 1751 ab
1743 1705 1855 1751 Urbe

298 1789 505 1843 receptus,
535 1786 628 1843 ipso
660 1789 882 1840 annuente,
913 1786 958 1828 in
988 1781 1265 1828 stacionibus²
1291 1784 1410 1828 festis
1441 1796 1536 1828 cum
1564 1785 1686 1840 virga
1713 1786 1855 1842 pasto-

298 1863 379 1906 rali
422 1863 648 1919 insignitus
697 1863 912 1920 processit.
972 1862 1100 1906 Cuius
1136 1861 1480 1920 prevaricationis
1516 1862 1724 1919 premium
1760 1874 1856 1920 pre-

300 1941 506 1998 sumptori
543 1941 781 1985 consiliario
819 1945 1103 1996 transgressor
1133 1940 1224 1998 ipse
1254 1940 1455 1996 reddidit,
1493 1940 1540 1983 in
1570 1953 1619 1984 eo
1648 1938 1854 1994 videlicet,

300 2019 424 2075 quod,
456 2019 601 2063 eodem
633 2019 782 2065 abbate
812 2019 996 2074 absente,
1033 2018 1175 2062 sedem
1204 2030 1323 2061 suam
1354 2021 1396 2061 et
1425 2017 1638 2062 abbatiam
1665 2016 1712 2060 in
1741 2016 1857 2074 capi-

299 2096 387 2140 tulo
418 2096 593 2151 invasit3
635 2100 699 2140 set
730 2097 755 2140 a
784 2096 1015 2140 Fritherico
1047 2095 1232 2140 eiusdem
1262 2094 1343 2138 loci
1373 2095 1573 2138 advocato
1604 2093 1730 2152 paulo
1758 2097 1856 2152 post

300 2174 624 2231 circumseptus,
659 2175 759 2230 fuga
789 2178 831 2218 et
860 2173 1035 2231 pedibus
1065 2186 1244 2230 poenam
1274 2173 1419 2216 evasit.
1465 2171 1683 2216 Predictus
1711 2171 1853 2227 abbas,

300 2255 561 2309 contemptor
593 2265 692 2296 sane
723 2265 930 2295 canonum
960 2254 1002 2295 et
1022 2250 1273 2308 apostolicae
1293 2250 1417 2305 sedis,
1447 2249 1594 2293 relicta
1611 2249 1855 2294 monasterii

300 2332 343 2373 et
371 2329 550 2372 fratrum
581 2343 752 2373 suorum
781 2343 901 2385 cura,
938 2328 1264 2386 Iherosolymam
1293 2327 1502 2384 profectus
1533 2330 1617 2383 est,
1649 2329 1854 2371 armatam

165 2414 257 2449 1148
300 2404 517 2450 militiam³
556 2420 752 2463 sequens3
796 2407 868 2450 ubi
907 2407 1035 2450 etiam
1071 2407 1117 2449 in
1155 2405 1264 2448 mari
1301 2404 1540 2448 submersus
1581 2401 1678 2448 est‘.
1724 2403 1854 2448 Cuius

135 2462 222 2493 Mart.
240 2463 278 2493 14

301 2485 418 2529 obitu
447 2485 657 2540 nunciato,
687 2484 876 2542 prefatus
906 2483 1128 2533 Heinricus
1159 2478 1392 2527 abbatiam⁶
1422 2482 1513 2525 sine
1544 2481 1743 2525 canonica
1771 2481 1854 2526 ele-

300 2563 437 2606 ctione
467 2563 655 2607 obtinere
685 2561 818 2605 voluit
848 2565 986 2618 atque,
1019 2564 1065 2604 ut
1095 2574 1171 2618 per
1198 2573 1275 2603 nos
1306 2559 1332 2603 a
1359 2559 1598 2603 marchione
1627 2558 1854 2604 Adelberto

396 2666 423 2687 a.
451 2658 634 2687 armotorum
655 2657 724 2687 cod.

395 2723 429 2757 1.
446 2721 494 2757 de
512 2720 651 2757 Hillino
669 2720 804 2756 abbate
821 2719 1077 2756 Aldeslevensi
1093 2717 1210 2765 „apud
1223 2716 1414 2755 corbeiam
1430 2716 1645 2762 impetrato“
1657 2717 1705 2754 ef.
1718 2716 1852 2755 Annal.

300 2780 436 2826 PegaV.
456 2780 548 2816 1109
574 2780 683 2823 (Mon.
701 2778 765 2815 SS.
783 2779 883 2815 XVI.
904 2789 940 2824 p.
955 2778 1057 2823 250),
1091 2781 1128 2814 et
1159 2777 1322 2823 Catalog.
1340 2776 1462 2813 abbat.
1480 2776 1586 2813 Corb.
1612 2787 1722 2823 supra
1751 2787 1789 2823 p.
1807 2777 1853 2813 70

300 2850 337 2874 n.
354 2840 388 2875 8.
477 2840 510 2874 2.
536 2838 841 2884 processionibus.
927 2838 961 2874 3.
986 2836 1187 2873 Bernhardi
1212 2835 1356 2873 comitis
1379 2834 1426 2871 de
1450 2836 1621 2872 Plozeka.
1654 2835 1701 2872 V.
1718 2835 1852 2872 Annal.

300 2898 436 2943 Pegav.
453 2898 478 2933 l.
495 2898 520 2933 l.
591 2898 627 2933 4.
652 2898 688 2933 d.
707 2898 751 2933 14
776 2897 880 2933 Mart.
900 2896 1032 2941 (1148).
1067 2896 1113 2933 V.
1130 2895 1262 2932 Annal.
1281 2895 1415 2941 Pegav.
1433 2895 1457 2931 l.
1474 2895 1499 2931 l.
1524 2898 1563 2932 et
1580 2894 1770 2933 Calendar.
1787 2894 1852 2932 Pe-

299 2967 383 3002 gav.
401 2967 457 3001 ap.
478 2957 655 2994 Mencken
680 2957 728 2993 11.
748 2957 826 2993 124.
922 2957 956 2993 5.
981 2955 1291 2992 Aldeslevensem.
