1924 3288
518 230 718 263 wmALm
745 229 996 262 nrxsrromn
1023 227 1096 260 459.
1119 227 1191 260 460.
1551 215 1641 261 593

69 326 191 371 iuste·
208 325 331 371 nobis
362 326 642 383 suggesseris3
675 328 718 371 et
748 325 858 384 quod
889 339 966 384 per
994 324 1252 369 iniusticiam
1280 325 1353 368 tue
1373 323 1525 367 ditioni
1545 337 1641 368 eum
1691 325 1810 382 1157·

69 396 320 450 subdideris.
361 403 503 462 Atque
523 418 601 463 per
621 405 952 461 consanguineos
974 403 1162 448 eiusdem
1181 402 1364 447 hominis
1395 405 1438 446 et
1466 416 1543 460 per
1562 402 1643 446 mi-
1663 375 1822 416 Apr.Ma1.

67 482 306 527 nisteriales
337 482 602 528 Corbeiensis
634 482 834 528 ecclesiae
864 497 909 527 se
938 482 1216 541 probaturum
1244 481 1464 525 iudiciario
1497 480 1644 526 ordine

68 561 294 620 promittit,
326 562 438 619 quod
458 561 722 606 Corbeiensis
754 561 953 606 ecclesiae
983 559 1273 604 ministerialis
1296 562 1385 603 tam
1403 559 1495 618 ipse
1518 573 1644 617 quam

68 639 200 684 frater
226 640 316 684 eius
337 640 405 684 sit.
447 639 581 697 Unde,
615 640 714 698 quia
742 640 955 683 iusticiam
986 639 1025 683 ei
1057 642 1099 683 et
1129 638 1330 699 ecclesiae
1361 651 1461 683 suae
1488 651 1645 694 negare

69 726 155 762 non
184 731 429 776 possumus,
465 717 606 776 placet
634 718 755 762 nobis
788 721 830 762 et
860 717 937 762 sub
969 719 1145 776 optentu
1175 717 1337 773 gratiae
1367 719 1536 761 nostrae
1565 715 1645 761 tibi
1675 701 1677 703 V

68 797 347 855 precipimus,
385 796 602 854 quatinus,
635 797 818 854 acceptis
850 795 1065 840 obsidibus
1096 795 1165 840 vel
1194 795 1447 840 certitudine
1477 797 1644 839 centum

69 888 328 932 marcarum,
361 875 398 919 si
429 875 483 919 ad
512 875 785 919 constitutam
816 875 929 919 diem
958 887 1044 919 non
1073 874 1269 931 redierit,
1302 887 1398 918 eum
1429 873 1481 918 de
1511 873 1644 931 capti-

69 954 202 999 vitate
237 953 421 998 -liberum
460 953 670 1010 dimittas,
711 954 844 998 donec
882 946 1024 997 coram
1055 953 1251 1011 episcopo
1282 948 1643 1009 Monasteriensi¹,

71 1033 140 1077 cui
161 1042 334 1077 causam
352 1032 461 1076 hanc
482 1031 789 1076 discutiendam
808 1029 1131 1088 commisimus’,
1165 1034 1207 1076 et
1228 1031 1378 1076 abbate
1399 1029 1645 1075 Corbeiensi

70 1110 139 1155 vel
167 1111 327 1155 nuntiis
358 1111 514 1169 ipsiuS,
554 1114 736 1155 tractata
767 1124 894 1154 causa
925 1113 968 1154 et
997 1109 1220 1166 diligenter
1249 1109 1505 1165 investigata
1533 1108 1645 1153 veri-

70 1192 172 1245 tate,
204 1189 242 1234 si
271 1189 443 1247 probari
473 1189 660 1247 potuerit
689 1203 766 1247 per
795 1189 930 1233 lineas
962 1188 1352 1244 consanguinitatis,
1385 1187 1497 1245 quod
1518 1187 1645 1231 mini-

72 1267 254 1313 sterialis
285 1267 355 1324 sit,
387 1267 556 1311 domino
587 1282 663 1312 suo
695 1267 837 1312 abbati
868 1270 910 1311 et
930 1266 1173 1311 Corbeiensi
1203 1266 1403 1311 ecclesiae
1432 1280 1529 1310 eum
1550 1265 1645 1310 abs-

73 1360 159 1404 que
189 1346 518 1390 contradictione
547 1347 763 1402 remittas3
804 1345 870 1390 sin
902 1348 1043 1389 autem
1072 1345 1118 1388 in
1149 1345 1272 1389 huius
1303 1345 1365 1390 rei
1394 1344 1651 1402 probatione-

72 1425 282 1469 defectum
319 1424 533 1480 habuerit,
580 1434 676 1468 eum
716 1425 770 1468 ad
807 1428 849 1468 te
888 1424 1023 1468 denuo
1061 1423 1255 1481 recipias.
1321 1422 1646 1467 Monasteriensi

73 1507 214 1548 autem
244 1503 440 1561 episcopo
473 1502 561 1559 die,
601 1516 728 1559 quam
759 1502 1103 1546 determinaverit
1133 1502 1213 1546 tibi
1241 1509 1319 1560 pro
1350 1501 1431 1546 hoc
1460 1502 1643 1558 negotio,

71 1585 115 1627 te
150 1581 414 1640 presentabis
449 1583 513 1637 et,
552 1581 751 1638 quicquid
779 1580 965 1625 dictante
993 1580 1164 1625 iusticia
1192 1580 1463 1637 iudicaverit,
1503 1579 1647 1625 obser-

72 1660 205 1706 vabis.

75 1861 195 1910 460.
222 1864 462 1909 Fridericus
492 1864 521 1908 I
557 1867 784 1923 imperator
828 1863 1046 1907 Friderico
1093 1865 1284 1922 episcopo
1331 1863 1648 1908 Monasteriemi

224 1945 408 1998 mandat,
439 1950 486 1986 ut
515 1943 566 1987 de
595 1943 794 1986 Maurino
824 1943 977 1986 iudicet
1004 1943 1112 1985 inter
1144 1942 1404 1985 corbeienses
1435 1949 1474 1984 et
1494 1941 1645 1985 Folke-

223 2038 329 2066 rum.
697 2059 700 2064 .
1430 2017 1503 2073 (M.
1523 2018 1645 2074 440.)

194 2109 468 2166 F(ridericus)
490 2109 572 2154 Dei
599 2109 737 2166 gratia
754 2109 1040 2153 Romanorum
1059 2108 1291 2166 imperator
1312 2111 1513 2164 augustus
1534 2107 1646 2163 F(ri-
1695 2116 1787 2153 1157
1804 2166 1812 2173 .

77 2190 233 2244 derico)
265 2188 587 2233 Monasteriensi
617 2188 814 2245 episcopo
845 2187 1027 2243 gratiam
1057 2200 1178 2231 suam
1208 2190 1251 2231 et
1281 2200 1405 2230 omne
1434 2186 1605 2231 bonum.
1668 2165 1823 2206 Apamam.

196 2267 448 2324 Accepimus
487 2265 702 2323 querelam
739 2265 881 2309 dilecti
921 2267 963 2311 et
999 2264 1134 2309 fidelis
1171 2265 1306 2309 nostri
1343 2264 1508 2309 abbatis
1543 2264 1646 2309 Gor-

77 2346 259 2392 beiensis
292 2358 341 2389 ac
369 2343 710 2388 ministerialium
739 2343 873 2400 ipsius
902 2356 980 2400 pro
1013 2343 1195 2400 quodam
1214 2343 1306 2387 viro
1336 2343 1506 2387 nomine
1525 2341 1647 2387 Mau-

77 2425 185 2480 rino,
217 2437 342 2481 quem
372 2423 586 2480 captivum
614 2424 731 2466 tenet
759 2421 883 2464 homo
915 2421 1086 2477 quidam
1115 2421 1222 2466 liber
1251 2421 1422 2465 nomine
1440 2420 1474 2465 F
1477 2420 1646 2466 olkerus

79 2503 131 2546 de
159 2506 275 2546 terra
303 2505 390 2557 tua,
428 2513 552 2557 quem
582 2498 854 2544 Corbeienses
886 2502 1080 2543 asserunt
1108 2498 1428 2543 ministerialem
1457 2513 1550 2543 esse
1580 2511 1647 2544 ec-

79 2580 230 2624 clesiae
261 2593 374 2623 suae.
416 2578 524 2630 Quia
554 2591 652 2632 ergo
682 2576 853 2634 imperii
882 2577 1018 2620 nostri
1047 2576 1296 2632 dignitatem
1325 2577 1371 2620 in
1392 2590 1440 2621 eo
1461 2577 1647 2622 maxime

81 2657 328 2713 exaltamus,
360 2656 398 2700 si
426 2655 629 2699 iudicium
659 2658 702 2699 et
730 2654 942 2698 iusticiam
971 2654 1306 2710 confugientibus
1338 2654 1393 2698 ad
1418 2668 1496 2699 nos
1516 2655 1647 2699 facia-

80 2749 196 2791 mus,
229 2738 387 2779 attente
417 2733 650 2777 industriae
679 2736 777 2776 tuae
806 2732 1085 2788 iniungimus,
1117 2732 1335 2789 quatinus,-
1367 2732 1549 2791 acceptis
1579 2732 1647 2776 his

80 2812 232 2857 litteris
262 2812 433 2868 nostris,
465 2811 576 2855 diem
605 2810 773 2866 utrique
802 2810 917 2867 parti
946 2808 1126 2867 prefigas
1158 2813 1212 2866 et,
1245 2810 1400 2854 auditis
1426 2810 1647 2867 utriusque

81 2891 215 2948 partis
247 2890 565 2947 allegationibus
594 2892 637 2932 et
656 2888 879 2945 disquisita
898 2887 1121 2943 diligenter
1140 2888 1332 2944 veritate,
1364 2888 1402 2932 si
1421 2887 1646 2933 Corbeien-

179 2997 212 3032 1.
237 2996 431 3033 Friderico.
527 2997 560 3032 2.
585 3006 620 3032 v.
639 3005 695 3042 ep.
712 2994 783 3032 460
807 2992 911 3031 infra.

143 3060 247 3096 ami.
270 3063 458 3092 Bibliotheca
479 3063 501 3091 1.
1315 3060 1362 3096 38
