<?xml version="1.0" encoding="UTF-8"?>
<!DOCTYPE html PUBLIC "-//W3C//DTD XHTML 1.0 Transitional//EN"
    "http://www.w3.org/TR/xhtml1/DTD/xhtml1-transitional.dtd">
<html xmlns="http://www.w3.org/1999/xhtml" xml:lang="en" lang="en">
 <head>
  <title>
</title>
<meta http-equiv="Content-Type" content="text/html;charset=utf-8" />
  <meta name='ocr-system' content='tesseract 3.04.00' />
  <meta name='ocr-capabilities' content='ocr_page ocr_carea ocr_par ocr_line ocrx_word'/>
</head>
<body>
  <div class='ocr_page' id='page_1' title='image "bibliothecarerum01wattuoft_0615.png"; bbox 0 0 1924 3288; ppageno 0'>
   <div class='ocr_carea' id='block_1_1' title="bbox 623 205 1681 247">
    <p class='ocr_par' dir='ltr' id='par_1_1' title="bbox 623 205 1681 247">
     <span class='ocr_line' id='line_1_1' title="bbox 623 205 1681 247; baseline 0.001 -1"><span class='ocrx_word' id='word_1_1' title='bbox 623 215 823 246; x_wconf 74' lang='lat' dir='ltr'><strong>wmALm</strong></span> <span class='ocrx_word' id='word_1_2' title='bbox 851 214 1074 246; x_wconf 77' lang='lat' dir='ltr'>EPISTOLA</span> <span class='ocrx_word' id='word_1_3' title='bbox 1103 214 1174 245; x_wconf 81' lang='lat'><strong>464.</strong></span> <span class='ocrx_word' id='word_1_4' title='bbox 1595 205 1681 247; x_wconf 84' lang='lat'><strong>597</strong></span> 
     </span>
    </p>
   </div>
   <div class='ocr_carea' id='block_1_2' title="bbox 115 310 1685 599">
    <p class='ocr_par' dir='ltr' id='par_1_2' title="bbox 115 310 1685 527">
     <span class='ocr_line' id='line_1_2' title="bbox 115 310 1684 371; baseline -0.002 -13"><span class='ocrx_word' id='word_1_5' title='bbox 115 310 235 358; x_wconf 80' lang='lat'><strong>464.</strong></span> <span class='ocrx_word' id='word_1_6' title='bbox 264 312 541 356; x_wconf 68' lang='lat' dir='ltr'><strong>Friderimosl</strong></span> <span class='ocrx_word' id='word_1_7' title='bbox 553 313 780 370; x_wconf 76' lang='lat' dir='ltr'><strong>imperator</strong></span> <span class='ocrx_word' id='word_1_8' title='bbox 798 311 1180 369; x_wconf 74' lang='lat' dir='ltr'><strong>osnabruqensibus</strong></span> <span class='ocrx_word' id='word_1_9' title='bbox 1195 312 1415 371; x_wconf 71' lang='lat' dir='ltr'><strong>siqniflcat‚</strong></span> <span class='ocrx_word' id='word_1_10' title='bbox 1436 328 1479 355; x_wconf 73' lang='lat' dir='ltr'><strong>se</strong></span> <span class='ocrx_word' id='word_1_11' title='bbox 1495 312 1684 356; x_wconf 78' lang='lat' dir='ltr'><strong>Wibaldo</strong></span> 
     </span>
     <span class='ocr_line' id='line_1_3' title="bbox 185 390 1685 449; baseline -0.001 -15"><span class='ocrx_word' id='word_1_12' title='bbox 185 398 205 421; x_wconf 64' lang='grc' dir='ltr'>θ</span> <span class='ocrx_word' id='word_1_13' title='bbox 257 392 525 449; x_wconf 77' lang='lat' dir='ltr'><strong>persuasisse,</strong></span> <span class='ocrx_word' id='word_1_14' title='bbox 558 398 603 433; x_wconf 80' lang='lat' dir='ltr'><strong>ut</strong></span> <span class='ocrx_word' id='word_1_15' title='bbox 634 391 684 433; x_wconf 85' lang='lat' dir='ltr'><strong>de</strong></span> <span class='ocrx_word' id='word_1_16' title='bbox 705 390 984 433; x_wconf 81' lang='lat' dir='ltr'><strong>Nortlandiae</strong></span> <span class='ocrx_word' id='word_1_17' title='bbox 1016 391 1182 433; x_wconf 75' lang='lat' dir='ltr'><strong><em>decimis</em></strong></span> <span class='ocrx_word' id='word_1_18' title='bbox 1200 391 1538 448; x_wconf 81' lang='lat' dir='ltr'><strong>provocationem</strong></span> <span class='ocrx_word' id='word_1_19' title='bbox 1559 392 1685 433; x_wconf 84' lang='lat' dir='ltr'><strong>inter-</strong></span> 
     </span>
     <span class='ocr_line' id='line_1_4' title="bbox 256 467 1685 527; baseline -0.001 -15"><span class='ocrx_word' id='word_1_20' title='bbox 256 470 439 527; x_wconf 81' lang='lat' dir='ltr'><em>positam</em></span> <span class='ocrx_word' id='word_1_21' title='bbox 462 469 630 512; x_wconf 81' lang='lat' dir='ltr'><strong>omittat.</strong></span> <span class='ocrx_word' id='word_1_22' title='bbox 672 468 826 521; x_wconf 80' lang='lat' dir='ltr'><strong>Monet,</strong></span> <span class='ocrx_word' id='word_1_23' title='bbox 850 483 937 510; x_wconf 84' lang='lat' dir='ltr'><strong>rem</strong></span> <span class='ocrx_word' id='word_1_24' title='bbox 959 476 1216 525; x_wconf 77' lang='lat' dir='ltr'><em>componant.</em></span> <span class='ocrx_word' id='word_1_25' title='bbox 1258 468 1382 522; x_wconf 79' lang='lat' dir='ltr'><strong>Quod</strong></span> <span class='ocrx_word' id='word_1_26' title='bbox 1398 469 1480 510; x_wconf 78' lang='lat' dir='ltr'><strong>nisi</strong></span> <span class='ocrx_word' id='word_1_27' title='bbox 1489 467 1685 526; x_wconf 79' lang='lat' dir='ltr'><em>fecerint,</em></span> 
     </span>
    </p>

    <p class='ocr_par' dir='ltr' id='par_1_3' title="bbox 262 544 1685 599">
     <span class='ocr_line' id='line_1_5' title="bbox 262 544 1685 599; baseline -0.001 -9"><span class='ocrx_word' id='word_1_28' title='bbox 262 563 305 590; x_wconf 72' lang='lat' dir='ltr'><strong>se</strong></span> <span class='ocrx_word' id='word_1_29' title='bbox 333 548 440 590; x_wconf 77' lang='lat' dir='ltr'><strong>inter</strong></span> <span class='ocrx_word' id='word_1_30' title='bbox 471 562 538 589; x_wconf 81' lang='lat' dir='ltr'><strong>eos</strong></span> <span class='ocrx_word' id='word_1_31' title='bbox 568 547 847 589; x_wconf 78' lang='lat' dir='ltr'><strong>iudicaturum</strong></span> <span class='ocrx_word' id='word_1_32' title='bbox 879 562 963 589; x_wconf 79' lang='lat' dir='ltr'><strong>esse</strong></span> <span class='ocrx_word' id='word_1_33' title='bbox 993 547 1142 590; x_wconf 79' lang='lat' dir='ltr'><strong>scribit.</strong></span> <span class='ocrx_word' id='word_1_34' title='bbox 1470 544 1542 599; x_wconf 90' lang='grc' dir='ltr'><strong>(Μ.</strong></span> <span class='ocrx_word' id='word_1_35' title='bbox 1564 545 1685 599; x_wconf 86' lang='lat'><strong>441.)</strong></span> 
     </span>
    </p>
   </div>
   <div class='ocr_carea' id='block_1_3' title="bbox 110 634 1805 2490">
    <p class='ocr_par' dir='ltr' id='par_1_4' title="bbox 112 634 1805 839">
     <span class='ocr_line' id='line_1_6' title="bbox 232 634 1805 693; baseline -0.001 -12"><span class='ocrx_word' id='word_1_36' title='bbox 232 636 506 691; x_wconf 88' lang='lat' dir='ltr'><strong>F(ridericus)</strong></span> <span class='ocrx_word' id='word_1_37' title='bbox 527 635 609 679; x_wconf 91' lang='lat' dir='ltr'><strong>Dei</strong></span> <span class='ocrx_word' id='word_1_38' title='bbox 639 635 777 690; x_wconf 82' lang='lat' dir='ltr'><strong>gratia</strong></span> <span class='ocrx_word' id='word_1_39' title='bbox 796 634 1082 679; x_wconf 90' lang='lat' dir='ltr'><strong>Romanorum</strong></span> <span class='ocrx_word' id='word_1_40' title='bbox 1111 635 1344 692; x_wconf 87' lang='lat' dir='ltr'><strong>imperator</strong></span> <span class='ocrx_word' id='word_1_41' title='bbox 1369 638 1570 691; x_wconf 85' lang='lat' dir='ltr'><strong>augustus</strong></span> <span class='ocrx_word' id='word_1_42' title='bbox 1590 649 1685 693; x_wconf 91' lang='lat' dir='ltr'><strong>pre·</strong></span> <span class='ocrx_word' id='word_1_43' title='bbox 1714 644 1805 680; x_wconf 81' lang='lat'>1157</span> 
     </span>
     <span class='ocr_line' id='line_1_7' title="bbox 113 693 1786 774; baseline -0.001 -15"><span class='ocrx_word' id='word_1_44' title='bbox 113 715 250 774; x_wconf 88' lang='lat' dir='ltr'><strong>posito</strong></span> <span class='ocrx_word' id='word_1_45' title='bbox 291 718 332 759; x_wconf 90' lang='lat' dir='ltr'><strong>et</strong></span> <span class='ocrx_word' id='word_1_46' title='bbox 367 713 524 758; x_wconf 89' lang='lat' dir='ltr'><strong>decano</strong></span> <span class='ocrx_word' id='word_1_47' title='bbox 557 716 598 757; x_wconf 90' lang='lat' dir='ltr'><strong>et</strong></span> <span class='ocrx_word' id='word_1_48' title='bbox 627 714 824 757; x_wconf 85' lang='lat' dir='ltr'><strong>universo</strong></span> <span class='ocrx_word' id='word_1_49' title='bbox 855 713 967 757; x_wconf 88' lang='lat' dir='ltr'><strong>clero</strong></span> <span class='ocrx_word' id='word_1_50' title='bbox 999 712 1331 769; x_wconf 85' lang='lat' dir='ltr'><strong>Osnebrugensis</strong></span> <span class='ocrx_word' id='word_1_51' title='bbox 1363 713 1561 758; x_wconf 86' lang='lat' dir='ltr'><strong>ecclesiae</strong></span> <span class='ocrx_word' id='word_1_52' title='bbox 1591 728 1686 769; x_wconf 86' lang='lat' dir='ltr'><strong>gra·</strong></span> <span class='ocrx_word' id='word_1_53' title='bbox 1731 693 1786 723; x_wconf 68' lang='lat'>1¹¹¹·</span> 
     </span>
     <span class='ocr_line' id='line_1_8' title="bbox 112 791 792 839; baseline -0.006 -1"><span class='ocrx_word' id='word_1_54' title='bbox 112 794 217 839; x_wconf 86' lang='lat' dir='ltr'><strong>tiam</strong></span> <span class='ocrx_word' id='word_1_55' title='bbox 248 807 366 837; x_wconf 90' lang='lat' dir='ltr'><strong>suam</strong></span> <span class='ocrx_word' id='word_1_56' title='bbox 399 796 441 836; x_wconf 91' lang='lat' dir='ltr'><strong>et</strong></span> <span class='ocrx_word' id='word_1_57' title='bbox 471 805 594 835; x_wconf 91' lang='lat' dir='ltr'><strong>omne</strong></span> <span class='ocrx_word' id='word_1_58' title='bbox 623 791 792 835; x_wconf 90' lang='lat' dir='ltr'><strong>bonum.</strong></span> 
     </span>
    </p>

    <p class='ocr_par' dir='ltr' id='par_1_5' title="bbox 110 869 1794 2490">
     <span class='ocr_line' id='line_1_9' title="bbox 231 869 1686 928; baseline -0.001 -12"><span class='ocrx_word' id='word_1_59' title='bbox 231 871 392 916; x_wconf 82' lang='lat' dir='ltr'><em>Memor</em></span> <span class='ocrx_word' id='word_1_60' title='bbox 431 869 751 928; x_wconf 80' lang='lat' dir='ltr'><strong>supplicationis</strong></span> <span class='ocrx_word' id='word_1_61' title='bbox 782 873 949 914; x_wconf 86' lang='lat' dir='ltr'><strong>vestrae</strong></span> <span class='ocrx_word' id='word_1_62' title='bbox 982 894 1037 900; x_wconf 92' lang='lat'><strong>——</strong></span> <span class='ocrx_word' id='word_1_63' title='bbox 1071 883 1198 927; x_wconf 91' lang='lat' dir='ltr'><strong>quam</strong></span> <span class='ocrx_word' id='word_1_64' title='bbox 1227 870 1483 914; x_wconf 91' lang='lat' dir='ltr'><strong>unanimiter</strong></span> <span class='ocrx_word' id='word_1_65' title='bbox 1513 870 1559 914; x_wconf 94' lang='lat' dir='ltr'><strong>in</strong></span> <span class='ocrx_word' id='word_1_66' title='bbox 1588 883 1686 914; x_wconf 90' lang='lat' dir='ltr'><strong>con-</strong></span> 
     </span>
     <span class='ocr_line' id='line_1_10' title="bbox 113 945 1774 1009; baseline 0 -14"><span class='ocrx_word' id='word_1_67' title='bbox 113 953 261 1009; x_wconf 88' lang='lat' dir='ltr'><strong>spectu</strong></span> <span class='ocrx_word' id='word_1_68' title='bbox 290 952 449 1005; x_wconf 77' lang='lat' dir='ltr'><strong>nostro,</strong></span> <span class='ocrx_word' id='word_1_69' title='bbox 482 963 578 993; x_wconf 88' lang='lat' dir='ltr'><strong>cum</strong></span> <span class='ocrx_word' id='word_1_70' title='bbox 610 962 795 992; x_wconf 85' lang='lat' dir='ltr'><strong>essemus</strong></span> <span class='ocrx_word' id='word_1_71' title='bbox 829 948 941 1006; x_wconf 91' lang='lat' dir='ltr'><strong>apud</strong></span> <span class='ocrx_word' id='word_1_72' title='bbox 960 962 1035 992; x_wconf 86' lang='lat' dir='ltr'><strong>vos</strong></span> <span class='ocrx_word' id='word_1_73' title='bbox 1049 945 1072 1004; x_wconf 81' lang='lat'><strong>¹,</strong></span> <span class='ocrx_word' id='word_1_74' title='bbox 1104 948 1370 1005; x_wconf 82' lang='lat' dir='ltr'><strong>profudistis:</strong></span> <span class='ocrx_word' id='word_1_75' title='bbox 1402 951 1450 992; x_wconf 90' lang='lat' dir='ltr'><strong>ut</strong></span> <span class='ocrx_word' id='word_1_76' title='bbox 1472 948 1686 1006; x_wconf 90' lang='lat' dir='ltr'><strong>querelam</strong></span> <span class='ocrx_word' id='word_1_77' title='bbox 1709 964 1774 995; x_wconf 82' lang='lat' dir='ltr'><strong>Iun.</strong></span> 
     </span>
     <span class='ocr_line' id='line_1_11' title="bbox 113 1026 1687 1073; baseline -0.002 0"><span class='ocrx_word' id='word_1_78' title='bbox 113 1029 255 1073; x_wconf 84' lang='lat' dir='ltr'><strong>dilecti</strong></span> <span class='ocrx_word' id='word_1_79' title='bbox 286 1031 327 1072; x_wconf 87' lang='lat' dir='ltr'><strong>et</strong></span> <span class='ocrx_word' id='word_1_80' title='bbox 356 1028 578 1071; x_wconf 86' lang='lat' dir='ltr'><strong>familiaris</strong></span> <span class='ocrx_word' id='word_1_81' title='bbox 607 1028 743 1071; x_wconf 83' lang='lat' dir='ltr'><strong>nostri</strong></span> <span class='ocrx_word' id='word_1_82' title='bbox 763 1026 948 1072; x_wconf 90' lang='lat' dir='ltr'><strong>Wibaldi</strong></span> <span class='ocrx_word' id='word_1_83' title='bbox 970 1026 1234 1070; x_wconf 89' lang='lat' dir='ltr'><strong>Corbeiensis</strong></span> <span class='ocrx_word' id='word_1_84' title='bbox 1256 1027 1418 1070; x_wconf 87' lang='lat' dir='ltr'><strong>abbatis</strong></span> <span class='ocrx_word' id='word_1_85' title='bbox 1440 1040 1488 1070; x_wconf 87' lang='lat' dir='ltr'><strong>ac</strong></span> <span class='ocrx_word' id='word_1_86' title='bbox 1507 1027 1687 1071; x_wconf 81' lang='lat' dir='ltr'><strong>fratrum</strong></span> 
     </span>
     <span class='ocr_line' id='line_1_12' title="bbox 110 1104 1685 1165; baseline -0.002 -14"><span class='ocrx_word' id='word_1_87' title='bbox 110 1107 270 1165; x_wconf 87' lang='lat' dir='ltr'><strong>ipsius,</strong></span> <span class='ocrx_word' id='word_1_88' title='bbox 311 1121 438 1164; x_wconf 89' lang='lat' dir='ltr'><strong>quam</strong></span> <span class='ocrx_word' id='word_1_89' title='bbox 475 1106 631 1151; x_wconf 89' lang='lat' dir='ltr'><strong>habent</strong></span> <span class='ocrx_word' id='word_1_90' title='bbox 668 1120 745 1164; x_wconf 90' lang='lat' dir='ltr'><strong>pro</strong></span> <span class='ocrx_word' id='word_1_91' title='bbox 786 1105 959 1150; x_wconf 79' lang='lat' dir='ltr'><strong>decimis</strong></span> <span class='ocrx_word' id='word_1_92' title='bbox 998 1105 1044 1148; x_wconf 93' lang='lat' dir='ltr'><strong>in</strong></span> <span class='ocrx_word' id='word_1_93' title='bbox 1083 1105 1329 1162; x_wconf 86' lang='lat' dir='ltr'><strong>episcopatu</strong></span> <span class='ocrx_word' id='word_1_94' title='bbox 1360 1104 1685 1162; x_wconf 82' lang='lat' dir='ltr'><strong>Osnebrugensi‚</strong></span> 
     </span>
     <span class='ocr_line' id='line_1_13' title="bbox 112 1183 1686 1245; baseline -0.002 -15"><span class='ocrx_word' id='word_1_95' title='bbox 112 1185 260 1230; x_wconf 90' lang='lat' dir='ltr'><strong>sedare</strong></span> <span class='ocrx_word' id='word_1_96' title='bbox 291 1188 334 1229; x_wconf 90' lang='lat' dir='ltr'><strong>et</strong></span> <span class='ocrx_word' id='word_1_97' title='bbox 363 1199 612 1245; x_wconf 90' lang='lat' dir='ltr'><strong>componere</strong></span> <span class='ocrx_word' id='word_1_98' title='bbox 643 1187 948 1242; x_wconf 85' lang='lat' dir='ltr'><strong>temptaremus</strong></span> <span class='ocrx_word' id='word_1_99' title='bbox 981 1208 1037 1214; x_wconf 88' lang='lat'><strong>——</strong></span> <span class='ocrx_word' id='word_1_100' title='bbox 1069 1183 1115 1226; x_wconf 90' lang='lat' dir='ltr'><strong>in</strong></span> <span class='ocrx_word' id='word_1_101' title='bbox 1145 1183 1275 1239; x_wconf 83' lang='lat' dir='ltr'><strong>curia,</strong></span> <span class='ocrx_word' id='word_1_102' title='bbox 1308 1197 1435 1240; x_wconf 90' lang='lat' dir='ltr'><strong>quam</strong></span> <span class='ocrx_word' id='word_1_103' title='bbox 1467 1184 1579 1241; x_wconf 89' lang='lat' dir='ltr'><strong>apud</strong></span> <span class='ocrx_word' id='word_1_104' title='bbox 1605 1183 1686 1228; x_wconf 92' lang='lat' dir='ltr'><strong>Ba-</strong></span> 
     </span>
     <span class='ocr_line' id='line_1_14' title="bbox 110 1259 1794 1320; baseline -0.002 -12"><span class='ocrx_word' id='word_1_105' title='bbox 110 1264 296 1320; x_wconf 84' lang='lat' dir='ltr'><strong>venberg</strong></span> <span class='ocrx_word' id='word_1_106' title='bbox 326 1264 371 1307; x_wconf 92' lang='lat' dir='ltr'><strong>in</strong></span> <span class='ocrx_word' id='word_1_107' title='bbox 402 1266 550 1307; x_wconf 84' lang='lat' dir='ltr'><strong>octava</strong></span> <span class='ocrx_word' id='word_1_108' title='bbox 581 1263 716 1307; x_wconf 88' lang='lat' dir='ltr'><strong>sancti</strong></span> <span class='ocrx_word' id='word_1_109' title='bbox 747 1262 943 1306; x_wconf 90' lang='lat' dir='ltr'><strong>Iohannis</strong></span> <span class='ocrx_word' id='word_1_110' title='bbox 975 1262 1185 1319; x_wconf 81' lang='lat' dir='ltr'><strong>baptistae</strong></span> <span class='ocrx_word' id='word_1_111' title='bbox 1216 1261 1518 1306; x_wconf 80' lang='lat' dir='ltr'><strong>celebravimus</strong></span> <span class='ocrx_word' id='word_1_112' title='bbox 1528 1259 1556 1318; x_wconf 81' lang='lat'><strong>²,</strong></span> <span class='ocrx_word' id='word_1_113' title='bbox 1591 1276 1687 1306; x_wconf 88' lang='lat' dir='ltr'><strong>cum</strong></span> <span class='ocrx_word' id='word_1_114' title='bbox 1710 1275 1794 1306; x_wconf 86' lang='lat' dir='ltr'><strong>1u1.1</strong></span> 
     </span>
     <span class='ocr_line' id='line_1_15' title="bbox 113 1339 1685 1387; baseline -0.003 0"><span class='ocrx_word' id='word_1_115' title='bbox 113 1343 259 1387; x_wconf 90' lang='lat' dir='ltr'><strong>eodem</strong></span> <span class='ocrx_word' id='word_1_116' title='bbox 288 1341 403 1386; x_wconf 89' lang='lat' dir='ltr'><strong>fideli</strong></span> <span class='ocrx_word' id='word_1_117' title='bbox 432 1339 600 1385; x_wconf 84' lang='lat' dir='ltr'><strong>nostro³</strong></span> <span class='ocrx_word' id='word_1_118' title='bbox 631 1342 684 1386; x_wconf 92' lang='lat' dir='ltr'><strong>de</strong></span> <span class='ocrx_word' id='word_1_119' title='bbox 714 1341 793 1384; x_wconf 87' lang='lat' dir='ltr'><strong>hoc</strong></span> <span class='ocrx_word' id='word_1_120' title='bbox 823 1340 951 1384; x_wconf 89' lang='lat' dir='ltr'><strong>verbo</strong></span> <span class='ocrx_word' id='word_1_121' title='bbox 982 1340 1270 1384; x_wconf 84' lang='lat' dir='ltr'><strong>tractavimus.</strong></span> <span class='ocrx_word' id='word_1_122' title='bbox 1320 1339 1394 1383; x_wconf 90' lang='lat' dir='ltr'><strong>Set</strong></span> <span class='ocrx_word' id='word_1_123' title='bbox 1422 1339 1685 1384; x_wconf 87' lang='lat' dir='ltr'><strong>manifestius</strong></span> 
     </span>
     <span class='ocr_line' id='line_1_16' title="bbox 113 1418 1685 1478; baseline -0.003 -13"><span class='ocrx_word' id='word_1_124' title='bbox 113 1425 156 1465; x_wconf 91' lang='lat' dir='ltr'><strong>et</strong></span> <span class='ocrx_word' id='word_1_125' title='bbox 185 1420 350 1478; x_wconf 87' lang='lat' dir='ltr'><strong>plenius</strong></span> <span class='ocrx_word' id='word_1_126' title='bbox 380 1419 596 1464; x_wconf 87' lang='lat' dir='ltr'><strong>intellecta</strong></span> <span class='ocrx_word' id='word_1_127' title='bbox 626 1420 678 1463; x_wconf 92' lang='lat' dir='ltr'><strong>ab</strong></span> <span class='ocrx_word' id='word_1_128' title='bbox 710 1433 757 1463; x_wconf 91' lang='lat' dir='ltr'><strong>eo</strong></span> <span class='ocrx_word' id='word_1_129' title='bbox 789 1422 880 1462; x_wconf 91' lang='lat' dir='ltr'><strong>tota</strong></span> <span class='ocrx_word' id='word_1_130' title='bbox 908 1419 988 1462; x_wconf 86' lang='lat' dir='ltr'><strong>hac</strong></span> <span class='ocrx_word' id='word_1_131' title='bbox 1018 1422 1146 1462; x_wconf 81' lang='lat' dir='ltr'><strong>causa</strong></span> <span class='ocrx_word' id='word_1_132' title='bbox 1167 1442 1223 1449; x_wconf 83' lang='lat'>—</span> <span class='ocrx_word' id='word_1_133' title='bbox 1249 1418 1348 1474; x_wconf 90' lang='lat' dir='ltr'><strong>quia</strong></span> <span class='ocrx_word' id='word_1_134' title='bbox 1367 1418 1564 1462; x_wconf 87' lang='lat' dir='ltr'><strong>videlicet</strong></span> <span class='ocrx_word' id='word_1_135' title='bbox 1584 1418 1685 1462; x_wconf 86' lang='lat' dir='ltr'><strong>Cor-</strong></span> 
     </span>
     <span class='ocr_line' id='line_1_17' title="bbox 111 1497 1685 1554; baseline -0.003 -10"><span class='ocrx_word' id='word_1_136' title='bbox 111 1499 292 1544; x_wconf 88' lang='lat' dir='ltr'><strong>beiensis</strong></span> <span class='ocrx_word' id='word_1_137' title='bbox 315 1498 489 1543; x_wconf 88' lang='lat' dir='ltr'><strong>ecclesia</strong></span> <span class='ocrx_word' id='word_1_138' title='bbox 510 1498 679 1542; x_wconf 88' lang='lat' dir='ltr'><strong>easdem</strong></span> <span class='ocrx_word' id='word_1_139' title='bbox 701 1497 885 1541; x_wconf 89' lang='lat' dir='ltr'><strong>decimas</strong></span> <span class='ocrx_word' id='word_1_140' title='bbox 909 1498 934 1540; x_wconf 81' lang='lat' dir='ltr'><strong>a</strong></span> <span class='ocrx_word' id='word_1_141' title='bbox 953 1497 1186 1554; x_wconf 90' lang='lat' dir='ltr'><strong>primordio</strong></span> <span class='ocrx_word' id='word_1_142' title='bbox 1208 1497 1530 1540; x_wconf 87' lang='lat' dir='ltr'><strong>constructionis</strong></span> <span class='ocrx_word' id='word_1_143' title='bbox 1551 1497 1685 1554; x_wconf 89' lang='lat' dir='ltr'><strong>ipsius</strong></span> 
     </span>
     <span class='ocr_line' id='line_1_18' title="bbox 110 1573 1685 1633; baseline -0.003 -11"><span class='ocrx_word' id='word_1_144' title='bbox 110 1577 380 1633; x_wconf 81' lang='lat' dir='ltr'><strong>monasterii,</strong></span> <span class='ocrx_word' id='word_1_145' title='bbox 419 1576 592 1621; x_wconf 89' lang='lat' dir='ltr'><strong>collatas</strong></span> <span class='ocrx_word' id='word_1_146' title='bbox 631 1577 712 1620; x_wconf 90' lang='lat' dir='ltr'><strong>sibi</strong></span> <span class='ocrx_word' id='word_1_147' title='bbox 744 1577 769 1620; x_wconf 78' lang='lat' dir='ltr'><strong>a</strong></span> <span class='ocrx_word' id='word_1_148' title='bbox 797 1576 1020 1620; x_wconf 80' lang='lat' dir='ltr'><strong>fundatore</strong></span> <span class='ocrx_word' id='word_1_149' title='bbox 1051 1589 1126 1619; x_wconf 90' lang='lat' dir='ltr'><strong>suo</strong></span> <span class='ocrx_word' id='word_1_150' title='bbox 1156 1575 1411 1633; x_wconf 89' lang='lat' dir='ltr'><strong>imperatore</strong></span> <span class='ocrx_word' id='word_1_151' title='bbox 1441 1573 1685 1619; x_wconf 87' lang='lat' dir='ltr'><strong>Luthowico</strong></span> 
     </span>
     <span class='ocr_line' id='line_1_19' title="bbox 113 1643 1685 1711; baseline -0.002 -11"><span class='ocrx_word' id='word_1_152' title='bbox 113 1660 155 1701; x_wconf 90' lang='lat' dir='ltr'><strong>et</strong></span> <span class='ocrx_word' id='word_1_153' title='bbox 194 1657 246 1700; x_wconf 88' lang='lat' dir='ltr'><strong>ab</strong></span> <span class='ocrx_word' id='word_1_154' title='bbox 285 1655 478 1699; x_wconf 91' lang='lat' dir='ltr'><strong>omnibus</strong></span> <span class='ocrx_word' id='word_1_155' title='bbox 518 1655 839 1698; x_wconf 51' lang='lat' dir='ltr'><strong>successoribus*</strong></span> <span class='ocrx_word' id='word_1_156' title='bbox 859 1650 973 1697; x_wconf 90' lang='lat' dir='ltr'><strong>illius</strong></span> <span class='ocrx_word' id='word_1_157' title='bbox 1004 1643 1413 1711; x_wconf 86' lang='lat' dir='ltr'><strong>imperatoribusque</strong></span> <span class='ocrx_word' id='word_1_158' title='bbox 1445 1657 1487 1697; x_wconf 86' lang='lat' dir='ltr'><strong>et</strong></span> <span class='ocrx_word' id='word_1_159' title='bbox 1516 1653 1685 1709; x_wconf 87' lang='lat' dir='ltr'><strong>regibus</strong></span> 
     </span>
     <span class='ocr_line' id='line_1_20' title="bbox 111 1731 1686 1793; baseline -0.003 -15"><span class='ocrx_word' id='word_1_160' title='bbox 111 1734 345 1793; x_wconf 86' lang='lat' dir='ltr'><strong>privilegiis</strong></span> <span class='ocrx_word' id='word_1_161' title='bbox 376 1732 656 1788; x_wconf 82' lang='lat' dir='ltr'><strong>confirmatas⁷</strong></span> <span class='ocrx_word' id='word_1_162' title='bbox 686 1732 875 1788; x_wconf 86' lang='lat' dir='ltr'><strong>legitime</strong></span> <span class='ocrx_word' id='word_1_163' title='bbox 905 1732 1095 1789; x_wconf 87' lang='lat' dir='ltr'><strong>possedit</strong></span> <span class='ocrx_word' id='word_1_164' title='bbox 1122 1745 1256 1787; x_wconf 89' lang='lat' dir='ltr'><strong>usque</strong></span> <span class='ocrx_word' id='word_1_165' title='bbox 1277 1731 1331 1774; x_wconf 88' lang='lat' dir='ltr'><strong>ad</strong></span> <span class='ocrx_word' id='word_1_166' title='bbox 1351 1735 1543 1788; x_wconf 86' lang='lat' dir='ltr'><strong>tempora</strong></span> <span class='ocrx_word' id='word_1_167' title='bbox 1563 1732 1686 1775; x_wconf 86' lang='lat' dir='ltr'><strong>abavi</strong></span> 
     </span>
     <span class='ocr_line' id='line_1_21' title="bbox 111 1809 1686 1869; baseline -0.003 -12"><span class='ocrx_word' id='word_1_168' title='bbox 111 1813 248 1857; x_wconf 91' lang='lat' dir='ltr'><strong>nostri</strong></span> <span class='ocrx_word' id='word_1_169' title='bbox 278 1812 466 1856; x_wconf 91' lang='lat' dir='ltr'><strong>Heinrici</strong></span> <span class='ocrx_word' id='word_1_170' title='bbox 498 1812 637 1868; x_wconf 90' lang='lat' dir='ltr'><strong>quarti</strong></span> <span class='ocrx_word' id='word_1_171' title='bbox 657 1811 940 1869; x_wconf 77' lang='lat' dir='ltr'><strong>imperatoris,</strong></span> <span class='ocrx_word' id='word_1_172' title='bbox 973 1810 1109 1866; x_wconf 91' lang='lat' dir='ltr'><strong>quiin</strong></span> <span class='ocrx_word' id='word_1_173' title='bbox 1130 1809 1340 1852; x_wconf 86' lang='lat' dir='ltr'><strong>discordia</strong></span> <span class='ocrx_word' id='word_1_174' title='bbox 1359 1809 1446 1864; x_wconf 81' lang='lat' dir='ltr'><strong>illa,</strong></span> <span class='ocrx_word' id='word_1_175' title='bbox 1479 1823 1584 1865; x_wconf 91' lang='lat' dir='ltr'><strong>quae</strong></span> <span class='ocrx_word' id='word_1_176' title='bbox 1604 1810 1686 1853; x_wconf 85' lang='lat' dir='ltr'><strong>fuit</strong></span> 
     </span>
     <span class='ocr_line' id='line_1_22' title="bbox 113 1887 1684 1947; baseline -0.004 -12"><span class='ocrx_word' id='word_1_177' title='bbox 113 1892 224 1935; x_wconf 89' lang='lat' dir='ltr'><strong>inter</strong></span> <span class='ocrx_word' id='word_1_178' title='bbox 255 1904 351 1934; x_wconf 91' lang='lat' dir='ltr'><strong>eum</strong></span> <span class='ocrx_word' id='word_1_179' title='bbox 383 1893 425 1933; x_wconf 89' lang='lat' dir='ltr'><strong>et</strong></span> <span class='ocrx_word' id='word_1_180' title='bbox 453 1903 608 1947; x_wconf 90' lang='lat' dir='ltr'><strong>papam</strong></span> <span class='ocrx_word' id='word_1_181' title='bbox 638 1889 894 1943; x_wconf 82' lang='lat' dir='ltr'><strong>Romanum,</strong></span> <span class='ocrx_word' id='word_1_182' title='bbox 934 1888 1049 1945; x_wconf 87' lang='lat' dir='ltr'><strong>ipsas</strong></span> <span class='ocrx_word' id='word_1_183' title='bbox 1082 1887 1265 1931; x_wconf 88' lang='lat' dir='ltr'><strong>decimas</strong></span> <span class='ocrx_word' id='word_1_184' title='bbox 1296 1900 1374 1944; x_wconf 91' lang='lat' dir='ltr'><strong>pro</strong></span> <span class='ocrx_word' id='word_1_185' title='bbox 1407 1887 1589 1943; x_wconf 87' lang='lat' dir='ltr'><strong>quadam</strong></span> <span class='ocrx_word' id='word_1_186' title='bbox 1619 1888 1684 1930; x_wconf 90' lang='lat' dir='ltr'><strong>in-</strong></span> 
     </span>
     <span class='ocr_line' id='line_1_23' title="bbox 113 1962 1682 2025; baseline -0.002 -13"><span class='ocrx_word' id='word_1_187' title='bbox 113 1969 354 2025; x_wconf 80' lang='lat' dir='ltr'><strong>dignatione</strong></span> <span class='ocrx_word' id='word_1_188' title='bbox 385 1967 552 2011; x_wconf 89' lang='lat' dir='ltr'><strong>cuidam</strong></span> <span class='ocrx_word' id='word_1_189' title='bbox 584 1966 896 2022; x_wconf 89' lang='lat' dir='ltr'><strong>Osnebrugensi</strong></span> <span class='ocrx_word' id='word_1_190' title='bbox 927 1962 1147 2022; x_wconf 84' lang='lat' dir='ltr'><strong>episcopo⁴</strong></span> <span class='ocrx_word' id='word_1_191' title='bbox 1177 1962 1404 2008; x_wconf 87' lang='lat' dir='ltr'><strong>concessit⁵</strong></span> <span class='ocrx_word' id='word_1_192' title='bbox 1437 1989 1492 1995; x_wconf 85' lang='lat'><strong>-—</strong></span> <span class='ocrx_word' id='word_1_193' title='bbox 1527 1965 1682 2020; x_wconf 82' lang='lat' dir='ltr'><strong>audita,</strong></span> 
     </span>
     <span class='ocr_line' id='line_1_24' title="bbox 111 2041 1683 2104; baseline -0.002 -14"><span class='ocrx_word' id='word_1_194' title='bbox 111 2048 306 2104; x_wconf 86' lang='lat' dir='ltr'><strong>inquam,</strong></span> <span class='ocrx_word' id='word_1_195' title='bbox 345 2049 436 2089; x_wconf 90' lang='lat' dir='ltr'><strong>tota</strong></span> <span class='ocrx_word' id='word_1_196' title='bbox 473 2045 580 2089; x_wconf 86' lang='lat' dir='ltr'><strong>serie</strong></span> <span class='ocrx_word' id='word_1_197' title='bbox 617 2046 741 2089; x_wconf 89' lang='lat' dir='ltr'><strong>huius</strong></span> <span class='ocrx_word' id='word_1_198' title='bbox 778 2058 948 2099; x_wconf 86' lang='lat' dir='ltr'><strong>causae,</strong></span> <span class='ocrx_word' id='word_1_199' title='bbox 986 2045 1265 2087; x_wconf 87' lang='lat' dir='ltr'><strong>memoratum</strong></span> <span class='ocrx_word' id='word_1_200' title='bbox 1294 2041 1462 2086; x_wconf 90' lang='lat' dir='ltr'><strong>fidelem</strong></span> <span class='ocrx_word' id='word_1_201' title='bbox 1491 2046 1683 2087; x_wconf 88' lang='lat' dir='ltr'><strong>nostrum</strong></span> 
     </span>
     <span class='ocr_line' id='line_1_25' title="bbox 114 2121 1681 2180; baseline -0.002 -11"><span class='ocrx_word' id='word_1_202' title='bbox 114 2125 307 2170; x_wconf 89' lang='lat' dir='ltr'><strong>abbatem</strong></span> <span class='ocrx_word' id='word_1_203' title='bbox 347 2124 371 2167; x_wconf 78' lang='lat' dir='ltr'><strong>a</strong></span> <span class='ocrx_word' id='word_1_204' title='bbox 410 2122 579 2180; x_wconf 86' lang='lat' dir='ltr'><strong>querela</strong></span> <span class='ocrx_word' id='word_1_205' title='bbox 615 2136 692 2166; x_wconf 89' lang='lat' dir='ltr'><strong>sua</strong></span> <span class='ocrx_word' id='word_1_206' title='bbox 727 2122 827 2166; x_wconf 89' lang='lat' dir='ltr'><strong>licet</strong></span> <span class='ocrx_word' id='word_1_207' title='bbox 860 2122 973 2165; x_wconf 90' lang='lat' dir='ltr'><strong>iusta</strong></span> <span class='ocrx_word' id='word_1_208' title='bbox 1000 2121 1079 2164; x_wconf 81' lang='lat' dir='ltr'><strong>hoe</strong></span> <span class='ocrx_word' id='word_1_209' title='bbox 1108 2124 1298 2178; x_wconf 89' lang='lat' dir='ltr'><strong>tempore</strong></span> <span class='ocrx_word' id='word_1_210' title='bbox 1330 2133 1516 2176; x_wconf 84' lang='lat' dir='ltr'><strong>cessare,</strong></span> <span class='ocrx_word' id='word_1_211' title='bbox 1558 2124 1599 2165; x_wconf 92' lang='lat' dir='ltr'><strong>et</strong></span> <span class='ocrx_word' id='word_1_212' title='bbox 1630 2122 1681 2166; x_wconf 90' lang='lat' dir='ltr'><strong>ab</strong></span> 
     </span>
     <span class='ocr_line' id='line_1_26' title="bbox 114 2198 1682 2261; baseline -0.003 -14"><span class='ocrx_word' id='word_1_213' title='bbox 114 2202 408 2261; x_wconf 82' lang='lat' dir='ltr'><strong>appellatione,</strong></span> <span class='ocrx_word' id='word_1_214' title='bbox 441 2215 524 2258; x_wconf 92' lang='lat' dir='ltr'><strong>qua</strong></span> <span class='ocrx_word' id='word_1_215' title='bbox 554 2201 797 2258; x_wconf 88' lang='lat' dir='ltr'><strong>episcopum</strong></span> <span class='ocrx_word' id='word_1_216' title='bbox 817 2203 1005 2244; x_wconf 86' lang='lat' dir='ltr'><strong>vestrum</strong></span> <span class='ocrx_word' id='word_1_217' title='bbox 1036 2202 1078 2242; x_wconf 89' lang='lat' dir='ltr'><strong>et</strong></span> <span class='ocrx_word' id='word_1_218' title='bbox 1096 2198 1358 2256; x_wconf 88' lang='lat' dir='ltr'><strong>prepositum</strong></span> <span class='ocrx_word' id='word_1_219' title='bbox 1380 2198 1682 2243; x_wconf 87' lang='lat' dir='ltr'><strong>Theodericum</strong></span> 
     </span>
     <span class='ocr_line' id='line_1_27' title="bbox 114 2276 1681 2338; baseline -0.003 -12"><span class='ocrx_word' id='word_1_220' title='bbox 114 2285 240 2338; x_wconf 88' lang='lat' dir='ltr'><strong>atque</strong></span> <span class='ocrx_word' id='word_1_221' title='bbox 283 2279 534 2335; x_wconf 84' lang='lat' dir='ltr'><strong>magistrum</strong></span> <span class='ocrx_word' id='word_1_222' title='bbox 573 2278 857 2322; x_wconf 89' lang='lat' dir='ltr'><strong>Thethardum</strong></span> <span class='ocrx_word' id='word_1_223' title='bbox 897 2278 942 2321; x_wconf 90' lang='lat' dir='ltr'><strong>in</strong></span> <span class='ocrx_word' id='word_1_224' title='bbox 980 2277 1238 2335; x_wconf 88' lang='lat' dir='ltr'><strong>presentiam</strong></span> <span class='ocrx_word' id='word_1_225' title='bbox 1279 2276 1532 2333; x_wconf 87' lang='lat' dir='ltr'><strong>apostolicae</strong></span> <span class='ocrx_word' id='word_1_226' title='bbox 1570 2278 1681 2322; x_wconf 90' lang='lat' dir='ltr'><strong>sedis</strong></span> 
     </span>
     <span class='ocr_line' id='line_1_28' title="bbox 113 2354 1681 2415; baseline -0.003 -11"><span class='ocrx_word' id='word_1_227' title='bbox 113 2356 315 2414; x_wconf 66' lang='lat' dir='ltr'><strong>vocavst‘,</strong></span> <span class='ocrx_word' id='word_1_228' title='bbox 354 2370 431 2415; x_wconf 89' lang='lat' dir='ltr'><strong>pro</strong></span> <span class='ocrx_word' id='word_1_229' title='bbox 468 2359 614 2400; x_wconf 90' lang='lat' dir='ltr'><strong>nostra</strong></span> <span class='ocrx_word' id='word_1_230' title='bbox 651 2356 873 2400; x_wconf 90' lang='lat' dir='ltr'><strong>dilectione</strong></span> <span class='ocrx_word' id='word_1_231' title='bbox 911 2355 1113 2398; x_wconf 88' lang='lat' dir='ltr'><strong>desistere</strong></span> <span class='ocrx_word' id='word_1_232' title='bbox 1148 2354 1400 2398; x_wconf 87' lang='lat' dir='ltr'><strong>monuimus.</strong></span> <span class='ocrx_word' id='word_1_233' title='bbox 1462 2355 1592 2412; x_wconf 91' lang='lat' dir='ltr'><strong>quue</strong></span> <span class='ocrx_word' id='word_1_234' title='bbox 1630 2356 1681 2400; x_wconf 91' lang='lat' dir='ltr'><strong>ab</strong></span> 
     </span>
     <span class='ocr_line' id='line_1_29' title="bbox 114 2432 1681 2490; baseline -0.004 -7"><span class='ocrx_word' id='word_1_235' title='bbox 114 2452 163 2482; x_wconf 90' lang='lat' dir='ltr'><strong>eo</strong></span> <span class='ocrx_word' id='word_1_236' title='bbox 193 2437 374 2482; x_wconf 86' lang='lat' dir='ltr'><strong>multum</strong></span> <span class='ocrx_word' id='word_1_237' title='bbox 403 2434 636 2479; x_wconf 87' lang='lat' dir='ltr'><strong>reluctante</strong></span> <span class='ocrx_word' id='word_1_238' title='bbox 668 2436 765 2489; x_wconf 86' lang='lat' dir='ltr'><strong>egre</strong></span> <span class='ocrx_word' id='word_1_239' title='bbox 795 2434 967 2477; x_wconf 90' lang='lat' dir='ltr'><strong>tandem</strong></span> <span class='ocrx_word' id='word_1_240' title='bbox 998 2432 1266 2476; x_wconf 89' lang='lat' dir='ltr'><strong>obtinuimus.</strong></span> <span class='ocrx_word' id='word_1_241' title='bbox 1309 2432 1429 2476; x_wconf 89' lang='lat' dir='ltr'><strong>Hanc</strong></span> <span class='ocrx_word' id='word_1_242' title='bbox 1459 2447 1558 2489; x_wconf 88' lang='lat' dir='ltr'><strong>ergo</strong></span> <span class='ocrx_word' id='word_1_243' title='bbox 1582 2447 1681 2490; x_wconf 93' lang='lat' dir='ltr'><strong>que-</strong></span> 
     </span>
    </p>
   </div>
   <div class='ocr_carea' id='block_1_4' title="bbox 113 2556 1681 3023">
    <p class='ocr_par' dir='ltr' id='par_1_6' title="bbox 113 2556 1681 3023">
     <span class='ocr_line' id='line_1_30' title="bbox 210 2556 1680 2603; baseline -0.001 -7"><span class='ocrx_word' id='word_1_244' title='bbox 210 2562 242 2597; x_wconf 90' lang='lat'><strong>1.</strong></span> <span class='ocrx_word' id='word_1_245' title='bbox 274 2560 332 2596; x_wconf 83' lang='lat' dir='ltr'><strong>Ex</strong></span> <span class='ocrx_word' id='word_1_246' title='bbox 356 2558 411 2595; x_wconf 89' lang='grc'>1118</span> <span class='ocrx_word' id='word_1_247' title='bbox 436 2557 558 2594; x_wconf 87' lang='lat' dir='ltr'><strong>verbis</strong></span> <span class='ocrx_word' id='word_1_248' title='bbox 583 2557 735 2603; x_wconf 85' lang='lat' dir='ltr'><strong>intelligi</strong></span> <span class='ocrx_word' id='word_1_249' title='bbox 758 2557 856 2603; x_wconf 87' lang='lat' dir='ltr'><strong>licet,</strong></span> <span class='ocrx_word' id='word_1_250' title='bbox 890 2556 1113 2593; x_wconf 85' lang='lat' dir='ltr'><strong>Fridericum</strong></span> <span class='ocrx_word' id='word_1_251' title='bbox 1144 2556 1398 2602; x_wconf 84' lang='lat' dir='ltr'><strong>imperatorem</strong></span> <span class='ocrx_word' id='word_1_252' title='bbox 1427 2567 1552 2593; x_wconf 87' lang='lat' dir='ltr'><strong>mense</strong></span> <span class='ocrx_word' id='word_1_253' title='bbox 1576 2558 1680 2594; x_wconf 89' lang='lat' dir='ltr'><strong>Iunio</strong></span> 
     </span>
     <span class='ocr_line' id='line_1_31' title="bbox 116 2615 1679 2663; baseline -0.003 -6"><span class='ocrx_word' id='word_1_254' title='bbox 116 2621 207 2658; x_wconf 97' lang='grc'>1157</span> <span class='ocrx_word' id='word_1_255' title='bbox 232 2621 270 2656; x_wconf 90' lang='grc'><strong>111</strong></span> <span class='ocrx_word' id='word_1_256' title='bbox 295 2620 422 2655; x_wconf 87' lang='lat' dir='ltr'><strong>itinere</strong></span> <span class='ocrx_word' id='word_1_257' title='bbox 448 2618 675 2661; x_wconf 86' lang='lat' dir='ltr'><strong>Noviomago</strong></span> <span class='ocrx_word' id='word_1_258' title='bbox 709 2616 785 2661; x_wconf 87' lang='lat' dir='ltr'><strong>(ubi</strong></span> <span class='ocrx_word' id='word_1_259' title='bbox 809 2615 878 2652; x_wconf 88' lang='lat' dir='ltr'><strong>fuit</strong></span> <span class='ocrx_word' id='word_1_260' title='bbox 903 2616 937 2652; x_wconf 92' lang='lat' dir='ltr'><strong>d.</strong></span> <span class='ocrx_word' id='word_1_261' title='bbox 958 2617 980 2652; x_wconf 89' lang='lat'><strong>3</strong></span> <span class='ocrx_word' id='word_1_262' title='bbox 1004 2616 1111 2660; x_wconf 86' lang='lat' dir='ltr'><strong>Iunii)</strong></span> <span class='ocrx_word' id='word_1_263' title='bbox 1137 2615 1339 2652; x_wconf 87' lang='lat' dir='ltr'><strong>Goslariam</strong></span> <span class='ocrx_word' id='word_1_264' title='bbox 1371 2616 1447 2660; x_wconf 90' lang='lat' dir='ltr'><strong>(ubi</strong></span> <span class='ocrx_word' id='word_1_265' title='bbox 1472 2627 1554 2652; x_wconf 91' lang='lat' dir='ltr'><strong>eum</strong></span> <span class='ocrx_word' id='word_1_266' title='bbox 1580 2627 1679 2663; x_wconf 84' lang='lat' dir='ltr'><strong>repe-</strong></span> 
     </span>
     <span class='ocr_line' id='line_1_32' title="bbox 113 2675 1680 2721; baseline -0.003 -4"><span class='ocrx_word' id='word_1_267' title='bbox 113 2681 226 2717; x_wconf 85' lang='lat' dir='ltr'><strong>rimus</strong></span> <span class='ocrx_word' id='word_1_268' title='bbox 255 2679 384 2715; x_wconf 89' lang='lat' dir='ltr'><strong>diebus</strong></span> <span class='ocrx_word' id='word_1_269' title='bbox 415 2678 461 2713; x_wconf 85' lang='grc'><strong>23</strong></span> <span class='ocrx_word' id='word_1_270' title='bbox 487 2680 525 2712; x_wconf 87' lang='lat' dir='ltr'><strong>et</strong></span> <span class='ocrx_word' id='word_1_271' title='bbox 548 2676 595 2712; x_wconf 89' lang='grc'><strong>25</strong></span> <span class='ocrx_word' id='word_1_272' title='bbox 618 2676 725 2720; x_wconf 86' lang='grc'>1111111)</span> <span class='ocrx_word' id='word_1_273' title='bbox 758 2675 994 2721; x_wconf 82' lang='lat' dir='ltr'><strong>Osnabrugae</strong></span> <span class='ocrx_word' id='word_1_274' title='bbox 1025 2679 1210 2711; x_wconf 86' lang='lat' dir='ltr'><strong>versatum</strong></span> <span class='ocrx_word' id='word_1_275' title='bbox 1242 2686 1333 2711; x_wconf 88' lang='lat' dir='ltr'><strong>esse.</strong></span> <span class='ocrx_word' id='word_1_276' title='bbox 1455 2676 1487 2711; x_wconf 83' lang='lat'><strong>2.</strong></span> <span class='ocrx_word' id='word_1_277' title='bbox 1521 2676 1544 2711; x_wconf 91' lang='lat' dir='ltr'><strong>i.</strong></span> <span class='ocrx_word' id='word_1_278' title='bbox 1563 2686 1595 2712; x_wconf 89' lang='lat' dir='ltr'><strong>e.</strong></span> <span class='ocrx_word' id='word_1_279' title='bbox 1621 2676 1680 2712; x_wconf 88' lang='lat' dir='ltr'><strong>die</strong></span> 
     </span>
     <span class='ocr_line' id='line_1_33' title="bbox 116 2735 1679 2782; baseline -0.003 -5"><span class='ocrx_word' id='word_1_280' title='bbox 116 2742 136 2776; x_wconf 90' lang='lat'>1</span> <span class='ocrx_word' id='word_1_281' title='bbox 161 2740 242 2776; x_wconf 91' lang='lat' dir='ltr'><strong>Iulii</strong></span> <span class='ocrx_word' id='word_1_282' title='bbox 267 2739 370 2775; x_wconf 88' lang='grc'>1157.</span> <span class='ocrx_word' id='word_1_283' title='bbox 408 2736 585 2773; x_wconf 87' lang='lat' dir='ltr'><strong>Eiusdem</strong></span> <span class='ocrx_word' id='word_1_284' title='bbox 618 2736 738 2772; x_wconf 88' lang='lat' dir='ltr'><strong>curiae</strong></span> <span class='ocrx_word' id='word_1_285' title='bbox 771 2736 807 2771; x_wconf 90' lang='lat' dir='ltr'><strong>in</strong></span> <span class='ocrx_word' id='word_1_286' title='bbox 840 2735 1035 2782; x_wconf 86' lang='lat' dir='ltr'><strong>diplomate</strong></span> <span class='ocrx_word' id='word_1_287' title='bbox 1060 2735 1233 2771; x_wconf 85' lang='lat' dir='ltr'><strong>Frideriei</strong></span> <span class='ocrx_word' id='word_1_288' title='bbox 1264 2735 1350 2772; x_wconf 88' lang='lat' dir='ltr'><strong>dato</strong></span> <span class='ocrx_word' id='word_1_289' title='bbox 1382 2735 1417 2771; x_wconf 91' lang='lat' dir='ltr'><strong>d.</strong></span> <span class='ocrx_word' id='word_1_290' title='bbox 1434 2736 1459 2771; x_wconf 86' lang='lat'>4</span> <span class='ocrx_word' id='word_1_291' title='bbox 1482 2735 1563 2771; x_wconf 89' lang='lat' dir='ltr'><strong>Iulii</strong></span> <span class='ocrx_word' id='word_1_292' title='bbox 1588 2737 1679 2772; x_wconf 86' lang='grc'>1157</span> 
     </span>
     <span class='ocr_line' id='line_1_34' title="bbox 116 2794 1681 2844; baseline -0.003 -8"><span class='ocrx_word' id='word_1_293' title='bbox 116 2800 224 2844; x_wconf 86' lang='grc' dir='ltr'>(Μο11.</span> <span class='ocrx_word' id='word_1_294' title='bbox 242 2799 341 2834; x_wconf 81' lang='lat' dir='ltr'><strong>Boio.</strong></span> <span class='ocrx_word' id='word_1_295' title='bbox 361 2797 497 2834; x_wconf 85' lang='lat' dir='ltr'>XXIX.</span> <span class='ocrx_word' id='word_1_296' title='bbox 516 2796 543 2832; x_wconf 94' lang='lat' dir='ltr'><strong>I.</strong></span> <span class='ocrx_word' id='word_1_297' title='bbox 566 2796 780 2840; x_wconf 81' lang='lat'>344—346)</span> <span class='ocrx_word' id='word_1_298' title='bbox 806 2795 941 2831; x_wconf 86' lang='lat' dir='ltr'><strong>mentio</strong></span> <span class='ocrx_word' id='word_1_299' title='bbox 966 2794 1007 2830; x_wconf 88' lang='lat' dir='ltr'><strong>fit</strong></span> <span class='ocrx_word' id='word_1_300' title='bbox 1031 2794 1100 2830; x_wconf 87' lang='lat' dir='ltr'><strong>hoc</strong></span> <span class='ocrx_word' id='word_1_301' title='bbox 1124 2798 1250 2841; x_wconf 84' lang='lat' dir='ltr'><strong>pacto:</strong></span> <span class='ocrx_word' id='word_1_302' title='bbox 1279 2795 1343 2841; x_wconf 85' lang='lat' dir='ltr'><strong>„in</strong></span> <span class='ocrx_word' id='word_1_303' title='bbox 1367 2795 1557 2841; x_wconf 87' lang='lat' dir='ltr'><strong>sollempni</strong></span> <span class='ocrx_word' id='word_1_304' title='bbox 1582 2796 1681 2832; x_wconf 84' lang='lat' dir='ltr'><strong>curia</strong></span> 
     </span>
     <span class='ocr_line' id='line_1_35' title="bbox 115 2853 1678 2904; baseline -0.003 -9"><span class='ocrx_word' id='word_1_305' title='bbox 115 2858 411 2904; x_wconf 86' lang='lat' dir='ltr'><strong>Babenbergensi</strong></span> <span class='ocrx_word' id='word_1_306' title='bbox 435 2857 472 2892; x_wconf 91' lang='lat' dir='ltr'><strong>in</strong></span> <span class='ocrx_word' id='word_1_307' title='bbox 489 2855 664 2891; x_wconf 87' lang='lat' dir='ltr'><strong>Kalendis</strong></span> <span class='ocrx_word' id='word_1_308' title='bbox 689 2855 769 2890; x_wconf 91' lang='lat' dir='ltr'><strong>Iulii</strong></span> <span class='ocrx_word' id='word_1_309' title='bbox 786 2853 1000 2890; x_wconf 82' lang='lat' dir='ltr'><strong>celebrata.“</strong></span> <span class='ocrx_word' id='word_1_310' title='bbox 1075 2855 1109 2889; x_wconf 89' lang='lat'><strong>3.</strong></span> <span class='ocrx_word' id='word_1_311' title='bbox 1134 2853 1315 2891; x_wconf 85' lang='lat' dir='ltr'><strong>wibaldo.</strong></span> <span class='ocrx_word' id='word_1_312' title='bbox 1388 2855 1422 2890; x_wconf 88' lang='lat'><strong>4.</strong></span> <span class='ocrx_word' id='word_1_313' title='bbox 1449 2855 1613 2890; x_wconf 87' lang='lat' dir='ltr'><strong>Bennoni</strong></span> <span class='ocrx_word' id='word_1_314' title='bbox 1633 2855 1678 2891; x_wconf 92' lang='grc' dir='ltr'><strong>ΙΙ.</strong></span> 
     </span>
     <span class='ocr_line' id='line_1_36' title="bbox 116 2913 1678 2964; baseline -0.002 -10"><span class='ocrx_word' id='word_1_315' title='bbox 116 2918 149 2954; x_wconf 91' lang='grc'><strong>5.</strong></span> <span class='ocrx_word' id='word_1_316' title='bbox 176 2918 371 2964; x_wconf 87' lang='lat' dir='ltr'><strong>diplomate</strong></span> <span class='ocrx_word' id='word_1_317' title='bbox 397 2917 483 2952; x_wconf 89' lang='lat' dir='ltr'><strong>dato</strong></span> <span class='ocrx_word' id='word_1_318' title='bbox 509 2916 552 2951; x_wconf 93' lang='grc'><strong>27</strong></span> <span class='ocrx_word' id='word_1_319' title='bbox 577 2915 718 2951; x_wconf 84' lang='lat' dir='ltr'><strong>Ianuar.</strong></span> <span class='ocrx_word' id='word_1_320' title='bbox 739 2915 841 2960; x_wconf 84' lang='grc'>1079,</span> <span class='ocrx_word' id='word_1_321' title='bbox 867 2925 924 2960; x_wconf 89' lang='lat' dir='ltr'><strong>ap.</strong></span> <span class='ocrx_word' id='word_1_322' title='bbox 948 2914 1090 2950; x_wconf 90' lang='lat' dir='ltr'><strong>Erhard</strong></span> <span class='ocrx_word' id='word_1_323' title='bbox 1113 2914 1203 2960; x_wconf 86' lang='lat' dir='ltr'><strong>Reg.</strong></span> <span class='ocrx_word' id='word_1_324' title='bbox 1228 2913 1394 2961; x_wconf 85' lang='lat' dir='ltr'><strong>Westph.</strong></span> <span class='ocrx_word' id='word_1_325' title='bbox 1420 2914 1449 2951; x_wconf 91' lang='grc' dir='ltr'><strong>Ι.</strong></span> <span class='ocrx_word' id='word_1_326' title='bbox 1476 2914 1565 2951; x_wconf 87' lang='lat' dir='ltr'><strong>Cod.</strong></span> <span class='ocrx_word' id='word_1_327' title='bbox 1593 2915 1678 2962; x_wconf 89' lang='lat' dir='ltr'><strong>dipl.</strong></span> 
     </span>
     <span class='ocr_line' id='line_1_37' title="bbox 116 2974 902 3023; baseline -0.004 -11"><span class='ocrx_word' id='word_1_328' title='bbox 116 2989 151 3023; x_wconf 89' lang='lat' dir='ltr'><strong>p.</strong></span> <span class='ocrx_word' id='word_1_329' title='bbox 170 2978 250 3013; x_wconf 90' lang='grc'>122.</span> <span class='ocrx_word' id='word_1_330' title='bbox 347 2978 379 3012; x_wconf 87' lang='grc'><strong>6.</strong></span> <span class='ocrx_word' id='word_1_331' title='bbox 405 2988 440 3012; x_wconf 92' lang='lat' dir='ltr'><strong>v.</strong></span> <span class='ocrx_word' id='word_1_332' title='bbox 467 2985 523 3021; x_wconf 89' lang='lat' dir='ltr'><strong>ep.</strong></span> <span class='ocrx_word' id='word_1_333' title='bbox 541 2975 611 3011; x_wconf 86' lang='lat'><strong>455</strong></span> <span class='ocrx_word' id='word_1_334' title='bbox 636 2985 745 3020; x_wconf 83' lang='lat' dir='ltr'><strong>supra</strong></span> <span class='ocrx_word' id='word_1_335' title='bbox 768 2985 803 3020; x_wconf 91' lang='lat' dir='ltr'><strong>p.</strong></span> <span class='ocrx_word' id='word_1_336' title='bbox 822 2974 902 3010; x_wconf 89' lang='grc'>587.</span> 
     </span>
    </p>
   </div>
  </div>
 </body>
</html>
