1924 3288
545 206 746 239 wmALm
774 204 1025 238 EPISTOLAE
1053 203 1124 235 191.
1149 203 1219 234 192.
1582 187 1675 234 311‘

107 299 222 352 191.
250 297 467 349 Conradas
484 303 559 348 ΠΙ
577 319 653 347 rex
683 302 926 346 Heinricum
960 303 1197 359 episcopum
1226 291 1484 344 Mindensem
1515 300 1582 343 die
1611 300 1670 342 25

248 377 490 422 Decembris
521 377 776 435 Aqui-syrani
813 391 897 417 esse
926 375 1055 428 iubet,
1095 374 1146 417 de
1177 373 1353 416 ecclesiis
1381 370 1673 416 Kaminatensi

250 457 289 493 et
316 449 538 492 Visbicensi
567 463 736 491 causam
767 448 971 490 dicturum
983 443 1005 489 ¹.
1450 442 1523 497 (M.
1552 441 1668 496 172.)

220 531 472 587 C(onradus)
503 531 585 575 Dei
614 531 753 586 gratia
781 529 1068 573 Romanorum
1096 542 1172 572 rex
1203 526 1437 583 H(einrico)
1459 526 1671 571 Mindensi
1697 527 1789 564 1149

101 612 297 670 episcopo
326 610 508 665 gratiam
537 622 657 653 suam
689 611 732 652 et
762 622 884 651 omne
914 608 1084 652 bonum.
1703 579 1781 617 Aug’

217 688 502 743 Meminimus,
527 687 638 744 quod
657 700 734 744 per
755 685 839 728 alia
859 686 1019 742 scripta
1038 683 1324 742 pontificalem
1344 682 1671 727 sollicitudinem

99 771 218 812 tuam
238 766 560 821 ammonuimus,
591 768 640 808 ut
659 764 1005 808 Kaminatensem
1026 763 1285 818 aecclesiam,
1318 775 1445 818 quam
1465 760 1671 818 pollutam

99 845 296 890 iudicasti
331 858 409 903 pro
440 857 541 888 casu
572 846 615 887 et
643 845 780 886 morte
810 841 932 899 pueri
962 841 1157 885 monachi
1187 841 1233 884 in
1262 839 1529 884 resarciendo
1559 842 1671 883 tecto

98 923 350 979 laborantis,
388 921 662 966 reconciliare
700 934 750 964 ac
786 934 969 977 purgare
998 933 1085 962 non
1115 917 1317 962 differres,
1364 918 1422 962 Et
1450 917 1671 973 miramur,

99 1005 143 1047 te
179 1015 266 1046 non
299 1000 436 1045 solum
473 1000 674 1043 mandata
710 1001 856 1042 nostra
894 1000 958 1041 set
996 996 1180 1040 officium
1211 1000 1332 1040 tuum
1363 1010 1450 1039 non
1479 995 1668 1053 implere.

102 1080 215 1125 Satis
245 1080 318 1124 diu
339 1079 629 1137 patrocinatus
650 1091 695 1121 es
717 1075 958 1120 enormitati
977 1075 1216 1131 mulierum,
1248 1088 1355 1131 quae
1374 1074 1532 1118 ibidem
1551 1073 1671 1117 habi-

100 1161 317 1214 taverant,
360 1160 403 1201 et
437 1156 613 1200 nimium
647 1154 960 1210 contradixisti,
998 1167 1052 1197 ne
1083 1153 1217 1196 divini
1247 1152 1384 1196 cultus
1414 1151 1563 1207 religio
1594 1165 1671 1208 per

99 1251 178 1281 nos
217 1249 266 1280 ac
301 1239 469 1280 nostros
505 1234 664 1278 ibidem
692 1232 945 1276 firmaretur.
1069 1231 1159 1275 Tua
1189 1230 1576 1287 etiamprudentia
1604 1230 1670 1273 in-

99 1315 265 1371 telligat
295 1318 338 1358 et
365 1313 535 1368 iudicet,
566 1315 709 1355 utrum
734 1311 947 1354 abbatiam
964 1309 1139 1353 Visbike
1159 1309 1376 1353 demutare
1398 1311 1439 1352 et
1461 1308 1670 1365 aliquibus

99 1393 292 1451 personis
333 1391 490 1448 absque
527 1393 672 1435 nostro
710 1390 830 1432 iussu
868 1388 1098 1431 attribuere
1137 1387 1364 1431 debueris⁰.
1486 1385 1569 1429 Pro
1603 1386 1670 1429 his

100 1471 230 1527 igitur
260 1474 304 1514 et
333 1470 442 1526 aliis,
473 1469 518 1512 in
551 1468 701 1524 quibus
731 1481 808 1510 nos
830 1465 1040 1510 offendere
1059 1479 1326 1522 nequaquam
1346 1465 1563 1521 dubitasti,
1594 1479 1671 1522 per

100 1549 315 1614 presentia
343 1548 424 1592 tibi
453 1547 612 1604 scripta
641 1545 889 1589 mandamus
922 1547 964 1588 et
995 1544 1072 1588 sub
1104 1546 1280 1601 optentu
1309 1543 1471 1598 gratiae
1500 1546 1671 1587 nostrae

100 1627 372 1686 precipimus,
407 1629 455 1669 ut
484 1625 530 1668 in
560 1624 756 1682 proxima
785 1623 1007 1667 nativitate
1037 1619 1233 1666 Domini2
1263 1622 1524 1679 presentiam
1552 1624 1671 1665 tuam

102 1705 216 1763 apud
234 1703 493 1761 Aquisgrani
522 1702 643 1746 nobis
674 1701 887 1758 exhibeas,
917 1714 1195 1758 responsurus
1226 1700 1347 1744 nobis
1378 1700 1533 1743 iudicio
1553 1700 1671 1757 prin-

102 1784 245 1841 cipum
276 1783 327 1827 de
356 1782 437 1838 his,
469 1795 575 1837 quae
605 1781 718 1824 circa
746 1794 823 1823 nos
852 1783 894 1823 et
913 1779 1114 1822 mandata
1132 1780 1279 1822 nostra
1298 1778 1536 1834 neglexisse
1554 1778 1671 1822 visus

101 1861 244 1905 fueris.
293 1860 515 1904 Caeterum
554 1859 591 1902 si
628 1857 1012 1902 reconciliationem
1051 1856 1299 1912 aecclesiae,
1339 1857 1391 1900 de
1429 1870 1514 1913 qua
1543 1870 1672 1914 supra

102 1939 300 1994 diximus,
332 1937 512 1995 amplius
543 1935 711 1980 differre
739 1935 1030 1992 temptaveriS,
1063 1935 1261 1990 quoniam
1291 1934 1561 1991 privilegium
1582 1948 1671 1978 me-

101 2021 219 2062 retur
255 2017 471 2071 amittere,
511 2015 583 2071 qui
619 2026 817 2057 concessa
854 2012 1041 2056 abutitur
1071 2015 1301 2069 potestate,
1341 2026 1418 2056 nos
1450 2013 1539 2057 eius
1570 2026 1670 2070 pur-

102 2096 315 2152 gationem
344 2093 521 2138 ulterius
551 2091 818 2136 dissimulare
847 2104 1112 2147 nequaquam
1142 2090 1388 2134 valebimus.

109 2237 223 2284 192.
251 2237 525 2282 Bernhardus
565 2237 779 2293 episcopus
817 2235 1171 2278 Paderbornensis
1210 2243 1248 2277 et
1293 2234 1506 2278 Wibaldus
1544 2236 1672 2278 abbas

251 2310 443 2368 Eugenio
475 2308 548 2351 III
563 2323 709 2365 papae
740 2308 790 2350 de
820 2308 976 2349 iniuria
997 2306 1189 2364 Zeizolfo
1215 2308 1456 2364 praeposito
1482 2307 1673 2364 Spirensi

251 2383 370 2425 illata
398 2381 595 2439 referunt.
1454 2376 1527 2431 (M.
1554 2377 1669 2430 174.)

223 2464 466 2509 Reverendo
505 2462 617 2520 patri
655 2475 729 2505 suo
768 2464 810 2504 et
846 2460 1015 2504 domino
1046 2459 1269 2516 E(ugenio)
1302 2464 1471 2505 sanctae
1502 2461 1670 2504 univer·
1695 2472 1787 2508 1149

106 2544 206 2588 salis
238 2542 464 2587 aecclesiae
495 2554 659 2584 summo
691 2543 733 2583 et
762 2538 991 2582 universali
1021 2538 1210 2596 pontifici
1240 2538 1557 2594 B(ernhardus),
1589 2538 1671 2582 Dei

106 2623 242 2678 gratia
277 2619 655 2664 Patherburnensis
706 2616 930 2660 aecclesiae
975 2616 1145 2659 humilis
1191 2616 1406 2671 minister,
1454 2619 1495 2659 et
1539 2617 1671 2660 frater

105 2698 357 2753 W(ibaldus)
391 2697 536 2741 eadem
567 2696 704 2752 gratia
734 2698 776 2738 et
796 2697 937 2737 vestra
957 2694 1002 2736 id
1023 2694 1133 2749 quod
1158 2698 1222 2737 est
1242 2694 1286 2736 in
1307 2693 1510 2738 aecclesia
1529 2694 1670 2738 catho-

106 2777 200 2832 lica,
232 2778 570 2833 perseverantem
591 2788 685 2817 cum
708 2772 821 2816 omni
843 2772 1063 2815 devotione
1087 2774 1129 2815 et
1148 2771 1387 2815 obedientia
1406 2771 1667 2816 famulatum.

224 2876 231 2884 .
259 2853 339 2883 debu
358 2852 376 2855 “
415 2875 422 2883 .

204 2863 237 2940 i.
261 2862 373 2940 Haniir
389 2865 580 2950 gpistolam
604 2901 837 2939 Francofurti
861 2912 909 2936 m.
926 2900 1098 2946 Augusto
1116 2901 1208 2937 1149
1232 2901 1355 2938 datam
1379 2911 1472 2947 osse,
1495 2901 1669 2949 intelligi-

108 2976 190 3001 mus
214 2975 260 3001 ex
284 2975 341 3010 ep.
360 2965 430 3001 200
454 2963 550 3000 infra
574 2975 609 3010 p.
628 2964 709 2999 318.
806 2963 841 2998 2.
866 2961 922 2998 25.
941 2961 1031 2997 Dec.
1050 2959 1155 2996 1149.
