<?xml version="1.0" encoding="UTF-8"?>
<!DOCTYPE html PUBLIC "-//W3C//DTD XHTML 1.0 Transitional//EN"
    "http://www.w3.org/TR/xhtml1/DTD/xhtml1-transitional.dtd">
<html xmlns="http://www.w3.org/1999/xhtml" xml:lang="en" lang="en">
 <head>
  <title>
</title>
<meta http-equiv="Content-Type" content="text/html;charset=utf-8" />
  <meta name='ocr-system' content='tesseract 3.04.00' />
  <meta name='ocr-capabilities' content='ocr_page ocr_carea ocr_par ocr_line ocrx_word'/>
</head>
<body>
  <div class='ocr_page' id='page_1' title='image "bibliothecarerum01wattuoft_0191.png"; bbox 0 0 1924 3288; ppageno 0'>
   <div class='ocr_carea' id='block_1_1' title="bbox 550 211 1646 259">
    <p class='ocr_par' dir='ltr' id='par_1_1' title="bbox 550 211 1646 259">
     <span class='ocr_line' id='line_1_1' title="bbox 550 211 1646 259; baseline -0.005 1"><span class='ocrx_word' id='word_1_1' title='bbox 550 227 748 259; x_wconf 76' lang='lat' dir='ltr'>wmALm</span> <span class='ocrx_word' id='word_1_2' title='bbox 777 225 1024 259; x_wconf 69' lang='lat' dir='ltr'>nms&#39;ronffl</span> <span class='ocrx_word' id='word_1_3' title='bbox 1057 225 1107 257; x_wconf 79' lang='grc'>97.</span> <span class='ocrx_word' id='word_1_4' title='bbox 1129 225 1178 257; x_wconf 81' lang='lat'>98.</span> <span class='ocrx_word' id='word_1_5' title='bbox 1562 211 1646 255; x_wconf 85' lang='lat'>173</span> 
     </span>
    </p>
   </div>
   <div class='ocr_carea' id='block_1_2' title="bbox 86 319 1648 1086">
    <p class='ocr_par' dir='ltr' id='par_1_2' title="bbox 86 319 1648 1086">
     <span class='ocr_line' id='line_1_2' title="bbox 86 319 1645 380; baseline -0.004 -11"><span class='ocrx_word' id='word_1_6' title='bbox 86 336 191 369; x_wconf 81' lang='lat' dir='ltr'>rum-</span> <span class='ocrx_word' id='word_1_7' title='bbox 211 334 354 369; x_wconf 72' lang='lat' dir='ltr'>rerum</span> <span class='ocrx_word' id='word_1_8' title='bbox 383 326 607 380; x_wconf 77' lang='lat' dir='ltr'><strong>cessarent,</strong></span> <span class='ocrx_word' id='word_1_9' title='bbox 640 323 837 380; x_wconf 89' lang='lat' dir='ltr'>quoniam</span> <span class='ocrx_word' id='word_1_10' title='bbox 859 322 976 366; x_wconf 84' lang='lat' dir='ltr'>nulla</span> <span class='ocrx_word' id='word_1_11' title='bbox 996 321 1187 380; x_wconf 90' lang='lat' dir='ltr'>cappella</span> <span class='ocrx_word' id='word_1_12' title='bbox 1205 320 1309 366; x_wconf 92' lang='lat' dir='ltr'>haec</span> <span class='ocrx_word' id='word_1_13' title='bbox 1330 319 1355 365; x_wconf 79' lang='lat' dir='ltr'>a</span> <span class='ocrx_word' id='word_1_14' title='bbox 1374 333 1451 364; x_wconf 88' lang='lat' dir='ltr'>sua</span> <span class='ocrx_word' id='word_1_15' title='bbox 1469 319 1645 363; x_wconf 90' lang='lat' dir='ltr'>matrice</span> 
     </span>
     <span class='ocr_line' id='line_1_3' title="bbox 86 399 1646 459; baseline -0.004 -12"><span class='ocrx_word' id='word_1_16' title='bbox 86 402 183 448; x_wconf 74' lang='lat' dir='ltr'>iure</span> <span class='ocrx_word' id='word_1_17' title='bbox 201 401 316 447; x_wconf 76' lang='lat' dir='ltr'>solet</span> <span class='ocrx_word' id='word_1_18' title='bbox 344 402 525 458; x_wconf 81' lang='lat' dir='ltr'>exigere,</span> <span class='ocrx_word' id='word_1_19' title='bbox 558 401 656 459; x_wconf 89' lang='lat' dir='ltr'>quia</span> <span class='ocrx_word' id='word_1_20' title='bbox 686 401 746 445; x_wconf 90' lang='lat' dir='ltr'>hii</span> <span class='ocrx_word' id='word_1_21' title='bbox 777 401 849 458; x_wconf 90' lang='lat' dir='ltr'>qui</span> <span class='ocrx_word' id='word_1_22' title='bbox 872 399 1084 458; x_wconf 75' lang='lat' dir='ltr'>cappellae</span> <span class='ocrx_word' id='word_1_23' title='bbox 1105 402 1442 455; x_wconf 83' lang='lat' dir='ltr'>construxerunt,</span> <span class='ocrx_word' id='word_1_24' title='bbox 1472 401 1646 456; x_wconf 83' lang='lat' dir='ltr'>propter</span> 
     </span>
     <span class='ocr_line' id='line_1_4' title="bbox 87 477 1643 538; baseline -0.004 -12"><span class='ocrx_word' id='word_1_25' title='bbox 87 480 243 526; x_wconf 67' lang='lat' dir='ltr'>laboris</span> <span class='ocrx_word' id='word_1_26' title='bbox 263 480 569 538; x_wconf 77' lang='lat' dir='ltr'>compendium,</span> <span class='ocrx_word' id='word_1_27' title='bbox 600 493 654 524; x_wconf 90' lang='lat' dir='ltr'>ne</span> <span class='ocrx_word' id='word_1_28' title='bbox 675 479 729 523; x_wconf 87' lang='lat' dir='ltr'>ad</span> <span class='ocrx_word' id='word_1_29' title='bbox 747 479 965 523; x_wconf 82' lang='lat' dir='ltr'>matricem</span> <span class='ocrx_word' id='word_1_30' title='bbox 986 477 1230 523; x_wconf 78' lang='lat' dir='ltr'>aecclesiam</span> <span class='ocrx_word' id='word_1_31' title='bbox 1248 477 1372 534; x_wconf 86' lang='lat' dir='ltr'>longe</span> <span class='ocrx_word' id='word_1_32' title='bbox 1390 477 1643 532; x_wconf 80' lang='lat' dir='ltr'>laborarent,</span> 
     </span>
     <span class='ocr_line' id='line_1_5' title="bbox 89 555 1645 617; baseline -0.004 -13"><span class='ocrx_word' id='word_1_33' title='bbox 89 559 259 604; x_wconf 65' lang='lat' dir='ltr'>exsuis</span> <span class='ocrx_word' id='word_1_34' title='bbox 288 559 472 617; x_wconf 87' lang='lat' dir='ltr'>propriis</span> <span class='ocrx_word' id='word_1_35' title='bbox 503 558 664 603; x_wconf 89' lang='lat' dir='ltr'>collatis</span> <span class='ocrx_word' id='word_1_36' title='bbox 697 557 749 601; x_wconf 87' lang='lat' dir='ltr'>ad</span> <span class='ocrx_word' id='word_1_37' title='bbox 781 570 947 601; x_wconf 91' lang='lat' dir='ltr'>omnem</span> <span class='ocrx_word' id='word_1_38' title='bbox 967 556 1295 614; x_wconf 78' lang='lat' dir='ltr'>oportunitatem</span> <span class='ocrx_word' id='word_1_39' title='bbox 1314 555 1527 614; x_wconf 85' lang='lat' dir='ltr'>cappellae</span> <span class='ocrx_word' id='word_1_40' title='bbox 1547 568 1645 612; x_wconf 89' lang='lat' dir='ltr'>pro-</span> 
     </span>
     <span class='ocr_line' id='line_1_6' title="bbox 87 633 1644 695; baseline -0.004 -12"><span class='ocrx_word' id='word_1_41' title='bbox 87 637 232 683; x_wconf 77' lang='lat' dir='ltr'>videre</span> <span class='ocrx_word' id='word_1_42' title='bbox 260 637 556 695; x_wconf 88' lang='lat' dir='ltr'>promiserunt.</span> <span class='ocrx_word' id='word_1_43' title='bbox 618 635 696 680; x_wconf 89' lang='lat' dir='ltr'>Cui</span> <span class='ocrx_word' id='word_1_44' title='bbox 733 635 964 679; x_wconf 87' lang='lat' dir='ltr'>sententiae</span> <span class='ocrx_word' id='word_1_45' title='bbox 1000 648 1096 678; x_wconf 92' lang='lat' dir='ltr'>cum</span> <span class='ocrx_word' id='word_1_46' title='bbox 1126 634 1326 690; x_wconf 86' lang='lat' dir='ltr'>magister</span> <span class='ocrx_word' id='word_1_47' title='bbox 1355 633 1644 688; x_wconf 84' lang='lat' dir='ltr'>B(aldovinus)</span> 
     </span>
     <span class='ocr_line' id='line_1_7' title="bbox 88 711 1646 773; baseline -0.004 -13"><span class='ocrx_word' id='word_1_48' title='bbox 88 729 174 760; x_wconf 89' lang='lat' dir='ltr'>non</span> <span class='ocrx_word' id='word_1_49' title='bbox 204 716 497 773; x_wconf 81' lang='lat' dir='ltr'>acquiesceret,</span> <span class='ocrx_word' id='word_1_50' title='bbox 528 714 721 758; x_wconf 86' lang='lat' dir='ltr'>monachi</span> <span class='ocrx_word' id='word_1_51' title='bbox 752 713 895 757; x_wconf 87' lang='lat' dir='ltr'>Sancti</span> <span class='ocrx_word' id='word_1_52' title='bbox 915 712 1118 769; x_wconf 88' lang='lat' dir='ltr'>Medardi,</span> <span class='ocrx_word' id='word_1_53' title='bbox 1149 713 1338 756; x_wconf 88' lang='lat' dir='ltr'>videntes</span> <span class='ocrx_word' id='word_1_54' title='bbox 1370 726 1415 755; x_wconf 86' lang='lat' dir='ltr'>se</span> <span class='ocrx_word' id='word_1_55' title='bbox 1445 711 1646 755; x_wconf 86' lang='lat' dir='ltr'>dilatione</span> 
     </span>
     <span class='ocr_line' id='line_1_8' title="bbox 89 790 1646 849; baseline -0.004 -10"><span class='ocrx_word' id='word_1_56' title='bbox 89 808 181 839; x_wconf 82' lang='lat' dir='ltr'>esse</span> <span class='ocrx_word' id='word_1_57' title='bbox 216 794 438 838; x_wconf 83' lang='lat' dir='ltr'>frustratos</span> <span class='ocrx_word' id='word_1_58' title='bbox 475 795 518 836; x_wconf 91' lang='lat' dir='ltr'>et</span> <span class='ocrx_word' id='word_1_59' title='bbox 546 805 680 849; x_wconf 90' lang='lat' dir='ltr'>neque</span> <span class='ocrx_word' id='word_1_60' title='bbox 709 806 787 849; x_wconf 90' lang='lat' dir='ltr'>per</span> <span class='ocrx_word' id='word_1_61' title='bbox 816 792 882 835; x_wconf 92' lang='lat' dir='ltr'>ius</span> <span class='ocrx_word' id='word_1_62' title='bbox 913 794 986 834; x_wconf 89' lang='lat' dir='ltr'>aut</span> <span class='ocrx_word' id='word_1_63' title='bbox 1014 805 1091 848; x_wconf 91' lang='lat' dir='ltr'>per</span> <span class='ocrx_word' id='word_1_64' title='bbox 1122 790 1388 834; x_wconf 86' lang='lat' dir='ltr'>concordiam</span> <span class='ocrx_word' id='word_1_65' title='bbox 1418 803 1494 834; x_wconf 87' lang='lat' dir='ltr'>sua</span> <span class='ocrx_word' id='word_1_66' title='bbox 1523 803 1646 847; x_wconf 90' lang='lat' dir='ltr'>posse</span> 
     </span>
     <span class='ocr_line' id='line_1_9' title="bbox 88 869 1647 930; baseline -0.004 -12"><span class='ocrx_word' id='word_1_67' title='bbox 88 873 294 930; x_wconf 84' lang='lat' dir='ltr'>recipere,</span> <span class='ocrx_word' id='word_1_68' title='bbox 331 874 495 917; x_wconf 84' lang='lat' dir='ltr'>vestrae</span> <span class='ocrx_word' id='word_1_69' title='bbox 533 870 791 915; x_wconf 87' lang='lat' dir='ltr'>celsitudinis</span> <span class='ocrx_word' id='word_1_70' title='bbox 829 869 1087 927; x_wconf 84' lang='lat' dir='ltr'>presentiam</span> <span class='ocrx_word' id='word_1_71' title='bbox 1124 869 1442 927; x_wconf 86' lang='lat' dir='ltr'>appellaverunt</span> <span class='ocrx_word' id='word_1_72' title='bbox 1479 871 1521 912; x_wconf 88' lang='lat' dir='ltr'>et</span> <span class='ocrx_word' id='word_1_73' title='bbox 1557 881 1647 911; x_wconf 92' lang='lat' dir='ltr'>ma—</span> 
     </span>
     <span class='ocr_line' id='line_1_10' title="bbox 88 946 1648 1008; baseline -0.004 -12"><span class='ocrx_word' id='word_1_74' title='bbox 88 951 267 1008; x_wconf 83' lang='lat' dir='ltr'>gistrum</span> <span class='ocrx_word' id='word_1_75' title='bbox 285 949 594 1005; x_wconf 86' lang='lat' dir='ltr'>B(aldovinum)</span> <span class='ocrx_word' id='word_1_76' title='bbox 617 949 766 993; x_wconf 88' lang='lat' dir='ltr'>vestris</span> <span class='ocrx_word' id='word_1_77' title='bbox 794 948 939 992; x_wconf 85' lang='lat' dir='ltr'>adesse</span> <span class='ocrx_word' id='word_1_78' title='bbox 959 947 1239 992; x_wconf 88' lang='lat' dir='ltr'>tribunalibus</span> <span class='ocrx_word' id='word_1_79' title='bbox 1260 947 1306 990; x_wconf 91' lang='lat' dir='ltr'>in</span> <span class='ocrx_word' id='word_1_80' title='bbox 1337 950 1484 991; x_wconf 89' lang='lat' dir='ltr'>octava</span> <span class='ocrx_word' id='word_1_81' title='bbox 1513 946 1648 990; x_wconf 88' lang='lat' dir='ltr'>sancti</span> 
     </span>
     <span class='ocr_line' id='line_1_11' title="bbox 87 1025 1293 1086; baseline -0.004 -12"><span class='ocrx_word' id='word_1_82' title='bbox 87 1027 261 1074; x_wconf 86' lang='lat' dir='ltr'>Martini</span> <span class='ocrx_word' id='word_1_83' title='bbox 272 1025 296 1086; x_wconf 88' lang='lat'>¹,</span> <span class='ocrx_word' id='word_1_84' title='bbox 327 1028 447 1073; x_wconf 85' lang='lat' dir='ltr'>nobis</span> <span class='ocrx_word' id='word_1_85' title='bbox 478 1031 521 1072; x_wconf 92' lang='lat' dir='ltr'>et</span> <span class='ocrx_word' id='word_1_86' title='bbox 549 1027 694 1071; x_wconf 89' lang='lat' dir='ltr'>multis</span> <span class='ocrx_word' id='word_1_87' title='bbox 726 1026 1006 1082; x_wconf 79' lang='lat' dir='ltr'>audientibuS,</span> <span class='ocrx_word' id='word_1_88' title='bbox 1037 1026 1293 1070; x_wconf 85' lang='lat' dir='ltr'>indixerunt.</span> 
     </span>
    </p>
   </div>
   <div class='ocr_carea' id='block_1_3' title="bbox 727 1116 1010 1124">
    <p class='ocr_par' dir='ltr' id='par_1_3' title="bbox 727 1116 1010 1124">
     <span class='ocr_line' id='line_1_12' title="bbox 727 1116 1010 1124; baseline 0 2164"><span class='ocrx_word' id='word_1_89' title='bbox 727 1116 1010 1124; x_wconf 95' lang='lat' dir='ltr'> </span> 
     </span>
    </p>
   </div>
   <div class='ocr_carea' id='block_1_4' title="bbox 93 1167 1646 1230">
    <p class='ocr_par' dir='ltr' id='par_1_4' title="bbox 93 1167 1646 1230">
     <span class='ocr_line' id='line_1_13' title="bbox 93 1167 1646 1230; baseline -0.005 -11"><span class='ocrx_word' id='word_1_90' title='bbox 93 1170 174 1220; x_wconf 90' lang='grc'>98.</span> <span class='ocrx_word' id='word_1_91' title='bbox 209 1173 466 1218; x_wconf 76' lang='lat' dir='ltr'>corbeienses</span> <span class='ocrx_word' id='word_1_92' title='bbox 494 1172 675 1216; x_wconf 76' lang='lat' dir='ltr'>Wibaldi</span> <span class='ocrx_word' id='word_1_93' title='bbox 702 1173 880 1228; x_wconf 78' lang='lat' dir='ltr'>reditum</span> <span class='ocrx_word' id='word_1_94' title='bbox 910 1179 1143 1230; x_wconf 72' lang='lat' dir='ltr'>exposcunt.</span> <span class='ocrx_word' id='word_1_95' title='bbox 1463 1167 1534 1223; x_wconf 91' lang='lat' dir='ltr'>(M.</span> <span class='ocrx_word' id='word_1_96' title='bbox 1559 1168 1646 1223; x_wconf 87' lang='grc'>81.)</span> 
     </span>
    </p>
   </div>
   <div class='ocr_carea' id='block_1_5' title="bbox 87 1257 1652 2884">
    <p class='ocr_par' dir='ltr' id='par_1_5' title="bbox 89 1257 1648 1464">
     <span class='ocr_line' id='line_1_14' title="bbox 207 1257 1648 1319; baseline -0.003 -13"><span class='ocrx_word' id='word_1_97' title='bbox 207 1261 370 1307; x_wconf 88' lang='lat' dir='ltr'>Dilecto</span> <span class='ocrx_word' id='word_1_98' title='bbox 401 1263 446 1306; x_wconf 91' lang='lat' dir='ltr'>in</span> <span class='ocrx_word' id='word_1_99' title='bbox 471 1261 637 1306; x_wconf 88' lang='lat' dir='ltr'>Christo</span> <span class='ocrx_word' id='word_1_100' title='bbox 676 1262 790 1319; x_wconf 91' lang='lat' dir='ltr'>patri</span> <span class='ocrx_word' id='word_1_101' title='bbox 826 1264 868 1306; x_wconf 91' lang='lat' dir='ltr'>et</span> <span class='ocrx_word' id='word_1_102' title='bbox 899 1261 1067 1305; x_wconf 88' lang='lat' dir='ltr'>domino</span> <span class='ocrx_word' id='word_1_103' title='bbox 1099 1273 1172 1304; x_wconf 88' lang='lat' dir='ltr'>suo</span> <span class='ocrx_word' id='word_1_104' title='bbox 1195 1257 1388 1304; x_wconf 87' lang='lat' dir='ltr'>Wibaldo</span> <span class='ocrx_word' id='word_1_105' title='bbox 1420 1257 1648 1302; x_wconf 88' lang='lat' dir='ltr'>venerabili</span> 
     </span>
     <span class='ocr_line' id='line_1_15' title="bbox 89 1336 1648 1394; baseline -0.003 -9"><span class='ocrx_word' id='word_1_106' title='bbox 89 1339 333 1385; x_wconf 83' lang='lat' dir='ltr'>Corbeiensi</span> <span class='ocrx_word' id='word_1_107' title='bbox 370 1340 512 1385; x_wconf 88' lang='lat' dir='ltr'>abbati</span> <span class='ocrx_word' id='word_1_108' title='bbox 547 1341 700 1384; x_wconf 85' lang='lat' dir='ltr'>fratres</span> <span class='ocrx_word' id='word_1_109' title='bbox 740 1339 1003 1384; x_wconf 86' lang='lat' dir='ltr'>Corbeiensis</span> <span class='ocrx_word' id='word_1_110' title='bbox 1050 1338 1274 1382; x_wconf 88' lang='lat' dir='ltr'>aecclesiae</span> <span class='ocrx_word' id='word_1_111' title='bbox 1311 1337 1497 1381; x_wconf 87' lang='lat' dir='ltr'>debitam</span> <span class='ocrx_word' id='word_1_112' title='bbox 1535 1336 1648 1394; x_wconf 87' lang='lat' dir='ltr'>patri</span> 
     </span>
     <span class='ocr_line' id='line_1_16' title="bbox 90 1417 1221 1464; baseline -0.003 -1"><span class='ocrx_word' id='word_1_113' title='bbox 90 1418 370 1464; x_wconf 85' lang='lat' dir='ltr'>obedientiam</span> <span class='ocrx_word' id='word_1_114' title='bbox 401 1421 443 1462; x_wconf 90' lang='lat' dir='ltr'>et</span> <span class='ocrx_word' id='word_1_115' title='bbox 473 1418 665 1463; x_wconf 86' lang='lat' dir='ltr'>devotam</span> <span class='ocrx_word' id='word_1_116' title='bbox 695 1419 932 1462; x_wconf 86' lang='lat' dir='ltr'>orationum</span> <span class='ocrx_word' id='word_1_117' title='bbox 961 1417 1221 1461; x_wconf 87' lang='lat' dir='ltr'>instantiam.</span> 
     </span>
    </p>

    <p class='ocr_par' dir='ltr' id='par_1_6' title="bbox 87 1495 1652 2884">
     <span class='ocr_line' id='line_1_17' title="bbox 208 1495 1649 1554; baseline -0.003 -13"><span class='ocrx_word' id='word_1_118' title='bbox 208 1496 558 1553; x_wconf 84' lang='lat' dir='ltr'>Congratulamur</span> <span class='ocrx_word' id='word_1_119' title='bbox 594 1496 841 1554; x_wconf 86' lang='lat' dir='ltr'>paternitati</span> <span class='ocrx_word' id='word_1_120' title='bbox 878 1499 1063 1552; x_wconf 85' lang='lat' dir='ltr'>vestrae,</span> <span class='ocrx_word' id='word_1_121' title='bbox 1104 1495 1215 1552; x_wconf 92' lang='lat' dir='ltr'>quod</span> <span class='ocrx_word' id='word_1_122' title='bbox 1243 1507 1494 1552; x_wconf 87' lang='lat' dir='ltr'>prosperum</span> <span class='ocrx_word' id='word_1_123' title='bbox 1525 1507 1649 1537; x_wconf 89' lang='lat' dir='ltr'>even-</span> 
     </span>
     <span class='ocr_line' id='line_1_18' title="bbox 90 1573 1648 1633; baseline -0.003 -13"><span class='ocrx_word' id='word_1_124' title='bbox 90 1578 183 1620; x_wconf 92' lang='lat' dir='ltr'>tum</span> <span class='ocrx_word' id='word_1_125' title='bbox 217 1575 422 1620; x_wconf 87' lang='lat' dir='ltr'>habuistis</span> <span class='ocrx_word' id='word_1_126' title='bbox 458 1575 504 1619; x_wconf 88' lang='lat' dir='ltr'>in</span> <span class='ocrx_word' id='word_1_127' title='bbox 534 1575 831 1633; x_wconf 88' lang='lat' dir='ltr'>componendis</span> <span class='ocrx_word' id='word_1_128' title='bbox 861 1574 949 1631; x_wconf 90' lang='lat' dir='ltr'>his,</span> <span class='ocrx_word' id='word_1_129' title='bbox 990 1588 1096 1631; x_wconf 90' lang='lat' dir='ltr'>quae</span> <span class='ocrx_word' id='word_1_130' title='bbox 1126 1574 1237 1617; x_wconf 87' lang='lat' dir='ltr'>inter</span> <span class='ocrx_word' id='word_1_131' title='bbox 1265 1573 1455 1616; x_wconf 90' lang='lat' dir='ltr'>homines</span> <span class='ocrx_word' id='word_1_132' title='bbox 1487 1575 1648 1616; x_wconf 90' lang='lat' dir='ltr'>vestros</span> 
     </span>
     <span class='ocr_line' id='line_1_19' title="bbox 91 1645 1649 1711; baseline -0.003 -13"><span class='ocrx_word' id='word_1_133' title='bbox 91 1645 370 1710; x_wconf 87' lang='lat' dir='ltr'>dissidebant,</span> <span class='ocrx_word' id='word_1_134' title='bbox 409 1657 500 1697; x_wconf 92' lang='lat' dir='ltr'>tum</span> <span class='ocrx_word' id='word_1_135' title='bbox 535 1657 709 1711; x_wconf 90' lang='lat' dir='ltr'>propter</span> <span class='ocrx_word' id='word_1_136' title='bbox 745 1667 820 1697; x_wconf 87' lang='lat' dir='ltr'>vos</span> <span class='ocrx_word' id='word_1_137' title='bbox 850 1657 941 1697; x_wconf 88' lang='lat' dir='ltr'>tum</span> <span class='ocrx_word' id='word_1_138' title='bbox 971 1655 1145 1711; x_wconf 90' lang='lat' dir='ltr'>propter</span> <span class='ocrx_word' id='word_1_139' title='bbox 1173 1652 1325 1696; x_wconf 83' lang='lat' dir='ltr'>fratres</span> <span class='ocrx_word' id='word_1_140' title='bbox 1355 1654 1522 1695; x_wconf 88' lang='lat' dir='ltr'>nostros</span> <span class='ocrx_word' id='word_1_141' title='bbox 1555 1650 1649 1694; x_wconf 86' lang='lat' dir='ltr'>Sta-</span> 
     </span>
     <span class='ocr_line' id='line_1_20' title="bbox 91 1729 1650 1790; baseline -0.002 -14"><span class='ocrx_word' id='word_1_142' title='bbox 91 1732 306 1788; x_wconf 88' lang='lat' dir='ltr'>bulenses,</span> <span class='ocrx_word' id='word_1_143' title='bbox 343 1735 435 1776; x_wconf 89' lang='lat' dir='ltr'>tum</span> <span class='ocrx_word' id='word_1_144' title='bbox 473 1733 600 1776; x_wconf 88' lang='lat' dir='ltr'>etiam</span> <span class='ocrx_word' id='word_1_145' title='bbox 637 1735 812 1790; x_wconf 90' lang='lat' dir='ltr'>propter</span> <span class='ocrx_word' id='word_1_146' title='bbox 842 1745 938 1788; x_wconf 89' lang='lat' dir='ltr'>nos,</span> <span class='ocrx_word' id='word_1_147' title='bbox 978 1731 1050 1788; x_wconf 90' lang='lat' dir='ltr'>qui</span> <span class='ocrx_word' id='word_1_148' title='bbox 1079 1730 1210 1774; x_wconf 92' lang='lat' dir='ltr'>multo</span> <span class='ocrx_word' id='word_1_149' title='bbox 1242 1729 1448 1774; x_wconf 87' lang='lat' dir='ltr'>desiderio</span> <span class='ocrx_word' id='word_1_150' title='bbox 1478 1742 1650 1787; x_wconf 87' lang='lat' dir='ltr'>presen-</span> 
     </span>
     <span class='ocr_line' id='line_1_21' title="bbox 91 1807 1650 1867; baseline -0.003 -13"><span class='ocrx_word' id='word_1_151' title='bbox 91 1810 198 1854; x_wconf 87' lang='lat' dir='ltr'>tiam</span> <span class='ocrx_word' id='word_1_152' title='bbox 226 1813 410 1855; x_wconf 86' lang='lat' dir='ltr'>vestram</span> <span class='ocrx_word' id='word_1_153' title='bbox 440 1813 720 1867; x_wconf 85' lang='lat' dir='ltr'>expectamus.</span> <span class='ocrx_word' id='word_1_154' title='bbox 768 1809 875 1862; x_wconf 84' lang='lat' dir='ltr'>Quia</span> <span class='ocrx_word' id='word_1_155' title='bbox 901 1809 1056 1853; x_wconf 89' lang='lat' dir='ltr'>etenim</span> <span class='ocrx_word' id='word_1_156' title='bbox 1076 1822 1150 1853; x_wconf 88' lang='lat' dir='ltr'>vos</span> <span class='ocrx_word' id='word_1_157' title='bbox 1171 1812 1219 1852; x_wconf 91' lang='lat' dir='ltr'>ut</span> <span class='ocrx_word' id='word_1_158' title='bbox 1238 1811 1404 1866; x_wconf 87' lang='lat' dir='ltr'>patrem</span> <span class='ocrx_word' id='word_1_159' title='bbox 1423 1807 1650 1863; x_wconf 79' lang='lat' dir='ltr'>diligimuS,</span> 
     </span>
     <span class='ocr_line' id='line_1_22' title="bbox 93 1886 1652 1946; baseline -0.003 -13"><span class='ocrx_word' id='word_1_160' title='bbox 93 1902 259 1946; x_wconf 89' lang='lat' dir='ltr'>semper</span> <span class='ocrx_word' id='word_1_161' title='bbox 303 1891 541 1946; x_wconf 88' lang='lat' dir='ltr'>presentem</span> <span class='ocrx_word' id='word_1_162' title='bbox 586 1887 739 1932; x_wconf 89' lang='lat' dir='ltr'>habere</span> <span class='ocrx_word' id='word_1_163' title='bbox 780 1887 1002 1943; x_wconf 84' lang='lat' dir='ltr'>vellemus,</span> <span class='ocrx_word' id='word_1_164' title='bbox 1049 1890 1114 1931; x_wconf 88' lang='lat' dir='ltr'>set</span> <span class='ocrx_word' id='word_1_165' title='bbox 1150 1887 1348 1944; x_wconf 90' lang='lat' dir='ltr'>quoniam</span> <span class='ocrx_word' id='word_1_166' title='bbox 1386 1886 1652 1944; x_wconf 87' lang='lat' dir='ltr'>providentia</span> 
     </span>
     <span class='ocr_line' id='line_1_23' title="bbox 87 1963 1650 2028; baseline -0.003 -17"><span class='ocrx_word' id='word_1_167' title='bbox 87 1970 234 2028; x_wconf 13' lang='lat' dir='ltr'>,vestra</span> <span class='ocrx_word' id='word_1_168' title='bbox 269 1966 323 2010; x_wconf 90' lang='lat' dir='ltr'>ad</span> <span class='ocrx_word' id='word_1_169' title='bbox 361 1966 589 2009; x_wconf 89' lang='lat' dir='ltr'>multorum</span> <span class='ocrx_word' id='word_1_170' title='bbox 625 1966 963 2023; x_wconf 88' lang='lat' dir='ltr'>procurationem</span> <span class='ocrx_word' id='word_1_171' title='bbox 1002 1968 1165 2023; x_wconf 84' lang='lat' dir='ltr'>spectat</span> <span class='ocrx_word' id='word_1_172' title='bbox 1203 1968 1245 2009; x_wconf 89' lang='lat' dir='ltr'>et</span> <span class='ocrx_word' id='word_1_173' title='bbox 1272 1965 1367 2008; x_wconf 89' lang='lat' dir='ltr'>ideo</span> <span class='ocrx_word' id='word_1_174' title='bbox 1400 1964 1499 2008; x_wconf 91' lang='lat' dir='ltr'>solis</span> <span class='ocrx_word' id='word_1_175' title='bbox 1529 1963 1650 2007; x_wconf 90' lang='lat' dir='ltr'>nobis</span> 
     </span>
     <span class='ocr_line' id='line_1_24' title="bbox 91 2043 1649 2102; baseline -0.003 -13"><span class='ocrx_word' id='word_1_176' title='bbox 91 2044 309 2090; x_wconf 87' lang='lat' dir='ltr'>intendere</span> <span class='ocrx_word' id='word_1_177' title='bbox 338 2057 604 2101; x_wconf 90' lang='lat' dir='ltr'>nequaquam</span> <span class='ocrx_word' id='word_1_178' title='bbox 634 2046 794 2102; x_wconf 88' lang='lat' dir='ltr'>potest,</span> <span class='ocrx_word' id='word_1_179' title='bbox 828 2043 1091 2088; x_wconf 89' lang='lat' dir='ltr'>obsecramus</span> <span class='ocrx_word' id='word_1_180' title='bbox 1122 2043 1422 2101; x_wconf 88' lang='lat' dir='ltr'>paternitatem</span> <span class='ocrx_word' id='word_1_181' title='bbox 1450 2044 1649 2097; x_wconf 89' lang='lat' dir='ltr'>vestram,</span> 
     </span>
     <span class='ocr_line' id='line_1_25' title="bbox 93 2119 1650 2180; baseline -0.003 -13"><span class='ocrx_word' id='word_1_182' title='bbox 93 2126 142 2167; x_wconf 86' lang='lat' dir='ltr'>ut</span> <span class='ocrx_word' id='word_1_183' title='bbox 170 2123 319 2167; x_wconf 86' lang='lat' dir='ltr'>saltem</span> <span class='ocrx_word' id='word_1_184' title='bbox 348 2126 446 2180; x_wconf 92' lang='lat' dir='ltr'>post</span> <span class='ocrx_word' id='word_1_185' title='bbox 475 2122 628 2166; x_wconf 89' lang='lat' dir='ltr'>multos</span> <span class='ocrx_word' id='word_1_186' title='bbox 660 2122 762 2178; x_wconf 90' lang='lat' dir='ltr'>dies,</span> <span class='ocrx_word' id='word_1_187' title='bbox 795 2122 943 2179; x_wconf 90' lang='lat' dir='ltr'>quibus</span> <span class='ocrx_word' id='word_1_188' title='bbox 972 2121 1187 2180; x_wconf 89' lang='lat' dir='ltr'>presentia</span> <span class='ocrx_word' id='word_1_189' title='bbox 1215 2124 1358 2165; x_wconf 86' lang='lat' dir='ltr'>vestra</span> <span class='ocrx_word' id='word_1_190' title='bbox 1387 2134 1484 2176; x_wconf 89' lang='lat' dir='ltr'>egre</span> <span class='ocrx_word' id='word_1_191' title='bbox 1515 2119 1650 2163; x_wconf 89' lang='lat' dir='ltr'>carui-</span> 
     </span>
     <span class='ocr_line' id='line_1_26' title="bbox 93 2197 1651 2258; baseline -0.003 -13"><span class='ocrx_word' id='word_1_192' title='bbox 93 2215 207 2258; x_wconf 90' lang='lat' dir='ltr'>mus,</span> <span class='ocrx_word' id='word_1_193' title='bbox 245 2201 384 2246; x_wconf 87' lang='lat' dir='ltr'>redire</span> <span class='ocrx_word' id='word_1_194' title='bbox 415 2200 470 2244; x_wconf 87' lang='lat' dir='ltr'>ad</span> <span class='ocrx_word' id='word_1_195' title='bbox 500 2214 575 2244; x_wconf 87' lang='lat' dir='ltr'>nos</span> <span class='ocrx_word' id='word_1_196' title='bbox 605 2214 690 2244; x_wconf 92' lang='lat' dir='ltr'>non</span> <span class='ocrx_word' id='word_1_197' title='bbox 720 2200 934 2256; x_wconf 88' lang='lat' dir='ltr'>abnuatis,</span> <span class='ocrx_word' id='word_1_198' title='bbox 967 2200 1144 2244; x_wconf 87' lang='lat' dir='ltr'>scientes</span> <span class='ocrx_word' id='word_1_199' title='bbox 1174 2198 1323 2256; x_wconf 89' lang='lat' dir='ltr'>procul</span> <span class='ocrx_word' id='word_1_200' title='bbox 1353 2197 1496 2254; x_wconf 87' lang='lat' dir='ltr'>dubio,</span> <span class='ocrx_word' id='word_1_201' title='bbox 1540 2197 1651 2254; x_wconf 91' lang='lat' dir='ltr'>quod</span> 
     </span>
     <span class='ocr_line' id='line_1_27' title="bbox 92 2275 1651 2338; baseline -0.003 -14"><span class='ocrx_word' id='word_1_202' title='bbox 92 2280 307 2338; x_wconf 89' lang='lat' dir='ltr'>presentia</span> <span class='ocrx_word' id='word_1_203' title='bbox 335 2282 476 2323; x_wconf 85' lang='lat' dir='ltr'>vestra</span> <span class='ocrx_word' id='word_1_204' title='bbox 505 2292 590 2322; x_wconf 89' lang='lat' dir='ltr'>non</span> <span class='ocrx_word' id='word_1_205' title='bbox 620 2279 758 2322; x_wconf 89' lang='lat' dir='ltr'>minus</span> <span class='ocrx_word' id='word_1_206' title='bbox 790 2292 918 2336; x_wconf 86' lang='lat' dir='ltr'>quam</span> <span class='ocrx_word' id='word_1_207' title='bbox 946 2278 1097 2322; x_wconf 84' lang='lat' dir='ltr'>fratres</span> <span class='ocrx_word' id='word_1_208' title='bbox 1121 2278 1256 2321; x_wconf 90' lang='lat' dir='ltr'>nostri</span> <span class='ocrx_word' id='word_1_209' title='bbox 1277 2276 1545 2320; x_wconf 86' lang='lat' dir='ltr'>Stabulenses</span> <span class='ocrx_word' id='word_1_210' title='bbox 1565 2275 1651 2320; x_wconf 91' lang='lat' dir='ltr'>iam</span> 
     </span>
     <span class='ocr_line' id='line_1_28' title="bbox 93 2355 1652 2414; baseline -0.003 -12"><span class='ocrx_word' id='word_1_211' title='bbox 93 2357 341 2413; x_wconf 88' lang='lat' dir='ltr'>indigemus.</span> <span class='ocrx_word' id='word_1_212' title='bbox 391 2357 486 2401; x_wconf 93' lang='lat' dir='ltr'>Non</span> <span class='ocrx_word' id='word_1_213' title='bbox 517 2357 576 2402; x_wconf 90' lang='lat' dir='ltr'>eis</span> <span class='ocrx_word' id='word_1_214' title='bbox 609 2357 777 2414; x_wconf 90' lang='lat' dir='ltr'>quidem</span> <span class='ocrx_word' id='word_1_215' title='bbox 805 2357 1062 2414; x_wconf 90' lang='lat' dir='ltr'>presentiam</span> <span class='ocrx_word' id='word_1_216' title='bbox 1091 2359 1278 2400; x_wconf 84' lang='lat' dir='ltr'>vestram</span> <span class='ocrx_word' id='word_1_217' title='bbox 1306 2355 1555 2410; x_wconf 84' lang='lat' dir='ltr'>invidemuS,</span> <span class='ocrx_word' id='word_1_218' title='bbox 1588 2356 1652 2398; x_wconf 91' lang='lat' dir='ltr'>set</span> 
     </span>
     <span class='ocr_line' id='line_1_29' title="bbox 94 2431 1651 2488; baseline -0.003 -8"><span class='ocrx_word' id='word_1_219' title='bbox 94 2436 215 2480; x_wconf 91' lang='lat' dir='ltr'>nobis</span> <span class='ocrx_word' id='word_1_220' title='bbox 253 2436 305 2479; x_wconf 91' lang='lat' dir='ltr'>de</span> <span class='ocrx_word' id='word_1_221' title='bbox 344 2435 535 2480; x_wconf 89' lang='lat' dir='ltr'>absentia</span> <span class='ocrx_word' id='word_1_222' title='bbox 569 2438 711 2479; x_wconf 86' lang='lat' dir='ltr'>vestra</span> <span class='ocrx_word' id='word_1_223' title='bbox 743 2435 922 2479; x_wconf 88' lang='lat' dir='ltr'>multum</span> <span class='ocrx_word' id='word_1_224' title='bbox 953 2433 1231 2478; x_wconf 88' lang='lat' dir='ltr'>condolemus.</span> <span class='ocrx_word' id='word_1_225' title='bbox 1279 2432 1386 2485; x_wconf 86' lang='lat' dir='ltr'>Quia</span> <span class='ocrx_word' id='word_1_226' title='bbox 1414 2433 1544 2488; x_wconf 84' lang='lat' dir='ltr'>igitur</span> <span class='ocrx_word' id='word_1_227' title='bbox 1575 2431 1651 2476; x_wconf 87' lang='lat' dir='ltr'>ali-</span> 
     </span>
     <span class='ocr_line' id='line_1_30' title="bbox 97 2510 1651 2571; baseline -0.003 -13"><span class='ocrx_word' id='word_1_228' title='bbox 97 2513 342 2571; x_wconf 86' lang='lat' dir='ltr'>quantulum</span> <span class='ocrx_word' id='word_1_229' title='bbox 377 2527 452 2558; x_wconf 87' lang='lat' dir='ltr'>vos</span> <span class='ocrx_word' id='word_1_230' title='bbox 483 2514 535 2558; x_wconf 91' lang='lat' dir='ltr'>de</span> <span class='ocrx_word' id='word_1_231' title='bbox 566 2514 697 2571; x_wconf 87' lang='lat' dir='ltr'>ceptis</span> <span class='ocrx_word' id='word_1_232' title='bbox 727 2513 939 2557; x_wconf 89' lang='lat' dir='ltr'>laboribus</span> <span class='ocrx_word' id='word_1_233' title='bbox 971 2512 1212 2570; x_wconf 86' lang='lat' dir='ltr'>expeditum</span> <span class='ocrx_word' id='word_1_234' title='bbox 1244 2511 1457 2567; x_wconf 89' lang='lat' dir='ltr'>audimus,</span> <span class='ocrx_word' id='word_1_235' title='bbox 1496 2510 1651 2554; x_wconf 88' lang='lat' dir='ltr'>iterum</span> 
     </span>
     <span class='ocr_line' id='line_1_31' title="bbox 97 2589 1651 2649; baseline -0.002 -13"><span class='ocrx_word' id='word_1_236' title='bbox 97 2594 221 2649; x_wconf 86' lang='lat' dir='ltr'>atque</span> <span class='ocrx_word' id='word_1_237' title='bbox 250 2592 405 2636; x_wconf 85' lang='lat' dir='ltr'>iterum</span> <span class='ocrx_word' id='word_1_238' title='bbox 433 2606 644 2648; x_wconf 86' lang='lat' dir='ltr'>rogamus,</span> <span class='ocrx_word' id='word_1_239' title='bbox 677 2591 886 2648; x_wconf 88' lang='lat' dir='ltr'>quatinus,</span> <span class='ocrx_word' id='word_1_240' title='bbox 916 2604 1015 2634; x_wconf 84' lang='lat' dir='ltr'>mox</span> <span class='ocrx_word' id='word_1_241' title='bbox 1036 2594 1083 2634; x_wconf 93' lang='lat' dir='ltr'>ut</span> <span class='ocrx_word' id='word_1_242' title='bbox 1105 2589 1215 2633; x_wconf 89' lang='lat' dir='ltr'>hunc</span> <span class='ocrx_word' id='word_1_243' title='bbox 1243 2589 1442 2632; x_wconf 89' lang='lat' dir='ltr'>nuncium</span> <span class='ocrx_word' id='word_1_244' title='bbox 1465 2591 1651 2633; x_wconf 86' lang='lat' dir='ltr'>vestrum</span> 
     </span>
     <span class='ocr_line' id='line_1_32' title="bbox 95 2666 1651 2727; baseline -0.003 -14"><span class='ocrx_word' id='word_1_245' title='bbox 95 2670 361 2727; x_wconf 89' lang='lat' dir='ltr'>receperitis,</span> <span class='ocrx_word' id='word_1_246' title='bbox 399 2670 450 2714; x_wconf 89' lang='lat' dir='ltr'>de</span> <span class='ocrx_word' id='word_1_247' title='bbox 484 2670 624 2714; x_wconf 92' lang='lat' dir='ltr'>reditu</span> <span class='ocrx_word' id='word_1_248' title='bbox 653 2673 792 2714; x_wconf 90' lang='lat' dir='ltr'>vestro</span> <span class='ocrx_word' id='word_1_249' title='bbox 825 2669 878 2713; x_wconf 92' lang='lat' dir='ltr'>ad</span> <span class='ocrx_word' id='word_1_250' title='bbox 907 2682 983 2712; x_wconf 91' lang='lat' dir='ltr'>nos</span> <span class='ocrx_word' id='word_1_251' title='bbox 1015 2668 1214 2712; x_wconf 91' lang='lat' dir='ltr'>ordinetis</span> <span class='ocrx_word' id='word_1_252' title='bbox 1245 2680 1323 2710; x_wconf 90' lang='lat' dir='ltr'>nec</span> <span class='ocrx_word' id='word_1_253' title='bbox 1351 2666 1459 2710; x_wconf 89' lang='lat' dir='ltr'>filios</span> <span class='ocrx_word' id='word_1_254' title='bbox 1489 2669 1651 2710; x_wconf 82' lang='lat' dir='ltr'>vestros</span> 
     </span>
     <span class='ocr_line' id='line_1_33' title="bbox 95 2743 1652 2804; baseline -0.002 -13"><span class='ocrx_word' id='word_1_255' title='bbox 95 2746 272 2791; x_wconf 86' lang='lat' dir='ltr'>ulterius</span> <span class='ocrx_word' id='word_1_256' title='bbox 313 2747 366 2792; x_wconf 88' lang='lat' dir='ltr'>de</span> <span class='ocrx_word' id='word_1_257' title='bbox 404 2748 595 2793; x_wconf 89' lang='lat' dir='ltr'>absentia</span> <span class='ocrx_word' id='word_1_258' title='bbox 631 2751 772 2792; x_wconf 87' lang='lat' dir='ltr'>vestra</span> <span class='ocrx_word' id='word_1_259' title='bbox 812 2745 940 2802; x_wconf 85' lang='lat' dir='ltr'>affligi</span> <span class='ocrx_word' id='word_1_260' title='bbox 970 2746 1237 2804; x_wconf 86' lang='lat' dir='ltr'>permittatis.</span> <span class='ocrx_word' id='word_1_261' title='bbox 1285 2744 1439 2789; x_wconf 91' lang='lat' dir='ltr'>Omnes</span> <span class='ocrx_word' id='word_1_262' title='bbox 1469 2757 1576 2802; x_wconf 90' lang='lat' dir='ltr'>pene</span> <span class='ocrx_word' id='word_1_263' title='bbox 1605 2743 1652 2788; x_wconf 91' lang='lat' dir='ltr'>in</span> 
     </span>
     <span class='ocr_line' id='line_1_34' title="bbox 96 2823 1366 2884; baseline -0.002 -15"><span class='ocrx_word' id='word_1_264' title='bbox 96 2825 266 2881; x_wconf 82' lang='lat' dir='ltr'>regione</span> <span class='ocrx_word' id='word_1_265' title='bbox 295 2823 437 2871; x_wconf 86' lang='lat' dir='ltr'>vestra</span> <span class='ocrx_word' id='word_1_266' title='bbox 466 2826 732 2884; x_wconf 88' lang='lat' dir='ltr'>prophetant,</span> <span class='ocrx_word' id='word_1_267' title='bbox 764 2839 838 2870; x_wconf 86' lang='lat' dir='ltr'>vos</span> <span class='ocrx_word' id='word_1_268' title='bbox 868 2824 979 2869; x_wconf 84' lang='lat' dir='ltr'>ultra</span> <span class='ocrx_word' id='word_1_269' title='bbox 1007 2837 1092 2869; x_wconf 91' lang='lat' dir='ltr'>non</span> <span class='ocrx_word' id='word_1_270' title='bbox 1121 2823 1366 2868; x_wconf 88' lang='lat' dir='ltr'>rediturum.</span> 
     </span>
    </p>
   </div>
   <div class='ocr_carea' id='block_1_6' title="bbox 735 2955 1017 2963">
    <p class='ocr_par' dir='ltr' id='par_1_7' title="bbox 735 2955 1017 2963">
     <span class='ocr_line' id='line_1_35' title="bbox 735 2955 1017 2963; baseline 0 325"><span class='ocrx_word' id='word_1_271' title='bbox 735 2955 1017 2963; x_wconf 95' lang='lat' dir='ltr'> </span> 
     </span>
    </p>
   </div>
   <div class='ocr_carea' id='block_1_7' title="bbox 193 2989 418 3027">
    <p class='ocr_par' dir='ltr' id='par_1_8' title="bbox 193 2989 418 3027">
     <span class='ocr_line' id='line_1_36' title="bbox 193 2989 418 3027; baseline -0.004 -1"><span class='ocrx_word' id='word_1_272' title='bbox 193 2989 226 3026; x_wconf 93' lang='lat'>1.</span> <span class='ocrx_word' id='word_1_273' title='bbox 251 2989 343 3027; x_wconf 87' lang='lat' dir='ltr'>Nov.</span> <span class='ocrx_word' id='word_1_274' title='bbox 362 2990 418 3026; x_wconf 88' lang='lat'>18.</span> 
     </span>
    </p>
   </div>
   <div class='ocr_carea' id='block_1_8' title="bbox 1670 321 1763 359">
    <p class='ocr_par' dir='ltr' id='par_1_9' title="bbox 1670 321 1763 359">
     <span class='ocr_line' id='line_1_37' title="bbox 1670 321 1763 359; baseline 0.011 -1"><span class='ocrx_word' id='word_1_275' title='bbox 1670 321 1763 359; x_wconf 82' lang='lat'>1148</span> 
     </span>
    </p>
   </div>
   <div class='ocr_carea' id='block_1_9' title="bbox 1674 1259 1765 1296">
    <p class='ocr_par' dir='ltr' id='par_1_10' title="bbox 1674 1259 1765 1296">
     <span class='ocr_line' id='line_1_38' title="bbox 1674 1259 1765 1296; baseline 0 0"><span class='ocrx_word' id='word_1_276' title='bbox 1674 1259 1765 1296; x_wconf 88' lang='lat'>1148</span> 
     </span>
    </p>
   </div>
  </div>
 </body>
</html>
