1924 3288
332 194 415 238 122
782 207 978 239 wmALm
1006 205 1253 238 iamsi-onan·
1282 205 1425 237 48-45.

185 301 276 338 1147
328 300 437 345 bono
465 301 511 346 in
540 301 690 346 melius
721 315 797 345 sua
825 299 1029 345 ineffabili
1057 301 1214 358 pietate
1236 304 1480 358 promoveat
1499 304 1542 346 et
1559 314 1637 359 por
1655 301 1876 348 continuae

152 351 304 383 “Imm
328 378 474 422 salutis
506 382 774 434 augmentum
803 391 1026 435 personam
1054 381 1171 422 tuam
1199 378 1377 423 feliciter
1404 379 1644 436 prosperari
1658 379 1873 424 concedat.

325 455 411 499 Nos
449 457 621 512 etenim,
663 456 773 512 quod
808 469 861 499 ex
888 455 1009 500 nobis
1040 459 1124 511 est,
1161 456 1208 499 in
1237 456 1386 512 quibus
1416 468 1512 500 cum
1539 455 1696 502 honore
1722 456 1805 502 Dei
1830 459 1877 502 ct

326 533 523 577 ecclesiae
559 547 658 577 suae
690 532 941 590 poterimus,
979 546 1103 590 opem
1130 532 1209 578 tibi
1239 536 1282 578 et
1310 533 1529 578 consilium
1557 533 1753 580 exhibere
1779 537 1876 579 tm·

326 624 451 667 quam
478 610 564 654 filio
595 610 865 655 dilectissimo
897 613 1144 666 satagemus.

325 769 407 815 44.
441 771 654 829 queniws
678 771 756 815 ῙΠ
777 786 898 829 papa
934 771 1120 830 Rudoffo
1160 773 1348 830 episcopo
1382 770 1720 816 Halberatademt'
1752 786 1872 816 mm-

442 850 532 903 dat,
581 856 627 891 ut
663 850 908 892 monasterio
949 849 1180 893 Corbeiensi
1221 849 1380 892 ablatas·
1407 851 1683 907 possess-iones
1715 850 1874 894 9·ωῆωό

440 927 586 969 iubeat.
907 930 912 934 “
1685 925 1757 981 (Μ.
1780 925 1869 981 28.)

175 1015 266 1051 1147
437 1013 651 1070 Eugenius
687 1015 906 1072 episcopus
944 1028 1088 1059 servus
1126 1028 1342 1059 servorum
1370 1013 1451 1058 Dei
1486 1014 1714 1059 venerabili
1747 1015 1872 1060 fratri

145 1064 298 1095 o.1un.22
319 1090 531 1146 R(udolfo)
558 1090 928 1148 Halverbergensi¹
948 1093 1143 1150 episcopo
1172 1091 1351 1136 salutem
1379 1094 1422 1136 et
1448 1091 1719 1150 apostolicam
1744 1093 1871 1139 beno-

320 1169 554 1213 dictionem.
1860 1185 1865 1188 ·

436 1247 624 1291 Dilectus
651 1245 762 1290 filius
782 1249 924 1290 noster
939 1245 1155 1291 Wibaldus
1177 1247 1304 1291 abbas
1326 1250 1368 1291 et
1386 1246 1579 1292 monachi
1598 1245 1868 1293 corbeienses

317 1324 436 1368 nobis
477 1324 692 1381 conquesti
730 1327 847 1380 sunt,
888 1324 998 1381 quod
1033 1323 1177 1382 Poppo
1218 1325 1269 1368 de
1299 1324 1640 1369 Blanchenburch
1678 1327 1721 1369 et
1755 1323 1867 1370 filius

317 1402 405 1446 eius
436 1401 480 1446 C.
514 1405 638 1458 atque
667 1401 848 1456 R(einh.)
879 1402 1099 1446 canonicus
1130 1406 1227 1446 tuus
1256 1403 1416 1447 reditus
1447 1415 1611 1458 omnes,
1651 1415 1754 1459 quos
1791 1402 1867 1454 ha-

315 1480 494 1524 buerunt
522 1479 567 1523 in
587 1476 921 1536 Cropensteden²
942 1483 984 1523 et
1003 1478 1253 1536 Gruninge³,
1285 1480 1367 1524 sibi
1385 1479 1588 1524 violenter
1607 1472 1870 1525 abstulerunt

315 1561 357 1602 et
392 1557 546 1601 iniuste
576 1557 800 1600 detineant.
854 1556 960 1608 Quia
988 1557 1116 1612 igitur
1147 1571 1199 1601 ex
1228 1556 1355 1601 officii
1383 1556 1517 1601 nostri
1553 1556 1692 1601 debito
1722 1570 1867 1602 eorum

311 1635 502 1679 iusticiae
533 1634 676 1678 deesse
712 1647 789 1678 nec
822 1634 1013 1678 volumus
1050 1647 1127 1678 nec
1163 1634 1381 1690 debemus,
1417 1648 1495 1692 per
1532 1633 1760 1692 apostolica
1786 1634 1867 1680 tibi

313 1712 471 1769 scripta
489 1711 737 1755 mandamus
759 1714 883 1768 atque
901 1712 1170 1769 precipimus,
1199 1712 1408 1768 quatinus,
1437 1712 1475 1755 si
1494 1725 1638 1756 eorum
1657 1712 1865 1769 querimoss

310 1790 383 1834 nia
397 1789 573 1834 veritate
587 1789 793 1845 innititur,
810 1789 924 1847 ipsos
940 1790 1153 1833 invasores
1170 1789 1357 1834 districte
1371 1802 1647 1846 commoneas,
1661 1792 1712 1834 ut
1725 1789 1867 1835 ablata

311 1881 407 1911 cum
425 1867 665 1922 integritate
683 1867 918 1911 restituant.
956 1867 1157 1924 Alioquin
1176 1866 1287 1910 infra
1307 1866 1409 1910 duos
1436 1881 1615 1923 menses,
1641 1870 1864 1925 postquam

311 1945 523 2003 presentia
553 1945 710 2002 scripta
739 1945 985 2002 susceperis,
1017 1945 1068 1989 de
1097 1945 1202 2002 ipsis
1229 1944 1472 1989 canonicam
1490 1945 1700 1989 iusticiam
1717 1944 1861 1990 facins.

313 2103 396 2151 45.
427 2103 642 2162 Euqenius
661 2104 735 2149 III
750 2121 870 2163 papa
897 2105 1045 2148 Reinh.
1068 2106 1264 2148 canonico
1284 2103 1621 2149 Halberstademi
1640 2106 1861 2164 praecipit,

427 2189 474 2225 ut
501 2184 745 2226 monasterio
779 2183 1010 2227 Corbet'ensi
1040 2184 1179 2226 ablata
1209 2184 1405 2226 restituat.
1677 2180 1750 2236 (M.
1772 2181 1861 2238 29.)

169 2278 258 2313 1147
427 2269 642 2326 Eugenius
689 2272 908 2329 episcopus
954 2285 1098 2316 servus
1137 2284 1353 2315 servorum
1390 2270 1470 2314 Dei
1507 2268 1654 2314 Reinh.
1684 2269 1861 2316 Halver-

134 2336 159 2357 θ’
172 2327 234 2358 Ῑ““”
248 2328 287 2358 ²²
313 2346 555 2403 (stadensi)·
586 2349 784 2392 canonico
815 2348 993 2392 salutem
1023 2351 1065 2392 et
1095 2347 1367 2406 apostolicam
1395 2347 1737 2392 benedictionem.

428 2425 584 2470 Dilecti
613 2425 690 2469 filii
719 2426 854 2470 nostri
876 2424 1059 2470 Wibaldi
1081 2425 1242 2470 abbatis
1263 2428 1305 2469 et
1323 2424 1619 2469 monachorum
1638 2424 1860 2471 Gorbeien-

311 2504 420 2547 sium
460 2503 673 2560 querelam
709 2503 964 2561 accepimus,
1003 2503 1113 2560 quod
1149 2503 1194 2547 in
1230 2502 1332 2547 villa
1365 2501 1674 2560 Cropensteden
1708 2503 1860 2560 viginti

309 2595 478 2625 mansos
519 2581 600 2625 sibi
636 2580 791 2624 iniuste
826 2584 868 2624 et
896 2580 1100 2624 violenter
1130 2579 1361 2625 abstuleris.
1409 2578 1515 2632 Quia
1543 2579 1692 2636 igitur,
1730 2579 1859 2626 eccle-

311 2658 575 2702 siasticorum
604 2658 807 2702 bonorum
835 2671 1080 2715 pervasores
1112 2661 1267 2715 quanta
1296 2656 1380 2700 sint
1408 2655 1767 2703 animadversione
1789 2671 1858 2703 co-

309 2736 456 2792 gendi,
494 2735 573 2779 tibi
609 2749 692 2779 non
730 2735 937 2779 credimus
977 2749 1067 2780 esse
1104 2734 1381 2791 incognitum,
1418 2746 1495 2791 per
1525 2733 1753 2792 apostolica
1779 2734 1859 2780 tibi

404 2833 431 2855 a.
458 2824 577 2854 Halver.
599 2836 623 2854 c.

403 2883 436 2917 1.
460 2881 531 2927 leg.
550 2881 859 2918 Halverstadensi.
930 2882 965 2918 2.
981 2879 1257 2927 Kroppenstsdt
1270 2888 1383 2926 prope
1398 2878 1644 2918 Halberstadt.
1714 2881 1748 2918 8.
1766 2880 1855 2919 Gro-

308 2940 444 2987 ningen
468 2951 502 2977 v.
528 2951 638 2987 supra
660 2951 698 2987 p.
717 2941 785 2977 102
808 2951 843 2977 n.
864 2941 897 2977 1.
1708 2966 1713 2971 -
