1924 3288
535 188 734 220 wmALm
761 186 1010 219 EPISTOLAE
1035 186 1107 217 418.
1128 185 1200 216 419.
1561 172 1648 217 555

90 283 361 331 commissum
390 287 474 341 est,
503 297 580 343 per
610 298 684 328 vos
714 284 908 342 componi
939 286 981 327 et
1009 281 1205 326 resarciri
1235 284 1448 339 exoptant.
1510 279 1651 325 Decli-
1687 282 1780 318 1153

89 363 246 416 nubitis
276 377 389 420 erge,
419 366 542 420 pater
565 363 801 418 karissime,
832 361 1049 420 paululum
1069 360 1123 404 ad
1141 359 1249 404 filios
1267 362 1430 411 vestros
1452 362 1507 415 et,
1538 372 1651 402 com·
1674 341 1700 364 ⁰⁸
1716 332 1793 371 ’Μ’

90 442 232 502 posita
259 455 364 499 pace
393 442 504 485 inter
534 455 618 498 eos,
656 442 728 498 qui
756 454 832 484 nos
863 440 1047 497 undique
1078 442 1277 495 atterunt,
1306 452 1451 482 rursus
1483 437 1536 482 ad
1567 450 1651 493 eos,

92 520 165 579 qui
183 520 399 578 presentia
413 523 555 564 vestra
575 519 848 563 delectatione
868 519 1008 577 potius
1030 531 1155 575 quam
1174 517 1422 562 necessitate
1440 516 1651 571 fruuntur,

90 598 230 643 redire
260 598 417 655 absque
445 598 761 656 perturbatione
790 597 996 655 poteritis.
1053 596 1327 655 Omnipotens
1358 595 1472 640 Deus
1503 607 1652 638 sanum

92 679 136 722 et
162 676 415 722 incolumem
445 690 520 720 vos
552 676 606 720 ad
634 689 711 720 nos
741 675 956 734 perducat.

94 837 214 885 419.
237 828 449 883 Wibaldus
478 837 705 882 Henricum
736 840 920 882 comitem
952 839 1002 881 de
1034 838 1195 882 salmes
1224 837 1430 890 hortatur,
1465 842 1511 878 ut
1537 835 1656 878 illata

241 918 488 960 monasterio
522 917 756 960 stabulensi
786 918 940 960 damna
969 918 1180 960 resarciat.
1440 911 1512 967 (M.
1534 911 1654 966 401.)

211 1005 406 1051 Preclaro
438 1010 480 1051 et
502 1005 657 1050 illustri
677 1006 820 1050 comiti
841 1006 892 1050 de
914 1005 1074 1050 Salmes
1094 1003 1310 1060 H(enrico)
1330 1004 1461 1047 frater
1479 1001 1656 1056 W(ibal-
1730 1007 1823 1043 1153

94 1084 189 1140 dus)
221 1083 302 1128 Dei
339 1085 476 1141 gratia
508 1084 768 1129 Stabulensis
807 1084 957 1141 abbas,
996 1084 1150 1142 spiritu
1185 1083 1384 1128 scientiae
1416 1085 1458 1126 et
1486 1081 1656 1140 pietatis
1671 1057 1880 1097 ⁰'Aug'sept‘

95 1162 319 1209 abundare.

211 1240 279 1285 Ex
317 1240 515 1284 mandato
546 1240 689 1284 domni
718 1241 830 1296 regis
862 1244 904 1285 et
932 1241 1051 1285 iussu
1081 1241 1330 1285 domnorum
1360 1237 1659 1285 cardinalium¹

96 1319 319 1364 Stabulaus
350 1318 523 1375 reversi,
554 1318 857 1376 multiplicibus
887 1319 1030 1376 predis
1063 1322 1105 1364 et
1134 1320 1308 1377 rapinis,
1342 1333 1443 1377 quas
1468 1319 1658 1365 ministe-

93 1397 220 1443 riales
252 1400 294 1442 et
323 1397 433 1442 servi
454 1397 584 1441 vestri
613 1386 800 1441 fecerant
831 1399 873 1441 et
903 1397 1072 1442 castello
1093 1401 1233 1443 vestro
1261 1398 1528 1454 induxerant,
1562 1412 1659 1444 ean-

95 1476 191 1520 dem
228 1475 474 1520 aecclesiam
503 1478 700 1519 vexatam
738 1478 781 1519 et
815 1476 1104 1533 perturbatam
1133 1477 1380 1534 reperimus.
1444 1476 1660 1534 Siquidem

95 1553 284 1599 homines
304 1554 435 1598 vestri
465 1556 608 1611 preter
639 1553 722 1597 alia
750 1553 863 1597 mala
892 1554 1092 1609 maxima,
1124 1569 1230 1612 quae
1262 1568 1457 1600 enarrare
1487 1554 1661 1611 longum

96 1635 174 1688 est,
205 1632 251 1676 in
275 1632 376 1676 villa
404 1635 551 1676 nostra
579 1631 862 1676 Paletenmet³
894 1632 1153 1677 abstulerant
1182 1633 1303 1677 nobis
1335 1633 1535 1677 animalia
1565 1647 1661 1677 cen-

96 1714 201 1766 tum,
233 1724 330 1754 oves
361 1713 528 1755 centum
548 1710 714 1766 viginti,
743 1723 894 1768 porcos
926 1696 1018 1754 octo
1050 1714 1092 1755 et
1121 1724 1270 1769 capras
1301 1715 1407 1766 tres3
1441 1715 1482 1756 et
1511 1712 1557 1755 in
1581 1711 1660 1756 Be-

97 1785 387 1844 ringerivalle²
435 1788 634 1831 animalia
679 1788 879 1842 sedecim3
919 1791 961 1832 et
1005 1789 1117 1845 apud
1153 1789 1429 1834 Erchenberti
1466 1804 1662 1834 mansum

96 1867 225 1911 boves
248 1866 396 1922 viginti
427 1868 541 1920 octo3
575 1869 616 1909 et
644 1866 690 1909 in
722 1866 805 1910 alia
823 1866 925 1910 villa
955 1867 1150 1924 proxima
1179 1866 1350 1911 castello
1371 1871 1511 1912 vestro
1532 1869 1661 1913 boves

98 1944 280 2002 optimos
310 1944 462 2000 viginti
493 1946 689 2000 quatuor3
722 1958 772 1988 ea
802 1944 1038 1988 occasione:
1072 1944 1183 2001 quod
1211 1945 1344 1989 frater
1368 1946 1497 1990 villici
1526 1947 1662 1990 nostri

99 2023 150 2067 de
180 2021 348 2067 Lernau
377 2022 527 2078 viginti
559 2024 724 2065 tantum
753 2022 906 2066 vitulos
937 2022 1089 2066 vestris
1121 2022 1362 2067 abstulerat.
1423 2023 1664 2082 Perpendat

98 2102 240 2158 itaque
270 2100 518 2157 prudentiae
539 2103 703 2144 vestrae
735 2100 944 2155 discretio,
977 2114 1102 2157 quam
1125 2101 1306 2145 alienum
1327 2102 1454 2146 fuerit
1476 2103 1526 2147 ab
1548 2103 1663 2146 omni

98 2178 317 2223 nobilitate
334 2182 376 2222 et
392 2178 612 2234 aequitatis
628 2179 718 2222 iure
734 2178 863 2221 tantis
879 2178 1003 2222 malis
1017 2178 1198 2223 nobilem
1217 2179 1459 2224 aecclesiam
1482 2180 1660 2238 afficere,

99 2270 176 2316 pro
209 2270 256 2301 eo
287 2259 471 2300 tantum:
504 2257 615 2313 quod
643 2256 805 2300 villicus
835 2259 977 2300 noster
1008 2255 1060 2300 de
1089 2255 1257 2301 Lernau
1289 2259 1497 2314 quendam
1527 2259 1660 2302 homi-

100 2349 199 2380 nem
228 2338 434 2391 vestrum,
474 2335 545 2391 qui
579 2335 691 2379 furto
721 2348 895 2378 uxorem
925 2335 1141 2378 cuiusdam
1173 2349 1225 2379 ex
1253 2337 1409 2380 nostris
1440 2350 1536 2380 cum
1567 2336 1660 2381 aliis

100 2413 219 2457 bonis
251 2413 338 2456 suis
370 2412 615 2469 abduxerat,
647 2413 964 2470 deprehensum,
996 2412 1164 2457 iusticia
1194 2417 1379 2470 cogente,
1413 2414 1543 2458 oculis
1575 2415 1661 2472 pri-

100 2505 199 2535 vare
227 2492 514 2548 attemptavit3
547 2505 642 2535 cum
661 2491 740 2534 hoc
758 2492 899 2548 ipsum
920 2491 1049 2534 vestri
1070 2491 1109 2535 ei
1130 2492 1423 2548 concesserint,
1454 2495 1502 2535 ut
1522 2495 1661 2536 aucto-

100 2583 190 2613 rem
219 2569 451 2627 perpetrati
483 2568 650 2612 sceleris
673 2569 963 2626 insequeretur
994 2572 1048 2626 et,
1075 2570 1110 2612 si
1131 2572 1284 2626 posset,
1315 2573 1442 2627 prout
1462 2574 1661 2626 gesserat,

103 2647 142 2691 ei
170 2647 432 2691 retribueret.
483 2646 570 2691 Nos
602 2661 778 2704 quoque,
810 2661 905 2690 cum
935 2661 1061 2704 super
1091 2647 1236 2691 eadem
1262 2661 1308 2691 re
1330 2661 1402 2690 vos
1422 2648 1662 2703 frequenter

110 2725 241 2770 amice
262 2729 304 2770 et
323 2724 568 2783 suppliciter
589 2726 938 2781 convenissemus,
960 2726 1115 2783 quippe
1135 2739 1230 2770 cum
1246 2725 1331 2769 iam
1346 2726 1475 2769 vestri
1489 2729 1663 2783 propter

199 2841 226 2863 a.
254 2834 315 2863 sive
336 2833 532 2863 Paletenniet.

199 2891 232 2926 1.
263 2901 300 2927 v.
325 2901 381 2937 ep.
399 2891 469 2927 417
495 2902 606 2938 supra
628 2902 666 2938 p.
683 2890 765 2927 554.
860 2892 894 2927 2.
926 2890 1151 2938 Bergivalle,
1176 2901 1198 2927 a
1222 2889 1416 2928 Stabulaus
1439 2890 1535 2927 inter
1559 2890 1652 2929 occi-

105 2949 253 2987 dentem
277 2953 316 2987 et
338 2951 538 2989 meridiem.
