1924 3288
535 196 734 227 wmAnm
761 194 1009 227 Errs‘romn
1041 194 1111 224 246.
1133 193 1204 223 247.
1558 180 1646 224 369

86 290 148 335 111
158 290 340 335 vmtate
368 290 578 347 intellexi,
615 290 726 348 quod
756 291 847 347 ipse
876 303 994 334 meus
1025 289 1218 333 dominus
1247 301 1322 332 vos
1352 290 1394 331 et
1422 287 1650 345 imperium

87 371 273 417 vamum
301 368 464 412 sincere
491 368 642 424 diligit,
675 371 717 412 et
747 369 906 424 omnia,
946 381 1026 425 que
1055 367 1271 411 vobiscum
1299 379 1376 424 per
1405 368 1576 423 pactum
1607 368 1649 408 et

87 446 381 492 conventiones
417 445 621 503 firmavit,
666 446 843 504 implere
881 445 1082 502 intendit,
1126 458 1202 500 ego
1240 457 1403 502 quoque
1439 457 1517 502 pro
1554 456 1650 487 mea

86 525 295 584 parvitate
313 527 498 569 vestram
527 524 817 568 celsitudinem
847 523 1075 580 plurimum
1106 523 1234 579 diligo
1266 526 1308 567 et
1336 522 1494 566 honoro
1517 524 1572 577 et,
1602 524 1651 564 ut

87 602 140 648 de
169 602 380 648 communi
409 602 528 646 hoste
557 603 688 647 vestri
716 602 886 659 imperii
915 601 1124 645 illustrem
1154 601 1376 645 victoriam
1406 603 1449 645 et
1477 613 1650 656 gravem

85 681 315 725 vindictam
335 681 524 737 sumatis,
555 681 692 725 Deum
712 680 862 724 humili
883 693 931 723 ac
952 680 1102 723 devota
1121 692 1245 736 prece
1267 679 1459 737 deposco.
1541 677 1651 722 Sane

86 758 300 804 ille'idem
321 758 462 803 Sicilie
491 762 695 817 tyrannus
726 772 794 803 me
824 759 966 815 ipsum
996 758 1047 801 de
1078 758 1333 801 monasterio
1356 755 1652 815 01111011Βο110-

88 837 191 882 dicti
225 837 272 880 in
300 841 442 881 monte
471 837 623 881 Casino
655 837 818 894 expulit
848 840 890 880 et
920 837 1128 894 perimere
1157 835 1312 891 voluit,
1353 848 1449 878 cum
1477 835 1653 878 fuissem

88 915 149 960 ibi
176 916 390 960 communi
419 916 605 959 omnium
624 919 720 960 voto
753 919 796 959 et
816 914 1115 959 acclamatione
1137 914 1353 957 ordinatus
1375 913 1503 957 abbas
1523 913 1653 956 immo

88 993 234 1038 nolens
263 997 436 1050 tractus,
467 994 513 1037 in
541 997 730 1051 tempore
751 993 885 1037 felicis
906 992 1134 1037 memoriae
1154 990 1652 1048 Lotharii·imperat0ris;

90 1074 134 1116 et
172 1072 355 1128 gaudeo,
394 1072 506 1129 quod
541 1073 646 1117 tales
684 1072 816 1116 habeo
856 1071 1089 1127 adiutores,
1129 1071 1230 1127 quin
1268 1070 1413 1127 pocius
1450 1070 1574 1113 duces
1607 1082 1655 1112 ac

88 1150 299 1208 principes
331 1153 477 1194 contra
504 1151 742 1208 predictum
761 1150 843 1194 Dei
871 1149 1102 1193 inimicum
1206 1147 1423 1204 Siquidem
1446 1147 1655 1202 malignus

89 1228 162 1273 ille
192 1232 235 1273 et
264 1228 337 1272 alii
367 1242 494 1285 quam
523 1228 665 1286 plures
695 1228 885 1272 homines
917 1230 1062 1271 contra
1092 1225 1363 1282 magnificum
1387 1229 1429 1269 et
1448 1225 1556 1269 forte
1576 1226 1656 1269 im-

89 1307 254 1364 perium
282 1310 469 1351 vestrm
505 1306 639 1350 multa
666 1306 780 1350 mala
808 1305 1037 1349 moliuntur
1068 1308 1110 1348 et
1141 1304 1310 1348 cottidie
1341 1303 1655 1357 machinantur;

91 1389 156 1429 set
187 1383 348 1429 confido
384 1385 436 1429 de
467 1385 776 1442 omnipotencia
806 1384 888 1428 Dei
918 1387 960 1427 et
990 1383 1041 1426 de
1072 1383 1205 1440 ipsius
1237 1381 1564 1426 clementissima
1592 1381 1656 1424 iu-

91 1463 227 1519 sticia,
257 1463 367 1520 quod
395 1466 562 1507 tantum
582 1476 631 1506 ac
650 1463 735 1506 tale
753 1462 993 1520 imperium,
1025 1461 1071 1504 in
1092 1474 1173 1517 quo
1196 1462 1260 1503 est
1280 1460 1420 1503 divine
1440 1459 1656 1514 religionis

91 1541 248 1597 culm,
284 1542 330 1584 in
361 1555 442 1598 quo
473 1544 537 1585 est
567 1541 668 1584 ordo
697 1540 839 1596 legum
870 1543 911 1583 et
939 1539 1044 1582 iuris
1075 1538 1210 1582 civilis
1242 1538 1371 1593 ratio,
1403 1538 1449 1580 in
1481 1550 1562 1594 quo
1594 1540 1658 1580 est

91 1619 292 1663 fortitudo
330 1622 373 1663 et
410 1619 632 1676 disciplina
669 1619 885 1674 militaris,
923 1617 969 1660 in
1007 1630 1087 1673 quo
1119 1619 1184 1660 est
1212 1614 1379 1659 infinita
1409 1615 1657 1659 diviciarum

93 1698 227 1755 copia,
257 1697 494 1740 nullatenus
527 1697 579 1740 ab
610 1696 814 1753 improbis
847 1699 889 1739 et
917 1695 1127 1752 perversis
1159 1698 1201 1737 et
1233 1693 1388 1750 absque
1416 1694 1574 1750 pietate
1596 1693 1658 1736 di-

93 1776 194 1818 vina
221 1775 458 1818 hominibus
489 1775 634 1818 subrui
663 1774 799 1831 possit
828 1776 870 1816 et
901 1773 1103 1829 superari.
1203 1771 1267 1815 De
1297 1771 1536 1828 ampliando
1559 1785 1658 1814 vero

96 1856 139 1897 et
174 1853 220 1896 in
257 1851 406 1895 melius
445 1851 649 1895 firmando
684 1851 824 1894 federe
854 1850 965 1893 inter
996 1853 1187 1893 sanctum
1218 1850 1442 1906 imperium
1472 1852 1660 1892 vestrum

96 1934 140 1974 et
175 1930 408 1988 precelsam
444 1930 602 1974 domini
631 1929 716 1972 mei
745 1928 1009 1972 maiestatem
1040 1927 1193 1971 suadeo
1224 1926 1557 1982 magnificentiae
1587 1940 1659 1970 ve-

96 2012 230 2064 strae,
269 2012 318 2052 ut
345 2007 604 2052 voluntatem
633 2021 773 2062 suam,
811 2020 936 2062 quam
967 2009 1105 2050 vestre
1137 2005 1367 2062 sapientiae
1397 2005 1443 2047 111
1471 2004 1660 2061 presenti

96 2087 357 2142 manifestat,
397 2085 626 2142 adimplere
662 2098 747 2127 non
777 2083 992 2128 differatis.
1116 2083 1162 2126 Si
1192 2083 1388 2138 dignatur
1418 2085 1559 2126 vestra
1590 2095 1659 2124 su-

97 2163 304 2220 blimitas,
335 2177 474 2207 meam
504 2163 756 2220 parvitatem
785 2163 896 2206 inter
923 2165 1044 2205 notos
1075 2161 1229 2205 habere
1257 2164 1299 2204 et
1328 2167 1425 2218 per⁶
1456 2160 1659 2215 gloriosos

77 2242 238 2299 apices
267 2245 429 2286 vestros
461 2241 658 2296 salutare,
689 2240 740 2284 de
770 2239 884 2284 fideli
912 2239 1205 2284 fidelissimum
1234 2252 1302 2282 me
1330 2238 1507 2282 facietis.

103 2418 220 2466 247.
251 2422 462 2465 conradus
483 2420 565 2463 III
588 2436 663 2462 rex
682 2419 922 2462 Heinricum
954 2419 1096 2462 ducem
1120 2419 1331 2462 saxoniae
1363 2419 1413 2460 de
1434 2419 1549 2460 bonis
1568 2417 1659 2460 Ka-

247 2500 538 2542 minatensibus
567 2497 753 2540 Wibaldo
783 2497 1040 2539 restituendis
1070 2496 1258 2539 hortatur
1271 2491 1292 2537 ¹.
1449 2493 1520 2547 (M.
1541 2493 1658 2547 249.)

220 2587 435 2632 Conradus
456 2587 536 2631 Dei
567 2586 703 2642 gratia
729 2574 1010 2628 Romanorum
1040 2599 1116 2629 rex
1146 2583 1377 2639 H(einrico)
1412 2583 1507 2626 duci
1529 2582 1660 2626 Saxo-

101 2665 197 2710 niae
227 2666 406 2721 gratiam
437 2679 557 2709 suam
588 2667 630 2707 et
660 2675 781 2706 omne
810 2662 978 2706 bonum.

199 2782 226 2803 a.
253 2782 308 2812 per
329 2785 386 2804 o.m
401 2773 469 2803 co.d

199 2831 232 2866 1.
261 2831 365 2866 Hanc
389 2828 582 2875 epistolam
613 2827 723 2874 paulo
756 2829 842 2863 ante
866 2825 902 2863 (1.
920 2826 966 2863 20
990 2826 1081 2873 Apr.
1101 2827 1193 2863 1150
1219 2836 1299 2862 esse
1325 2825 1518 2870 scriptam,
1552 2822 1661 2860 facile

104 2890 255 2936 cognitu
279 2893 347 2926 est.
383 2889 577 2926 Wibaldus
594 2888 690 2924 enim
708 2887 768 2923 die
785 2887 847 2924 illo
865 2887 1002 2923 curiam
1018 2886 1167 2932 reliquit
1184 2887 1234 2930 (v.
1256 2896 1314 2930 ep.
1331 2886 1399 2920 251
1417 2883 1514 2920 infra
1537 2895 1573 2929 p.
1591 2884 1661 2920 374

104 2960 141 2985 n.
159 2950 207 2994 3),
231 2948 328 2986 bona
351 2948 628 2984 Kaminatensia
652 2949 931 2992 recuperaturus
956 2948 1004 2991 (v.
1022 2956 1079 2991 ep.
1098 2947 1167 2981 266
1185 2944 1306 2990 infra).

164 3013 268 3049 Jun‘..
290 3015 477 3044 Bibliotheca
496 3016 518 3044 1.
1332 3010 1377 3045 24

1673 289 1767 326 1150

1681 340 1728 378 Ap
1730 349 1754 369 r.

1688 762 1782 798 1137

1676 811 1751 843 Nov.
1770 813 1789 841 2

1703 2592 1797 2627 1150

1714 2643 1783 2671 ante

1683 2683 1754 2722 Apr.
1770 2683 1811 2712 20
