1924 3288
331 197 414 243 128
846 209 1043 241 wmALm
1069 207 1290 240 nms'rom
1316 208 1367 239 50.

209 307 300 344 1147
326 304 502 349 solidam
531 307 699 349 nostrae
727 303 940 359 religionis
964 303 1272 347 observantiam
1301 301 1804 347 reflorescere‘videamiu
1819 305 1877 347 at

225 357 280 387 Μ’
325 386 513 427 nostram
533 382 751 427 Corbeiam
781 381 826 424 in
852 393 954 424 vera
973 393 1049 424 sua
1068 381 1262 437 ymagine
1281 379 1636 436 recognoscamus.
1680 379 1878 425 Protei-ea

325 461 621 517 possessiones,
655 473 757 516 quas
787 458 1008 502 Heinrieus
1037 457 1122 514 ille,
1155 472 1278 515 quem
1307 456 1566 503 venerabilis
1585 456 1747 515 legatus
1776 469 1877 516 ape-

326 537 497 582 stolicae
534 538 644 581 sedis
676 537 851 580 domnus
883 535 1062 580 Thomas
1093 536 1317 580 cardinalis
1346 535 1500 580 iudicio
1533 535 1714 594 Spiritus
1744 532 1879 579 saneti

326 616 522 659 canonice
553 615 766 672 deposuit,
798 613 1066 670 alienaverat,
1099 627 1204 670 quae
1234 617 1401 658 centum
1429 614 1518 658 fere
1546 624 1716 657 mansos
1744 612 1879 658 bonae

327 706 375 736 ac
411 692 561 736 fertilis
599 695 738 736 terrae
769 691 1045 747 excedebant,
1085 691 1139 736 ad
1168 692 1377 748 integrm
1406 690 1620 747 recollegit
1649 694 1692 736 et
1718 690 1880 735 utilita-

324 770 436 814 tibus
474 770 720 813 monasterii
748 770 944 813 restituit.
1005 769 1087 813 Pro
1117 769 1355 813 huiusmodi
1385 767 1596 824 beneficiis
1627 771 1670 813 et
1698 767 1792 813 aliis
1821 767 1879 812 si-

325 847 494 891 milibus
524 847 591 891 vel
620 847 862 903 maioribus,
895 861 975 904 que
1005 846 1139 890 adhuc
1169 847 1221 891 ab
1243 861 1291 892 eo
1312 860 1543 904 speramus,
1574 846 1664 891 Deo
1684 849 1727 890 et
1743 845 1877 902 vobis,

324 925 433 968 tanti
469 925 603 982 patris
640 924 930 980 largitoribus,
968 925 1126 980 gratias
1162 925 1394 969 referimus.
1455 920 1587 976 Quem
1616 924 1662 968 in
1689 927 1879 982 tempore

326 1003 495 1059 quidem
525 1003 738 1047 electionis
770 1016 869 1046 suae
898 1005 1072 1060 propter
1093 1016 1211 1060 spem
1232 1006 1274 1047 et
1293 1003 1446 1047 bonam
1465 1002 1623 1047 famam
1641 1001 1878 1058 dileximus,

324 1094 436 1125 nunc
473 1084 613 1124 autem
649 1084 822 1138 propter
856 1094 946 1124 rem
977 1083 1020 1124 et
1049 1079 1200 1124 collata
1228 1081 1274 1124 in
1302 1094 1378 1124 nos
1409 1078 1630 1136 beneficia,
1665 1082 1716 1124 ut
1741 1079 1880 1125 virum

326 1159 441 1202 omni
470 1158 692 1203 dilectione
723 1158 909 1214 dignum,
939 1158 1129 1201 unanimi
1159 1161 1201 1202 et
1229 1158 1380 1202 intima
1410 1157 1628 1202 devotione
1652 1157 1878 1214 diligimus.

325 1235 576 1280 Audivimus
609 1236 634 1280 a
662 1236 814 1280 dilecto
843 1236 973 1280 fratre
1003 1239 1147 1280 nostro
1178 1235 1374 1279 Heinrico
1387 1232 1410 1291 ¹,
1446 1235 1704 1293 presentium
1732 1234 1878 1292 latore,

326 1316 369 1357 et
398 1327 424 1357 a
454 1314 605 1357 domno
626 1313 860 1369 W(altero)‚
891 1317 991 1357 tunc
1019 1313 1221 1370 temporis
1250 1316 1394 1357 nostro
1423 1313 1578 1370 priore,
1609 1317 1652 1358 et
1676 1313 1704 1358 a
1727 1319 1880 1371 prepo-

326 1388 430 1435 sito²
450 1391 581 1445 fratre
600 1390 855 1447 R(einhero),
888 1391 999 1448 quod
1029 1405 1099 1434 eos
1130 1404 1206 1447 per
1237 1391 1394 1447 aliquot
1424 1391 1514 1434 dies
1535 1394 1748 1435 morantes
1768 1389 1882 1448 apud

325 1465 423 1513 vos³
453 1469 632 1524 benigne
671 1472 713 1512 et
748 1469 922 1513 honeste
951 1469 1246 1525 tractaveritis,
1278 1472 1321 1513 et
1347 1469 1406 1513 eis
1434 1469 1545 1513 inter
1565 1468 1670 1513 alias
1689 1466 1880 1513 humni-

325 1549 433 1590 tates
469 1547 778 1590 fraternitatem
815 1550 857 1590 et
887 1547 1127 1590 societatem
1156 1546 1267 1590 inter
1298 1560 1391 1603 vos,
1430 1545 1776 1603 quemadmodum
1804 1544 1881 1592 uni

327 1624 378 1668 de
398 1624 530 1680 vobis,
556 1624 858 1668 concesseritis
908 1623 1042 1681 Super
1062 1624 1127 1668 his
1149 1638 1311 1680 quoque
1332 1624 1489 1680 gratias
1509 1627 1673 1669 vestrae
1685 1622 1881 1679 benigni*

326 1702 406 1745 tati
434 1702 666 1746 referimus.
756 1701 942 1746 Verbum
971 1715 1084 1758 vero,
1117 1701 1168 1745 de
1199 1715 1279 1757 quo
1311 1705 1353 1745 et
1381 1715 1458 1745 nos
1487 1701 1606 1746 vobis
1636 1701 1880 1759 scripsimus

327 1782 370 1822 et
404 1779 489 1837 ipsi
517 1779 732 1823 vobiscum
770 1782 1074 1835 tractaverunt,
1113 1779 1287 1823 verbum
1316 1779 1488 1836 inquam
1517 1779 1704 1824 eiusdem
1730 1779 1881 1826 stator-

326 1857 471 1900 nitatis
493 1860 536 1901 et
555 1857 780 1913 societatis,
808 1860 856 1900 ut
875 1857 1070 1901 videlicet
1087 1860 1229 1901 vestra
1248 1860 1290 1901 et
1309 1861 1454 1902 nostra
1473 1858 1529 1901 sit
1546 1871 1632 1901 una
1649 1857 1695 1901 in
1714 1855 1881 1901 Christo

328 1934 515 1990 ecclesia,
546 1935 657 1978 inter
685 1948 762 1978 nos
791 1935 1046 1979 unanimiter
1066 1935 1333 1979 convenimus
1342 1941 1370 1991 ⁸,
1402 1938 1444 1978 et
1463 1935 1658 1991 quatinus
1676 1934 1723 1979 id
1739 1933 1882 1992 ipsum

325 2015 491 2056 vestrae
530 2012 799 2056 unanimitati
828 2011 1013 2069 placeat,
1051 2013 1203 2057 obnixe
1232 2026 1441 2068 rogamus.
1502 2012 1623 2056 Hanc
1649 2011 1881 2057 unitionem

327 2090 505 2134 duarum
543 2090 811 2134 ecclesiarum
847 2103 924 2147 per
954 2089 1152 2134 dilectum
1181 2091 1396 2134 dominum
1427 2093 1470 2134 et
1497 2093 1662 2147 patrem
1689 2091 1881 2147 nostrum

326 2166 418 2212 fieri
457 2165 746 2225 exoptamus⁴3
785 2167 987 2224 vobisque
1023 2182 1100 2226 per
1136 2170 1231 2213 eum
1261 2168 1403 2213 debita
1429 2166 1704 2212 fraternitatis
1733 2178 1881 2212 senune

350 2263 355 2273 ι
422 2254 450 2276 a.
477 2247 523 2276 εἰσ
544 2246 613 2276 cod.
1851 2249 1854 2252 ⁴

422 2298 454 2333 1.
480 2296 658 2334 monacho
683 2295 904 2333 stabulensi.
1001 2298 1035 2333 2.
1061 2296 1339 2344 Eresburgensi.
1433 2297 1467 2333 3.
1492 2298 1716 2333 revertentes
1738 2294 1880 2342 Meldis,

326 2356 391 2393 ubi
423 2366 555 2402 papam
579 2355 742 2393 Wibaldi
774 2366 884 2392 causa
908 2355 1039 2392 diebus
1064 2357 1158 2392 10—
1171 2357 1216 2392 22
1241 2355 1336 2392 Iunii
1362 2355 1452 2392 114'1
1475 2354 1651 2392 adierant.
1688 2355 1733 2392 V.
1758 2356 1818 2402 ep'.
1832 2353 1881 2392 46

327 2426 437 2461 supra
459 2426 496 2462 p.
516 2416 585 2452 123
604 2418 643 2452 et
658 2425 717 2461 ep.
735 2415 804 2451 150
820 2414 924 2451 infra.
942 2435 985 2442 —-
1002 2415 1131 2461 Itaque
1147 2415 1242 2451 hane
1259 2414 1531 2452 Corbeiensium
1547 2414 1740 2460 epistolam
1756 2420 1882 2452 meme

326 2475 421 2512 Iulio
453 2475 544 2512 1147
576 2474 750 2520 scriptam
782 2485 863 2511 esse
895 2485 994 2520 reor,
1032 2475 1203 2512 Wibaldo
1238 2474 1286 2511 ad
1319 2474 1455 2511 bellum
1486 2472 1669 2511 Slavieum
1701 2471 1880 2521 profootbq

326 2534 362 2570 4.
387 2534 491 2571 Hanc
515 2533 779 2571 fraternitatem
803 2534 927 2579 paullo
951 2536 1035 2580 post
1059 2533 1264 2571 confectam
1287 2544 1378 2579 esse,
1403 2533 1511 2570 docet
1534 2532 1672 2579 relatio,
1697 2535 1783 2580 post
1804 2531 1881 2570 wi-

326 2593 427 2630 baldi
459 2597 611 2630 mortem
642 2603 753 2629 manu
786 2603 881 2629 saec.
904 2593 977 2629 XII
1001 2594 1122 2639 posita
1151 2593 1190 2629 in
1222 2591 1285 2630 fol.
1303 2593 1350 2629 20
1382 2591 1463 2629 cod.
1481 2591 1679 2628 membran.
1696 2587 1881 2643 quondam

328 2651 575 2698 Corbeiensis‚
613 2652 724 2689 hodie
755 2653 1053 2690 monasteriensis
1091 2652 1226 2699 signati
1264 2652 1294 2688 Ι.
1316 2651 1364 2688 A.
1387 2651 1467 2687 133.
1522 2651 1590 2687 Est
1619 2654 1741 2688 autem
1769 2650 1880 2690 bueo:

327 2711 540 2758 „Nomina
564 2710 757 2748 fratrum
782 2716 1039 2749 nostrorum
1063 2711 1426 2755 stabulensium,
1451 2720 1604 2756 quorum
1621 2709 1880 2757 tempores&-

327 2770 458 2807 bulaus
483 2774 521 2807 et
544 2781 640 2807 nova
657 2771 886 2809 Corbeiensis
910 2772 1088 2808 aecclesia
1111 2772 1149 2807 in
1173 2771 1283 2818 plena
1296 2769 1522 2806 fraternitate
1538 2773 1577 2806 et
1592 2780 1665 2808 una
1679 2769 1881 2820 eademque

328 2829 504 2866 societate
528 2840 661 2876 magno
687 2830 871 2877 utrimque
895 2831 1016 2868 studio
1041 2834 1079 2867 et
1103 2830 1182 2876 pari
1204 2829 1392 2866 voluntate
1416 2832 1681 2874 convenerunt,
1713 2839 1757 2866 eo
1779 2820 1880 2866 vid‘e'-

327 2888 416 2926 licet
431 2892 568 2935 tenore,
593 2893 635 2925 ut
651 2890 688 2925 in
705 2890 879 2926 utralibet
894 2890 1072 2927 aecclesia
1088 2889 1210 2926 omnia
1224 2888 1350 2925 debita
1365 2888 1579 2934 orationum,
1604 2898 1698 2934 quae
1720 2887 1879 2934 propriis

330 2947 502 2986 fratribus
525 2948 717 2995 utriusque
740 2949 1034 2996 congregationis
1056 2948 1245 2994 debentur,
1268 2950 1343 2984 tam
1367 2947 1462 2984 vivis
1478 2958 1586 2994 quam
1611 2946 1795 2985 defunctis
1809 2945 1879 2984 fra·
