1924 3262
177 308 268 345 1137

158 356 282 389 Oa.m.

190 2126 282 2163 1137

201 2175 267 2207 Oa.

307 198 362 242 88
772 211 971 242 wmALDI
999 209 1248 241 EPISTOLAE
1277 210 1326 240 11.
1348 211 1398 240 12.

304 304 580 363 perveniatis,
621 305 673 349 ab
705 305 896 349 omnibus
929 304 1022 348 aliis
1055 304 1348 348 abstinendum
1380 308 1464 361 est,
1505 308 1547 349 et
1574 303 1765 361 leffltime
1789 319 1867 365 pro

306 382 525 427 Casinensi
561 382 754 437 ecclesia,
794 396 900 438 quae
933 381 1158 437 singularis
1188 381 1367 426 Romani
1395 383 1565 440 imperii
1592 395 1760 429 camera
1788 388 1867 441 est,

306 460 614 504 decertandum.
677 459 786 511 Quid
831 462 970 503 autem
1014 459 1150 516 magis
1194 459 1450 516 legitimum,
1503 474 1631 518 quam
1672 464 1721 506 ut
1762 475 1868 520 prae

306 538 496 582 omnibus
537 541 579 581 et
616 540 713 580 ante
751 537 893 580 omnia
922 550 1112 582 camerae
1141 540 1307 582 vestrae
1338 551 1481 582 curam
1511 539 1723 596 habeatis,
1761 552 1869 597 quae

305 618 547 659 cunctorum
584 615 935 658 monasteriorum
973 619 1100 672 caput
1140 619 1183 660 et
1218 619 1354 660 mater
1393 619 1476 672 est,
1517 630 1624 673 quae
1653 619 1794 662 vestro
1820 617 1869 662 in

303 695 493 750 tempore
535 693 663 736 tantis
710 706 759 736 ac
801 696 890 736 tam
934 693 1188 738 immanibus
1232 694 1466 738 succumbit
1510 694 1600 739 sine
1637 694 1868 739 cessatione

303 770 528 827 periculis?
573 770 766 826 Denique
798 771 835 814 si
866 769 1106 815 Casinensis
1139 771 1335 828 ecclesia,
1367 785 1474 829 quae
1505 775 1750 817 cunctorum
1777 785 1869 817 mo-

303 847 583 891 nasteriorum
621 851 747 905 caput
787 851 870 904 est,
908 849 1045 904 viget,
1095 851 1235 893 cetera
1271 850 1492 906 coenobia,
1536 863 1643 907 quae
1677 850 1870 896 membra

305 925 393 969 eius
425 928 536 981 sunt,
570 926 761 982 quamvis
792 926 1006 982 languida,
1036 927 1314 984 recuperandi
1332 927 1530 972 fiduciam
1548 941 1634 972 non
1655 927 1868 973 amittunt.

303 1002 418 1054 Quae
455 1003 656 1046 nimirum
695 1004 810 1047 omni
847 1005 998 1049 robore
1037 1009 1199 1061 carent,
1241 1005 1277 1049 si
1315 1005 1532 1061 contingat
1569 1005 1705 1050 solum
1741 1008 1870 1063 caput

302 1080 410 1124 forte
439 1080 659 1136 languere3
693 1085 848 1138 quanto
880 1083 1022 1140 potius
1043 1107 1099 1113 -—
1123 1082 1234 1139 quod
1263 1082 1426 1126 meritis
1458 1083 1713 1128 sanctissimi
1734 1083 1869 1141 patris

302 1157 520 1202 Benedicti
551 1162 714 1203 avertat
744 1160 1008 1217 omnipotens
1037 1160 1151 1204 Deus
1174 1185 1230 1191 ——
1252 1160 1289 1204 si
1319 1161 1535 1216 contingat
1565 1161 1767 1217 extingui.
1811 1160 1871 1206 Et

303 1236 389 1279 iam
419 1235 671 1280 Benedictus
710 1250 759 1280 ac
788 1237 959 1282 Maurus
992 1251 1087 1282 cum
1117 1238 1199 1282 sibi
1229 1238 1463 1282 commissis
1496 1238 1643 1283 ovibus
1672 1251 1870 1295 mergun-

303 1302 384 1357 tur.
431 1313 595 1369 Erigite
625 1328 722 1370 ergo
743 1315 839 1359 illos
861 1329 886 1358 a
904 1315 1112 1372 fluctibus,
1134 1317 1365 1373 imperator
1384 1317 1553 1373 invicte,
1575 1316 1635 1360 si·
1653 1329 1728 1361 vos
1748 1319 1871 1374 pater

302 1390 553 1436 Benedictus
576 1392 627 1436 ab
650 1405 895 1436 excessuum
913 1393 1190 1438 alluvionibus
1211 1395 1346 1449 erigat
1362 1397 1404 1438 et
1418 1394 1536 1438 vobis
1553 1393 1744 1439 coelestis
1761 1394 1871 1439 atria

303 1470 423 1525 regni
452 1469 800 1514 intercessionum
830 1484 1003 1515 suarum
1032 1472 1228 1529 precibus
1257 1475 1429 1527 reseret,
1459 1475 1508 1515 ut
1533 1471 1646 1516 vitae
1676 1475 1870 1518 aeternae

304 1560 460 1604 pascua
479 1548 732 1592 invenienda
760 1549 871 1592 inter
902 1549 1071 1605 angelos
1103 1553 1146 1593 et
1177 1549 1446 1605 archangelos
1477 1549 1568 1594 sine
1593 1549 1773 1594 termino
1793 1550 1871 1595 tri-

305 1625 419 1680 buat,
451 1626 563 1682 quod
593 1625 736 1670 oculus
767 1640 852 1670 non
881 1627 988 1670 vidit
1017 1640 1095 1671 nec
1119 1628 1233 1671 auris
1254 1627 1416 1671 audivit
1434 1640 1513 1671 nec
1531 1627 1578 1672 in
1597 1639 1669 1671 cor
1688 1627 1870 1672 hominis

307 1703 494 1746 ascendit
506 1700 527 1746 ¹.
576 1703 747 1761 Imperii
775 1705 907 1748 vestri
937 1704 1291 1761 magnificentiam
1322 1704 1512 1749 Christus
1542 1704 1749 1749 Dominus
1777 1705 1871 1750 feli-

306 1780 410 1824 citer
440 1785 670 1838 conservet,
701 1784 869 1835 tueatur
900 1785 942 1827 et
972 1783 1168 1827 defendat
1196 1782 1242 1826 in
1263 1783 1396 1827 annis.
1443 1782 1558 1827 Bene
1586 1782 1734 1828 valete.

311 1956 389 2004 12.
421 1959 632 2003 Wibaldus
653 1961 903 2004 Lotharium
931 1962 1224 2019 imperatorem
1255 1970 1293 2005 et
1321 1962 1539 2005 Richt'zam
1570 1963 1871 2020 imperatricem

427 2038 658 2091 obtestatur,
688 2046 735 2081 nt
755 2039 949 2082 maximis
969 2038 1282 2098 dejfflcultatibus
1307 2040 1391 2082 suis
1412 2038 1657 2083 consulant&
1720 2037 1793 2094 (M.
1809 2039 1870 2096 2.)

426 2125 607 2170 Domino
639 2127 831 2184 piissimo
863 2131 905 2171 et
935 2127 1202 2171 serenissimo
1233 2128 1479 2185 imperatori
1510 2131 1685 2184 augusto
1715 2127 1870 2174 Lotha-

306 2203 370 2247 rio
409 2204 569 2247 caesari
609 2217 657 2248 ac
694 2205 993 2262 triumphatori
1038 2208 1242 2263 perpetuo
1289 2206 1458 2262 eiusque
1502 2206 1625 2249 uxori
1658 2205 1868 2264 Richizae‚

309 2295 334 2325 a
363 2280 454 2325 Deo
484 2285 700 2338 protectae
730 2282 1015 2326 Romanorum
1043 2283 1315 2340 imperatrici,
1351 2283 1548 2326 victorias
1579 2284 1868 2342 certaminum,

308 2358 505 2416 perennis
543 2359 656 2403 vitae
694 2359 907 2415 bravium,
947 2360 1223 2405 subiectiones
1262 2361 1448 2416 gentium
1488 2363 1612 2416 atque
1647 2361 1869 2406 substratis

308 2436 497 2480 hostibus
536 2437 652 2494 pacis
683 2437 837 2493 ubique
867 2437 1042 2494 bonum,
1084 2437 1314 2482 Guibaldus
1345 2437 1480 2482 sancti
1509 2436 1749 2483 Casinensis
1779 2452 1869 2484 mo-

308 2514 484 2558 nasterii
513 2515 705 2558 minister
734 2515 944 2570 indignus.
1864 2515 1869 2520 ’

428 2591 476 2635 In
520 2592 648 2635 variis
693 2591 993 2650 multiplicibus
1039 2606 1088 2636 ac
1128 2592 1304 2636 diversis
1341 2590 1680 2636 tribulationibus
1715 2593 1869 2638 consti-

310 2672 448 2725 tutus,
491 2673 679 2713 vestrum
717 2670 768 2713 de
806 2669 873 2713 die
912 2669 958 2713 in
996 2670 1084 2714 dies
1124 2674 1346 2714 venturum
1383 2668 1604 2727 sperabam
1642 2670 1867 2726 auxilium3

312 2747 398 2802 sed,
431 2750 479 2790 ut
508 2746 643 2802 video,
674 2746 823 2791 fefellit
851 2760 920 2790 me
950 2761 1046 2805 spes
1076 2761 1181 2791 mea.
1229 2747 1438 2799 Quantum
1466 2745 1577 2789 enim
1596 2746 1868 2793 relationibus

407 2850 433 2870 a.
463 2853 503 2871 an
532 2841 596 2871 sic?
688 2841 717 2871 b.
747 2843 840 2872 Huius
868 2843 1013 2880 epistolae
1032 2844 1206 2883 fragmenta
1231 2843 1366 2883 leguntur
1391 2842 1420 2871 ἰιι
1442 2842 1526 2871 Petu·
1547 2841 1628 2872 diac.
1647 2819 1747 2874 chron:
1764 2845 1868 2875 Casia.

313 2894 346 2923 L.
365 2894 418 2923 1V.
444 2905 470 2924 c.
489 2894 549 2924 104
565 2901 592 2923 et
612 2895 670 2924 126
688 2906 720 2933 p.
734 2895 793 2925 816
810 2901 837 2924 et
854 2895 924 2925 841.
958 2896 1007 2931 Cf.
1028 2906 1120 2933 ευριπ
1138 2905 1170 2934 p.
1189 2895 1229 2926 84
1249 2906 1277 2924 n.
1296 2905 1326 2925 ο.

407 2951 439 2986 1.
467 2951 485 2986 1
504 2951 668 2988 corinth.
686 2952 718 2997 2,
737 2952 769 2987 9.
