1924 3288
302 226 385 269 198
743 235 941 267 wmALm
969 234 1218 266 nmsronffl
1246 234 1317 264 124.
1342 233 1412 265 125.

182 335 274 372 1148
300 332 410 389 quod
440 332 655 376 absentem
686 343 852 387 semper
882 329 1096 385 diligimus
1127 333 1170 374 et
1191 342 1455 385 veneramur,
1485 329 1683 374 timemus
1704 332 1747 374 et
1765 341 1855 374 am-

297 409 531 468 plectimur.
581 408 818 452 Salutantes
857 408 1000 464 itaque
1038 408 1166 452 etiam
1199 420 1311 451 nunc
1339 407 1594 452 unanimiter
1623 406 1855 452 dulcedinis

298 491 463 531 vestrae
491 487 740 541 ubertatem,
772 485 826 529 ad
854 486 1025 529 unicum
1053 486 1325 543 protectionis
1345 488 1510 529 vestrae
1529 485 1738 542 refugium
1757 497 1856 529 eon-

298 566 494 621 fugimus,
525 563 807 619 significantes
837 563 971 619 vobis,
1002 563 1113 620 quod
1143 563 1297 607 dilecta
1325 563 1445 607 nobis
1469 561 1644 619 Odilia·,
1674 562 1855 607 coniunx

299 642 508 699 quondam
538 640 731 684 Anselmi
768 640 920 696 villici,
958 641 1004 684 in
1035 641 1210 685 articulo
1241 641 1390 684 mortis
1421 641 1668 696 constituta,
1706 638 1856 689 ceteris

298 720 422 763 rebus
454 719 541 763 suis
572 719 796 774 ordinatis,
837 718 1049 775 fornagia,
1090 733 1169 776 que
1201 733 1253 762 ex
1283 721 1423 762 vestro
1453 717 1654 762 beneficio
1682 718 1730 763 in
1754 717 1858 763 villa

297 801 443 841 nostra
481 796 705 841 Stabulaus
743 796 934 852 tenebat,
981 796 1027 839 in
1062 797 1256 841 manibus
1297 796 1522 840 aecclesiae
1557 809 1634 854 pro
1670 795 1856 841 remedio

299 876 463 919 animae
494 888 593 919 suae
624 878 667 918 et
697 873 830 918 salute
859 873 930 931 pie
958 874 1186 917 memoriae
1204 873 1396 918 Anselmi
1426 874 1557 918 villici
1577 873 1766 930 contulit,
1795 862 1858 920 i'ta

298 953 514 997 videlicet:
546 956 606 1008 ut,
639 952 676 996 si
706 951 856 995 vestris
887 951 1133 1008 patrociniis
1162 951 1259 995 fulti
1289 951 1513 996 donatione
1543 965 1620 996 sua
1647 951 1732 996 frui
1758 964 1858 1010 pos-

298 1045 451 1086 semus,
482 1033 577 1074 rata
607 1029 775 1086 quidem
804 1029 1050 1083 haberetur3
1083 1029 1149 1072 sin
1179 1032 1332 1085 autem,
1363 1043 1441 1087 pro
1473 1030 1615 1074 decem
1643 1029 1765 1074 libris
1784 1028 1857 1074 de-

296 1109 513 1153 nariorum
549 1108 595 1151 in
631 1108 808 1164 pignore
845 1107 1118 1151 constitutum
1152 1105 1426 1150 beneficium*
1456 1121 1579 1151 suum
1607 1110 1856 1155 teneremus,

297 1187 384 1230 Nos
413 1187 569 1242 itaque,
601 1185 701 1228 dum
731 1184 866 1228 adhuc
897 1184 1043 1228 eadem
1066 1184 1174 1228 vivit
1202 1188 1407 1241 matrona,
1439 1185 1604 1229 consilii
1632 1185 1764 1230 vestri
1791 1197 1859 1229 so—

297 1265 418 1308 litam
456 1263 722 1307 clementiam
761 1275 887 1319 super
924 1261 1003 1305 hoc
1031 1262 1102 1319 pie
1132 1262 1374 1306 invocamus
1412 1263 1669 1320 genibusque
1706 1263 1859 1308 vestris

298 1341 513 1386 humiliter
541 1340 754 1398 provoluti
783 1340 931 1383 intime
961 1340 1165 1396 petimus,
1205 1343 1254 1383 ut
1281 1341 1434 1384 vestris
1465 1341 1683 1385 adiutoriis
1714 1343 1758 1385 et
1786 1341 1858 1386 do-

298 1419 555 1464 fensionibus
585 1431 671 1461 non
699 1418 916 1461 fraudetur
947 1417 1148 1461 aecclesia
1177 1431 1203 1461 a
1233 1417 1453 1473 desiderio,
1485 1418 1596 1475 quod
1613 1421 1733 1463 tanto
1750 1422 1859 1464 tem-

299 1511 402 1555 pore
439 1496 761 1546 desideraverat.
821 1495 932 1538 Nam
971 1508 1090 1538 soror
1127 1495 1315 1539 eiusdem
1353 1495 1516 1539 Odiliae
1552 1495 1783 1552 Margarita
1816 1500 1860 1541 et

301 1576 365 1619 vir
405 1574 494 1618 eius
524 1573 751 1617 Anselmus
788 1575 912 1629 atque
941 1572 1106 1615 villicus
1135 1572 1529 1617 Malmundariensis
1557 1573 1702 1618 multis
1730 1574 1858 1618 minis

302 1653 355 1696 ad
384 1652 482 1708 hoc,
521 1654 570 1695 ut
599 1651 887 1706 donationem,
926 1649 1018 1693 vice
1047 1653 1190 1694 vestra
1218 1654 1477 1708 susceptam,
1508 1651 1751 1707 reiciamus,
1780 1665 1857 1696 nos

301 1730 512 1774 deterrere
550 1732 773 1782 conantur3
814 1727 937 1771 modo
975 1726 1062 1771 filio
1093 1726 1270 1772 Walteri
1305 1729 1358 1772 de
1394 1728 1551 1772 Rulant
1585 1729 1698 1774 idem
1733 1730 1858 1774 bene-

301 1806 441 1851 ficium
472 1820 517 1850 se
547 1807 717 1850 daturos
748 1806 1055 1863 promittenteS,
1085 1806 1209 1849 modo
1240 1819 1266 1849 a
1294 1807 1446 1850 domno
1466 1806 1690 1852 Lamberto
1718 1807 1857 1852 villico

302 1888 441 1929 vestro
480 1884 531 1928 de
566 1883 727 1928 Baldou
765 1884 908 1927 decem
944 1882 1073 1927 libras
1112 1883 1379 1928 denariorum
1415 1898 1492 1942 pro
1530 1885 1624 1942 ipso
1659 1883 1857 1930 beneficio

303 1976 348 2006 se
389 1965 634 2019 accepturos
663 1961 920 2005 minitantes.
1043 1960 1178 2019 Super
1206 1961 1272 2005 his
1301 1961 1444 2019 itaque
1474 1963 1665 2007 omnibus
1695 1960 1858 2007 consilii

303 2041 433 2085 vestri
470 2040 797 2098 oportunitatem
835 2053 912 2097 per
950 2039 1202 2095 dignationis
1232 2042 1397 2084 vestrae
1426 2040 1632 2098 rescripta
1657 2040 1857 2098 implora-

303 2132 410 2174 mus,
442 2131 523 2174 quo
555 2118 594 2161 si
622 2118 814 2173 fruimur,
845 2117 983 2161 minas
1014 2117 1321 2160 occursantium
1340 2117 1461 2161 nobis
1481 2103 1604 2175 parvi
1621 2118 1854 2176 pendimus.

304 2195 500 2240 Ceterum
534 2196 571 2239 si
600 2195 681 2239 huc
709 2209 841 2252 usque
870 2195 916 2238 in
947 2194 1155 2251 aliquibus
1186 2194 1412 2239 defectibus
1442 2195 1660 2240 constituti
1686 2195 1856 2252 fuimus,

305 2274 500 2331 deinceps
529 2286 606 2331 per
625 2273 706 2316 Dei
734 2272 1064 2316 misericordiam
1088 2271 1263 2316 meliora
1281 2285 1510 2330 speramus
1556 2272 1857 2320 Pater-nitatem

304 2355 489 2396 vestram
518 2364 685 2408 semper
714 2350 836 2395 nobis
865 2349 1012 2394 utilem
1042 2349 1157 2395 Deus
1188 2354 1231 2394 et
1258 2350 1508 2394 incolumem
1537 2351 1757 2396 custodiat.

312 2504 425 2551 125.
456 2506 667 2550 Wibaldus
698 2505 1005 2550 Stabulemibus
1041 2507 1276 2564 respondet,
1314 2513 1360 2548 ut
1388 2505 1594 2563 forna-qia
1631 2507 1683 2550 ab
1716 2505 1858 2551 odilia

454 2584 592 2627 oblata
620 2584 832 2641 recipiant.
1642 2581 1714 2636 (M.
1741 2583 1855 2638 104.)
1879 2611 1884 2617 ·

192 2680 283 2716 1148
424 2671 573 2716 Frater
593 2671 845 2726 W(ibaldus)
876 2670 957 2715 Dei
994 2672 1131 2727 gratia
1166 2671 1211 2715 id
1246 2671 1356 2728 quod
1393 2674 1457 2715 est
1485 2671 1530 2714 in
1560 2671 1762 2716 aecclesia
1788 2685 1856 2716 ca·

307 2749 463 2794 tholica
490 2749 704 2804 R(oberto)
735 2749 962 2794 venerabili
992 2750 1146 2793 decano
1178 2752 1220 2793 et
1249 2748 1397 2793 ceteris
1426 2749 1471 2792 in
1499 2748 1664 2793 Christo
1694 2749 1856 2795 dilectis

308 2827 404 2871 filiis
442 2830 485 2871 et
521 2827 741 2883 fratribus,
781 2828 852 2883 qui
888 2830 985 2870 sunt
1013 2827 1058 2871 in
1089 2826 1406 2882 congregatione
1436 2825 1694 2883 Stabulensi,
1733 2826 1855 2872 bene-

310 2905 532 2948 dictionem
562 2908 604 2948 et
633 2905 763 2948 vitam
793 2917 924 2961 usque
954 2905 998 2947 in
1029 2903 1224 2948 seculum.

405 2995 431 3017 a.
458 2986 558 3018 ouili·
579 2987 700 3019 addidi.
780 2987 809 3018 b.
838 2986 1016 3018 beneficium
1037 2986 1157 3017 addidi.
