1924 3288
513 250 713 283 wmALm
741 250 992 282 nmeronffl
1021 251 1092 281 203.
1114 250 1184 281 204.
1545 238 1632 283 323

62 343 273 403 parvitate
308 340 405 391 mea
441 347 557 404 loqui
594 347 846 405 presumpsi.
909 345 1103 390 Intellexi
1131 359 1231 390 vero
1272 348 1315 390 et
1352 348 1492 390 certus
1523 359 1631 402 sum,

63 423 175 480 quod
210 423 388 469 domnus
417 439 495 469 rex
525 425 577 469 de
606 425 764 469 iniuria
792 425 911 470 vobis
942 424 1063 468 illata
1091 423 1273 468 multum
1304 423 1430 469 dolet.
1491 423 1550 468 Et
1579 424 1633 468 ad

61 501 327 546 commodum
367 516 518 547 causae
547 506 712 547 vestrae
749 502 1088 561 prosequendum
1122 503 1323 547 nuncium
1353 516 1450 547 cum
1479 502 1633 547 litteris

62 579 150 623 suis
171 580 225 623 ad
243 594 320 624 vos
341 581 579 625 destinavit.
628 581 747 633 Quod
774 582 887 625 enim
908 580 1151 625 Corbeiensi
1173 581 1372 626 eeclesiae
1392 595 1471 639 pro
1491 584 1635 626 vestra

61 657 283 724 dilectione
304 659 494 715 contulit,
523 662 664 703 ratum
683 659 811 703 habet
831 663 873 703 et
894 659 1147 703 omnimodis
1169 659 1417 704 confirmare
1438 659 1631 704 intendit.

64 799 182 847 204.
210 802 427 861 Euqe‘nius
455 803 530 847 IH
553 820 675 862 papa
710 805 902 847 Conrado
933 804 1009 848 III
1029 806 1119 862 reqi
1155 806 1297 849 scribit
1326 805 1377 848 de
1409 805 1448 848 T
1444 804 1634 849 hiebaldo

202 882 445 939 praeposito
485 881 693 925 Xantensi
742 884 986 943 confirmato
1035 890 1073 925 et
1119 884 1170 925 de
1206 884 1395 926 Arnoldo
1433 882 1464 926 I
1499 882 1634 927 archi-

211 960 402 1017 episcopo
436 959 669 1002 Coloniensi
696 961 877 1003 Romam
907 961 953 1004 in
984 962 1092 1004 diem
1122 960 1182 1004 30
1202 962 1307 1019 Apr.
1329 961 1447 1005 1150
1478 968 1634 1004 vocato.

211 1036 454 1081 Heinrieum
483 1053 621 1095 reyem
651 1038 814 1081 salutat.
1419 1037 1492 1093 (M.
1518 1038 1634 1093 183.)

184 1126 400 1183 Eugenius
421 1127 642 1184 episcopus
663 1141 808 1171 servus
830 1141 1048 1172 servorum
1063 1127 1145 1172 Dei
1164 1127 1390 1172 karissimo
1406 1128 1452 1172 111
1468 1128 1635 1172 Christo

62 1203 149 1248 filio
180 1204 407 1260 C(onrado)
445 1204 601 1249 illustri
629 1205 916 1250 Romanorum
953 1206 1045 1262 regi
1075 1206 1256 1251 salutem
1287 1210 1330 1251 et
1360 1206 1635 1265 apostolicam

64 1282 408 1328 benedictionem.

183 1361 394 1414 Quantum
433 1360 628 1406 affectum
666 1375 767 1419 erga
804 1376 1030 1420 personam
1066 1366 1186 1407 tuam
1222 1366 1265 1408 et
1293 1377 1471 1420 regnum
1501 1363 1580 1408 tibi
1611 1377 1636 1408 a

62 1439 154 1484 Deo
184 1440 456 1484 commissum
485 1440 727 1497 habeamus,
758 1441 950 1498 pluribus
982 1442 1283 1499 experimentis
1313 1445 1433 1486 tuam
1452 1443 1636 1500 pruden-

62 1519 168 1562 tiam
198 1519 407 1563 credimus
439 1519 672 1574 agnovisse.
719 1519 768 1562 In
799 1533 880 1576 quo
910 1518 1200 1564 inflexibiliter
1219 1524 1530 1578 permanentes,
1561 1535 1636 1579 pe-

62 1596 238 1640 ticiones
269 1597 541 1642 excellentiae
570 1600 681 1653 tuae,
715 1600 918 1654 quantum
948 1611 1045 1641 cum
1064 1598 1155 1642 Deo
1186 1612 1424 1656 possumus,
1454 1599 1636 1644 libenter

64 1675 347 1731 admittimus,
387 1678 430 1719 et
467 1688 563 1719 cum
601 1675 825 1719 aecclesiae
863 1676 1083 1720 honestate
1121 1677 1264 1732 regiae
1298 1681 1397 1721 tuae
1427 1677 1636 1722 voluntati

63 1756 280 1809 gratanter
318 1754 543 1811 prebemus
581 1767 821 1810 assensum,
862 1754 972 1797 sicut
1009 1754 1150 1798 devoti
1187 1755 1302 1799 beati
1331 1754 1447 1799 Petri
1483 1754 1562 1798 filii
1593 1759 1637 1799 et

64 1831 259 1888 specialis
290 1835 460 1875 sanctae
490 1831 703 1875 Romanae
734 1831 959 1876 aecclesiae
986 1833 1231 1877 defensoris.
1279 1833 1382 1877 Inde
1413 1837 1478 1876 est
1508 1833 1634 1889 quod,

63 1909 366 1965 magnitudinis
403 1913 501 1953 tuae
536 1923 682 1967 preces
719 1909 766 1952 in
804 1909 1006 1954 electione
1035 1911 1263 1955 Xantensis
1301 1908 1531 1969 prepositi¹
1559 1925 1635 1969 pa-

63 1990 183 2032 terno
226 1987 478 2044 recipientes
525 1986 696 2043 affectu,
742 1987 822 2031 tibi
857 1991 1061 2045 tanquam
1098 1989 1324 2033 karissimo
1363 1989 1450 2032 filio
1488 1993 1633 2033 nostro

64 2065 260 2109 duximus
299 2065 587 2119 annuendum3
626 2065 725 2109 licet
761 2066 932 2122 quidam
967 2068 1236 2124 postmodum
1265 2067 1435 2125 penitus
1466 2067 1635 2112 diversa

65 2143 119 2188 ab
163 2143 250 2200 his,
298 2157 379 2200 que
417 2143 653 2187 dilectionis
691 2146 789 2188 tuae
827 2144 981 2188 litteris
1018 2144 1285 2202 significasti,
1333 2146 1631 2201 suggesserint.

64 2221 202 2266 Causa
236 2235 335 2266 vero
365 2221 510 2264 fratris
540 2221 676 2265 nostri
706 2221 967 2266 Coloniensis
999 2223 1305 2281 archiepiscopi
1335 2238 1463 2281 quam
1492 2225 1633 2280 gravis

64 2300 141 2356 sit,
180 2300 378 2357 quoniam
415 2299 587 2354 longum
625 2303 690 2343 est
729 2313 946 2357 enarrare,
985 2301 1038 2345 ab
1074 2301 1161 2358 his,
1203 2303 1275 2358 qui
1305 2302 1417 2346 circa
1447 2306 1489 2346 te
1520 2306 1632 2357 sunt,

63 2378 221 2436 poteris
241 2378 463 2422 manifeste
484 2390 745 2433 cognoscere.
781 2377 827 2421 Si
847 2378 973 2435 enim,
996 2383 1155 2436 quanta
1174 2380 1286 2423 circa
1305 2379 1489 2423 officium
1510 2394 1634 2423 suum

64 2469 141 2513 per
159 2455 460 2512 negligentiam
482 2459 524 2499 et
542 2455 871 2499 inobedientiam
887 2457 1166 2514 superbiendo
1183 2458 1454 2514 commiserit,
1470 2458 1633 2513 magni-

63 2534 222 2578 tudinis
251 2537 350 2578 tuae
381 2534 577 2578 discretio
609 2534 894 2589 cognovisset,
925 2547 1003 2578 nec
1033 2535 1161 2579 etiam
1190 2536 1389 2591 verbum,
1420 2539 1469 2579 ut
1499 2536 1633 2579 credi-

64 2625 172 2668 mus,
204 2626 281 2669 pro
312 2612 405 2669 ipso
436 2612 649 2655 movisset.
697 2611 818 2655 Unde
848 2612 893 2655 in
924 2612 1114 2669 concilio,
1147 2613 1258 2670 quod
1287 2614 1431 2657 Remis
1463 2617 1633 2657 auctore

63 2689 246 2733 Domino
292 2690 618 2745 celebravimus,
667 2690 890 2733 excisionis
929 2690 1181 2734 sententiam
1224 2691 1487 2747 pertulisset,
1532 2692 1632 2748 nisi,

63 2767 204 2823 regiae
241 2771 462 2825 parcentes
501 2767 736 2823 absentiae,
784 2767 1083 2811 detrimentum
1125 2768 1295 2825 aliquod
1332 2783 1482 2825 regno,
1521 2770 1633 2826 quod

63 2845 248 2889 maxime
292 2845 414 2890 nobis
460 2846 693 2889 cavendum
737 2849 847 2901 erat,
895 2849 1141 2889 eventurum
1181 2847 1334 2890 exinde
1372 2851 1629 2905 putaremus.

63 2921 122 2966 Et
164 2935 276 2966 nunc
319 2927 417 2980 post
461 2924 644 2968 reditum
689 2926 810 2966 tuum
855 2923 1073 2967 nobiscum
1119 2923 1297 2969 firmiter
1334 2928 1629 2982 statueramus,

159 3010 194 3046 1.
218 3009 425 3047 Thiebaldi.

1270 3080 1314 3115 21
1324 3080 1344 3102 *

1688 347 1782 384 1149

1657 397 1722 428 Oct.
1736 398 1811 428 Nov.

1679 1132 1771 1168 1149

1658 1183 1734 1213 Nov.
1749 1183 1788 1213 28
