1924 3288
570 204 769 235 wmALm
783 188 1016 235 'nms‘rom
1044 201 1097 234 88.
1524 189 1605 233 161

53 298 140 346 881
166 299 378 345 Whaldue
391 298 571 344 Hem-ico
588 301 872 344 Romanorum
891 301 981 357 reqi
1000 299 1140 343 scribit
1159 298 1208 341 de
1227 297 1472 340 removendo
1492 297 1608 354 Roy-

115 383 117 403 ³
165 393 267 437 yero
299 378 420 422 electo
453 379 598 422 abbate
616 377 826 421 Fuldensi.
872 377 1025 431 Monet,
1051 383 1205 434 pareat
1227 391 1383 434 papae,
1415 390 1514 418 neve
1539 381 1612 417 aut

130 461 133 478 ³
170 455 366 500 Sueviam
397 463 470 499 aut
490 455 720 500 Samonium
743 462 816 498 aut
835 455 1153 513 Locharinqiam
1183 455 1308 499 adeat
1334 454 1415 496 nisi
1443 459 1611 495 vocatus

73 558 77 563 ¹
116 545 118 549 “
167 549 199 578 α
223 534 494 592 principibus.
1425 528 1497 584 (M.
1522 528 1609 583 73.)

80 632 81 636 ’
170 621 362 667 Glorioso
393 635 442 666 ac
471 621 736 666 serenissimo
767 621 934 665 domino
967 634 1042 665 suo
1074 621 1099 665 a
1118 621 1208 665 Deo
1239 623 1436 665 coronato
1457 619 1611 663 Roma-
1636 621 1729 658 1148

51 712 202 745 norum
230 700 321 756 regi
340 700 534 756 Henrico,
564 698 650 743 filio
680 699 852 743 victoris
881 702 923 743 et
940 699 1076 743 incliti
1097 698 1308 742 Cuonradi
1327 697 1610 742 Romanorum
1644 672 1717 710 Apr.

50 778 317 837 imperatoris
338 777 517 834 augusti,
543 776 675 821 frater
695 775 911 821 Wibaldus
932 776 1014 821 Dei
1041 777 1178 833 gratia
1198 776 1460 821 Corbeiensis
1482 775 1610 820 abbas

51 855 230 901 salutem
257 856 304 900 in
333 869 395 911 eo,
428 855 500 912 qui
530 854 603 898 dat
633 854 811 899 salutem
838 855 1007 911 regibus
1019 852 1042 899 ¹.

87 963 89 965 -
168 933 260 987 Qua
288 933 519 978 devotionis
555 933 758 977 instantia
792 934 839 977 in
868 933 1044 977 concilio
1074 932 1272 977 Remensi
1300 932 1503 976 fuerimus
1533 944 1611 989 pro

51 1011 280 1057 stabilitate
316 1011 436 1068 regni
473 1011 592 1056 vobis
631 1011 656 1055 a
685 1010 775 1055 Deo
814 1010 956 1054 collati
993 1014 1036 1054 et
1071 1024 1148 1068 pro
1186 1011 1443 1054 incremento
1481 1009 1613 1054 vestri

50 1090 236 1147 honoris,
267 1089 520 1134 arbitramur
550 1090 652 1133 satis
684 1089 954 1134 excellentiae
974 1092 1140 1133 vestrae
1168 1102 1259 1133 esse
1278 1087 1539 1132 notificatum
1559 1087 1612 1131 ab

49 1168 138 1226 his,
179 1169 252 1226 qui
287 1168 411 1212 rebus
449 1168 687 1212 interfuere.
752 1167 967 1224 Siquidem
1009 1167 1060 1211 de
1097 1166 1180 1211 fide
1217 1170 1362 1210 nostra
1401 1169 1443 1210 et
1473 1165 1611 1209 studio

51 1247 164 1291 circa
181 1249 346 1291 vestrae
365 1259 568 1304 personae
591 1250 632 1290 et
650 1246 770 1302 regni
790 1246 919 1290 vestri
938 1248 1159 1303 provectus
1180 1244 1429 1289 sublimitati
1448 1247 1614 1288 vestrae

51 1324 290 1369 nullatenus
322 1324 403 1368 erit
433 1324 720 1369 dubitandum.
768 1323 919 1380 Causa,
951 1337 1025 1368 cur
1046 1323 1100 1367 ad
1118 1326 1303 1368 vestram
1323 1322 1614 1367 celsitudinem

53 1424 110 1434 --
130 1406 227 1461 post
254 1402 389 1446 multa
407 1403 550 1458 verba,
582 1416 688 1459 quae
716 1415 811 1446 cum
831 1403 1034 1458 magistro
1054 1401 1251 1458 Henrico,
1282 1404 1447 1446 vestrae
1474 1400 1614 1444 curiae

52 1481 230 1538 notario,
262 1481 314 1525 de
344 1481 479 1525 salute
510 1483 553 1524 et
581 1480 867 1525 incolumitate
896 1483 1051 1537 vestra,
1083 1480 1134 1524 de
1159 1480 1399 1538 provisione
1430 1482 1473 1523 et
1503 1478 1615 1522 ordi-

52 1559 224 1604 natione
261 1562 385 1616 atque
424 1559 723 1615 gubernatione
761 1559 882 1615 regni
910 1559 1043 1603 vestri
1082 1558 1258 1603 sollicite
1296 1572 1432 1620 nuper
1467 1557 1615 1602 habui-

53 1650 148 1681 mus
168 1644 240 1668 —·
270 1637 373 1681 haec
403 1640 480 1693 est,
512 1637 623 1694 quod
652 1636 872 1682 Fuldensis
903 1634 1083 1682 electus²
1112 1637 1161 1681 in
1189 1637 1350 1681 abbatis
1370 1650 1525 1680 nomen
1544 1636 1615 1680 be-

53 1715 192 1760 nedici
220 1715 438 1771 detrectat,
470 1718 512 1759 et
541 1718 735 1773 preterea
762 1715 924 1760 inutilis
956 1716 982 1760 a
1010 1715 1223 1773 plerisque
1252 1715 1506 1773 predicatur.
1570 1713 1616 1758 Si

56 1807 155 1850 ergo
195 1797 358 1837 amotus
395 1793 542 1849 fuerit,
582 1794 633 1838 de
674 1808 754 1850 quo
793 1794 963 1851 quidem
999 1808 1085 1838 non
1120 1794 1425 1849 dubitavimus,
1466 1806 1562 1836 cum
1593 1792 1619 1836 a

54 1871 196 1916 Remis
226 1871 456 1927 exiremus,
497 1874 597 1915 tunc
628 1871 864 1916 imminebit
892 1875 1057 1917 vestrae
1085 1871 1220 1916 indoli
1248 1871 1433 1929 plurima
1463 1870 1618 1914 sollici-

53 1949 177 2006 tudo,
215 1963 268 1993 ne
300 1949 451 2006 aliquis
481 1949 716 1993 novitatum
752 1953 891 1994 motus
929 1950 974 1994 in
1002 1950 1256 1994 monasterio
1288 1949 1489 1993 Fuldensi
1518 1949 1617 1992 obo-

54 2027 202 2084 riatur,
234 2031 298 2072 set
327 2028 436 2071 sicut
465 2020 656 2085 proxime
677 2027 767 2072 Deo
787 2028 1020 2085 inspirante
1048 2028 1261 2086 sapienter
1292 2030 1334 2071 et
1364 2031 1532 2071 strenue
1564 2026 1618 2069 ad

55 2105 255 2150 honorem
292 2109 461 2150 sanctae
498 2106 646 2149 matris
683 2109 852 2150 nostrae
887 2106 1098 2150 Romanae
1136 2106 1336 2150 ecclesiae
1375 2109 1417 2150 et
1453 2107 1618 2149 vestrae

57 2183 272 2239 dignitatis
304 2187 454 2228 cuncta
482 2183 640 2228 ibidem
669 2184 919 2242 perfecistis,
950 2185 1012 2228 ita
1043 2188 1084 2229 et
1105 2197 1216 2228 nunc
1236 2183 1456 2239 magnifice
1477 2183 1619 2227 omnia

56 2261 103 2306 in
132 2266 402 2318 angmentum
431 2262 561 2306 vestri
591 2261 760 2306 honoris
799 2262 876 2307 sub
906 2265 1048 2307 vestra
1082 2262 1297 2320 presentia
1333 2275 1429 2306 cum
1463 2274 1619 2316 magna

57 2339 196 2396 quiete
227 2343 270 2384 et
299 2340 522 2398 disciplina
551 2340 699 2397 peragi
726 2340 904 2384 faciatis.
1014 2340 1198 2396 Etenim,
1229 2340 1452 2384 karissime
1481 2339 1617 2394 nobis,

57 2417 260 2473 dignitate
277 2418 445 2474 quidem
466 2422 508 2462 et
529 2418 790 2462 ordinatione
812 2418 991 2474 domine,
1009 2419 1084 2462 sed
1105 2418 1255 2462 affectu
1273 2417 1347 2474 fili,
1363 2418 1441 2461 hoc
1454 2420 1619 2461 vestrae

56 2494 358 2551 intelligentiae
389 2510 551 2540 summo
583 2496 720 2540 studio
752 2496 1014 2551 suggerimus
1045 2499 1087 2540 et
1111 2497 1348 2551 suademus,
1378 2498 1426 2538 ut
1455 2496 1620 2551 patrem

57 2575 244 2617 vestrum
273 2587 430 2631 papam
458 2574 709 2630 Eugenium,
742 2574 814 2630 qui
838 2587 912 2618 vos
938 2574 1236 2630 benignissime
1266 2571 1500 2627 honoravit,
1531 2573 1619 2614 toto
1688 2569 1690 2571 ’

59 2650 198 2694 animo
220 2651 418 2708 diligatis,
449 2665 526 2696 nec
547 2651 724 2696 decretis
745 2651 879 2708 ipsius
909 2664 958 2695 ac
980 2654 1268 2695 sacrosanctae
1288 2650 1436 2694 matris
1456 2652 1622 2692 vestrae

58 2726 271 2773 Romanae
311 2728 509 2774 ecclesiae
548 2729 954 2787 promulgationibus
986 2729 1160 2774 alicuius
1190 2729 1392 2772 instinctu
1422 2726 1620 2780 obvietis3

59 2805 135 2851 sed
163 2806 201 2850 si
229 2820 306 2864 pro
336 2807 598 2865 principibus
629 2811 754 2864 atque
784 2807 877 2851 aliis
897 2806 1089 2852 fidelibus
1110 2807 1262 2852 vestris
1282 2804 1622 2851 intercedendum

155 2910 183 2932 a.
210 2910 290 2933 nunc
311 2902 478 2933 scribamus
499 2904 547 2933 vel
567 2904 662 2933 simile
685 2903 760 2942 quid
781 2903 930 2934 excidisse
949 2903 1074 2934 videtur.

155 2960 187 2995 1.
213 2960 272 2996 Ps.
292 2960 371 3006 143,
391 2961 448 2996 10.
543 2960 578 2996 2.
603 2961 806 3007 Roggerus.

126 3023 230 3058 Jnni,
252 3026 442 3056 Bibliotheca.
462 3027 485 3055 1.
1295 3027 1337 3062 11
