1924 3288
586 223 785 254 WIBALDI
813 221 1034 253 EPISTOLA
1063 219 1133 251 150.
1554 207 1641 250 245

76 321 358 376 induceretur,
381 319 543 364 efficere
563 319 783 363 laboravit.
822 317 955 362 Extat
977 316 1154 374 epistola
1166 314 1189 372 ¹,
1210 316 1257 360 in
1278 329 1360 373 qua
1378 315 1641 373 persuasioni
1680 316 1772 354 1148

77 399 166 444 eius
198 401 240 443 et
269 399 530 456 quorundam
562 398 748 441 virorum
778 410 864 440 non
894 396 1060 440 obscuri
1082 394 1264 438 nominis
1284 393 1591 452 respondimus.

193 476 368 522 Reversi
399 476 451 520 ab
483 476 749 533 expeditione
772 474 962 519 Sclavica
989 474 1035 517 in
1060 473 1282 517 nativitate
1310 473 1457 517 beatae
1484 471 1643 515 Mariae
1682 480 1772 516 1147

78 542 133 587 ..'
157 569 284 612 quam
314 555 393 599 etsi
423 554 606 611 peccatis
639 553 903 609 exigentibus
934 566 1019 596 non
1052 551 1276 596 efficaciter
1299 554 1362 595 set
1382 553 1525 594 tamen
1546 550 1643 594 obe·
1668 529 1751 569 Μ’
1768 530 1786 560 8

76 633 240 678 dienter
269 633 585 690 complevimus,
618 632 672 675 ad
702 645 827 688 quam
851 645 928 674 nos
949 633 1139 675 traxerat
1160 633 1202 674 et
1222 630 1475 673 christianae
1496 628 1644 672 salutis

75 713 253 756 intuitus
286 715 328 755 et
358 710 552 769 specialis
583 709 829 753 monasterii
859 708 995 752 nostri
1026 721 1171 764 causa,
1203 722 1280 765 pro
1310 707 1552 765 recipienda
1580 707 1643 750 vi-

77 791 227 835 delic-et
264 790 434 846 regione
451 818 455 822 -
470 789 671 846 quadam,
713 801 819 844 quae
852 787 876 830 a
907 786 1175 829 Theutonicis
1205 786 1388 841 Ruiana,
1428 786 1453 829 a
1483 785 1644 829 Sclavis

77 872 217 913 autem
245 868 364 912 Rana
395 867 561 923 dicitur,
594 880 700 923 quae
732 865 976 909 Corbeiensi
1006 865 1262 908 monasterio
1293 864 1505 921 imperiali
1535 864 1643 907 dono

76 947 228 992 collata
267 949 330 990 est
369 946 394 990 a
422 945 623 989 Lothario
655 957 824 988 caesare
853 968 908 974 —
937 943 1175 987 invenimus
1208 943 1452 986 aecclesiam
1484 941 1646 986 assultu

75 1025 255 1084 predicti
284 1024 466 1068 hominis
497 1022 724 1078 turbatam,
756 1022 851 1079 plus
883 1021 1070 1065 dolentes
1104 1034 1151 1065 ac
1171 1024 1404 1065 metuentes
1427 1021 1478 1064 de
1497 1021 1645 1064 fraude

77 1117 126 1148 ac
154 1102 332 1162 perfidia
362 1116 519 1157 eorum,
553 1101 624 1157 qui
655 1100 876 1145 consilium
907 1103 949 1144 et
978 1100 1234 1144 adiutorium
1254 1099 1317 1142 illi
1337 1099 1644 1157 impenderant,

78 1196 204 1240 quam
234 1182 285 1225 de
316 1181 449 1239 ipsius
480 1180 730 1224 temeritate.

195 1259 319 1304 Anno
350 1259 551 1317 preterito
581 1258 738 1301 fuimus
760 1258 932 1301 Treveri
958 1257 1002 1311 in
1024 1257 1143 1300 curia
1163 1257 1306 1300 domni
1327 1269 1475 1313 papae.
1523 1255 1644 1299 Unde
1700 1261 1793 1297 1148

77 1353 172 1384 cum
209 1338 347 1394 gratia
384 1340 426 1382 et
457 1336 710 1394 apostolicae
741 1335 1043 1380 benedictionis
1075 1335 1342 1379 roboratione
1371 1337 1643 1390 revertentes,
1667 1311 1828 1342 Ian’Febr‘

78 1417 313 1475 accepimus
348 1416 512 1460 litteras
552 1415 605 1459 ad
637 1414 933 1458 Corbeiensem
964 1413 1209 1457 aecclesiam
1238 1413 1385 1470 plenas
1415 1413 1571 1456 favoris
1603 1415 1646 1456 et

77 1497 210 1540 bonae
242 1495 353 1553 spei,
384 1495 430 1538 in
461 1493 611 1551 quibus
642 1493 899 1549 continetur,
939 1496 987 1535 ut
1018 1491 1290 1536 Corbeienses
1320 1505 1397 1535 nos
1427 1494 1644 1548 tamquam

78 1575 176 1619 boni
207 1577 249 1618 et
278 1573 457 1617 humiles
487 1571 565 1615 filii
595 1571 817 1627 diligerent
847 1574 889 1614 et
918 1571 1194 1626 honorarent,
1236 1573 1360 1627 atque
1398 1572 1446 1612 ut
1483 1569 1644 1626 pastori

77 1666 152 1696 suo
191 1651 439 1707 condignam
478 1651 599 1695 nobis
629 1650 909 1694 reverentiam
951 1652 993 1692 et
1029 1649 1309 1693 obedientiam
1338 1647 1644 1705 impendenteS,

78 1731 132 1775 ad
160 1730 468 1788 recuperandas
510 1732 552 1772 et
580 1728 820 1772 retinendas
851 1728 1137 1785 possessiones
1169 1731 1210 1771 et
1241 1727 1351 1770 bona
1381 1725 1645 1770 Corbeiensis

79 1808 304 1853 aecclesiae
341 1807 520 1851 viriliter
560 1803 838 1850 assisterent2.
902 1805 996 1849 Non
1035 1805 1195 1862 profuit
1224 1808 1313 1848 tam
1342 1805 1538 1861 frequens
1569 1818 1646 1848 sua

79 1886 299 1944 depositio,
330 1888 420 1929 tam
441 1885 588 1929 crebra
606 1887 751 1928 nostra
773 1883 1047 1939 confirmatio,
1074 1886 1163 1927 tam
1183 1897 1456 1941 perseverans
1478 1886 1645 1940 aposto-

77 1965 183 2009 licae
215 1963 498 2008 auctoritatis‘¹
529 1963 681 2017 iussio3
716 1963 947 2006 seminatur
977 1965 1092 2006 terra
1120 1962 1372 2017 mendaciis,
1414 1961 1645 2005 seminatur

80 2043 300 2099 scandalis,
333 2045 387 2098 et,
419 2044 467 2084 ut
496 2055 587 2085 mos
620 2044 684 2085 est
713 2042 871 2096 gentis,
908 2040 1025 2097 prius
1056 2040 1270 2084 hominem
1298 2039 1406 2084 falsa
1437 2039 1644 2083 delatione

80 2121 297 2177 suffocant,
331 2134 457 2177 quam
487 2120 579 2176 ipse
610 2133 700 2163 sese
732 2119 875 2176 appeti
904 2118 1125 2174 intelligat.

197 2199 399 2243 Venimus
431 2199 484 2242 ad
516 2198 722 2255 synodum
757 2197 1026 2252 Remensem,
1068 2210 1173 2253 quae
1211 2196 1419 2240 celebrata
1458 2198 1522 2239 est
1556 2209 1644 2239 me-
1667 2207 1755 2238 Mart.
1770 2208 1807 2237 21

82 2278 222 2322 diante
263 2277 603 2334 quadragesima,
642 2276 714 2319 ubi
753 2275 930 2318 domnus
961 2288 1094 2332 papa,
1133 2274 1229 2332 paci
1269 2277 1310 2318 et
1346 2273 1644 2330 tranquillitati

82 2355 344 2400 Corbeiensis
377 2355 601 2399 aecclesiae
631 2354 853 2411 providere
881 2352 1038 2408 volens,
1072 2352 1340 2407 sentenciam,
1374 2366 1500 2408 quam
1519 2366 1643 2395 vene-

80 2434 225 2478 rabilis
256 2437 377 2491 pater
396 2437 540 2477 noster
559 2433 694 2476 bonae
715 2430 942 2475 memoriae
963 2431 1158 2487 Thomas,
1189 2430 1398 2488 presbiter
1418 2429 1642 2473 cardinalis

83 2515 125 2555 et
156 2512 407 2569 apostolicae
438 2512 549 2556 sedis
579 2511 755 2566 legatus,
786 2509 831 2552 in
862 2508 1127 2565 Heinricum,
1160 2508 1369 2565 quondam
1399 2508 1643 2551 monasterii

85 2590 269 2634 eiusdem
301 2589 508 2644 abbatem,
541 2589 679 2632 verbis
712 2587 839 2642 dedit,
869 2587 1009 2630 verbis
1041 2590 1083 2630 et
1114 2586 1269 2643 scripto
1301 2583 1597 2629 confirmavit³.
1666 2595 1738 2635 Apr.
1756 2596 1775 2626 5

203 2665 441 2712 Sententia⁴
461 2681 560 2711 vero
581 2666 760 2724 predicti
781 2664 1005 2709 cardinalis
1033 2667 1074 2708 et
1093 2663 1234 2719 legati,
1267 2678 1392 2720 quam
1424 2665 1535 2721 apud
1566 2678 1642 2708 nos
1686 2672 1777 2708 1146

85 2746 284 2803 scriptam
316 2749 357 2789 et
386 2745 569 2801 imagine
599 2744 732 2802 ipsius
765 2744 1028 2799 obsignatam
1048 2742 1263 2798 habemus,
1295 2741 1396 2785 haec
1417 2742 1516 2786 fuit:
1549 2744 1641 2787 Nos
1666 2721 1752 2752 Mart·
1769 2723 1806 2752 ²¹

179 2833 206 2853 a.
233 2823 399 2854 actoritatis
422 2823 489 2853 cod.

179 2882 212 2917 1.
236 2881 283 2917 V.
300 2891 358 2926 ep.
373 2881 441 2917 136
459 2891 570 2926 supra
585 2891 620 2926 p.
639 2880 706 2915 211
722 2889 776 2925 sq.
833 2879 868 2915 2.
893 2879 938 2915 V.
959 2888 1016 2924 ep.
1031 2878 1076 2914 76
1094 2887 1204 2922 supra
1220 2888 1256 2922 p.
1272 2878 1351 2913 151.
1406 2878 1440 2913 3.
1459 2877 1505 2914 V.
1523 2888 1578 2923 ep.
1593 2878 1640 2914 84

84 2951 193 2986 supra
223 2951 260 2986 p.
279 2940 348 2976 158
379 2940 454 2977 dat.
472 2940 566 2977 1148
596 2939 688 2986 Apr.
705 2939 740 2975 5.
811 2938 846 2975 4.
877 2939 952 2975 lata
982 2937 1238 2976 Paderbornae
1268 2937 1305 2974 d.
1328 2937 1373 2975 21
1405 2937 1510 2976 Mart.
1536 2938 1638 2976 1146.

83 2999 128 3037 V.
155 3010 266 3047 supra
289 3010 324 3047 p.
342 2999 424 3039 232.
