1924 3288
514 203 714 234 WIBALDI
742 202 990 234 amsi-omn
1019 202 1069 233 55.
1090 202 1141 233 56.
1523 191 1607 236 133

43 297 267 357 privilegia
295 297 494 343 ecelesiae
525 312 638 354 suae,
670 299 738 342 cui
758 299 921 356 primus
942 302 1098 356 preest,
1131 296 1369 342 confirmari
1389 299 1510 356 petit,
1541 299 1607 343 vir
1631 302 1724 339 1147

42 384 214 435 pauper>
232 376 358 421 rebus
389 379 454 420 set
483 377 645 421 meritis
677 377 807 432 dives,
841 376 913 433 qui
942 376 988 420 in
1017 376 1110 432 lege
1139 376 1244 420 Dei·
1274 376 1506 421 meditatur
1536 378 1604 422 die
1648 352 1713 383 ⁰⁰&

43 466 97 500 ae
119 453 256 511 nocte,
288 457 332 499 et
358 454 553 498 voluntas
585 455 672 498 eius
702 454 749 498 in
771 468 821 498 ea
841 455 1080 511 scrutando,
1113 454 1345 511 scribendo,
1376 455 1442 498 vir
1461 456 1606 513 utique

41 545 219 589 magnae
249 532 526 577 abstinentiae
557 536 599 576 et
628 533 744 576 carni
775 547 875 576 suae
905 533 1114 576 inimicus.
1163 532 1295 585 Quem
1323 547 1401 590 pro
1430 533 1511 577 Dei
1541 533 1605 577 di-

40 610 218 655 lectione
246 613 290 655 et
317 614 463 655 nostra
492 611 852 654 commendatione
884 610 1111 655 clementer
1142 611 1388 655 exaudietis.

43 751 124 800 56.
155 755 393 799 Βάηανάω·
423 755 550 798 abbas
569 754 885 797 Reinelmsensis
914 754 1103 798 Wibaldo
1134 757 1275 799 scribit
1304 756 1355 798 de
1387 756 1473 798 eius
1504 771 1604 813 crya

155 842 200 870 ce
229 827 495 887 beneficentia
525 834 563 870 et
592 827 643 869 de
672 842 750 869 sua
781 833 965 883 eyestate.
1416 825 1488 879 (M.
1513 826 1601 881 36.)

158 915 323 960 Domno
339 914 532 960 wibaldo
561 915 795 960 Reinardus
815 915 1127 972 qualiscunque,
1157 915 1424 960 fidelissimus
1444 919 1601 973 tamen,
1627 922 1746 958 1147?

41 993 236 1051 quicquid
266 993 440 1037 dulcius.

158 1071 207 1116 In
238 1071 384 1116 multis
415 1075 457 1116 et
486 1071 649 1127 magnis
680 1069 892 1115 beneficiis
922 1071 1028 1127 tuis,
1068 1071 1285 1115 hominum
1317 1071 1600 1127 dilectissime,

38 1153 178 1194 mutas
215 1150 293 1194 tibi
328 1149 513 1205 litteras,
552 1150 590 1193 si
627 1152 772 1193 tamen
806 1153 966 1205 mutas,
1007 1150 1176 1193 mittere
1207 1149 1363 1193 curavi.
1409 1149 1467 1192 Et
1496 1150 1601 1207 ipsis

39 1228 208 1286 quidem
236 1226 448 1272 beneficiis
475 1228 559 1271 tuis
583 1227 890 1285 qualescunque
911 1231 1050 1284 grates
1070 1227 1223 1271 vellem
1242 1227 1485 1285 rependere,
1517 1228 1601 1271 nisi

38 1307 201 1363 scirem,
231 1307 462 1362 gratuitum
491 1306 648 1350 bonum
667 1308 788 1349 tuum
807 1304 1047 1349 nullatenus
1069 1319 1138 1350 eas
1158 1306 1386 1363 requirere.
1424 1305 1600 1349 Verum-

37 1387 179 1429 tamen
207 1385 431 1442 parturitio
463 1384 600 1428 cordis
625 1384 710 1428 mei
727 1397 993 1440 nequaquam
1011 1385 1186 1441 patitur,
1219 1384 1270 1428 de
1289 1384 1482 1428 interiori
1502 1397 1599 1427 con-

37 1463 228 1520 ceptione
256 1463 369 1506 foras
399 1462 529 1506 nichil
559 1476 790 1523 erumpere.
839 1461 947 1514 Quid
976 1465 1119 1506 tamen
1141 1463 1279 1506 dicere
1299 1476 1485 1520 possum,
1515 1462 1599 1506 nisi

37 1541 136 1598 quia
164 1543 232 1597 tu,
264 1541 372 1584 sicut
402 1540 572 1597 quidam
603 1540 724 1597 dicit,
758 1540 864 1584 alter
894 1540 1006 1584 idem
1036 1541 1141 1584 mihi
1170 1541 1288 1597 facis,
1321 1541 1432 1597 quod
1460 1541 1599 1585 faeere

36 1618 189 1663 debes?
233 1618 368 1663 Huius
415 1619 526 1663 enim
572 1619 803 1663 sententiae
848 1619 1026 1662 veritate
1068 1618 1351 1674 considerata,
1398 1619 1598 1675 quodam-

0 1735 2 1737 ,
36 1694 159 1740 modo
178 1696 340 1741 viscera
359 1687 432 1741 tua
450 1697 625 1752 largiter
654 1697 699 1740 in
728 1710 797 1740 me
827 1697 943 1740 foves
974 1700 1028 1752 et,
1060 1697 1165 1740 mihi
1186 1697 1383 1754 quicquid
1402 1697 1599 1754 inpertiri

36 1774 206 1831 videris,
236 1774 384 1832 procul
414 1775 539 1819 dubio
569 1775 735 1819 tibimet
763 1775 848 1832 ipsi
877 1775 1248 1832 proportionaliter
1277 1775 1505 1832 inpendere
1529 1789 1598 1819 co-

37 1852 261 1909 gnoseeris.
307 1851 420 1896 Bene
450 1852 554 1908 legis
587 1856 629 1896 et
657 1852 858 1908 intelligis
885 1853 990 1896 illud
1019 1853 1185 1897 divinae
1205 1854 1452 1897 mandatum
1470 1853 1595 1909 legis:

38 1931 319 1990 Quodcunque
354 1932 492 1986 vultis,
530 1939 576 1973 ut
602 1931 772 1990 faciant
806 1933 920 1975 vobis
956 1931 1157 1986 homines,
1199 1931 1275 1974 hoc
1306 1940 1345 1975 et
1372 1948 1443 1975 vos
1463 1931 1598 1990 facite

0 2036 3 2041 -
34 2009 116 2052 illis
127 2004 149 2051 ¹.
203 2007 432 2064 Siquidem,
471 2009 507 2052 si
536 2011 634 2053 tuae
664 2008 776 2052 vitae
807 2011 941 2052 status
973 2009 1035 2052 sic
1065 2011 1176 2052 esset
1206 2009 1437 2065 ordinatus,
1473 2012 1520 2053 ut
1549 2012 1597 2053 tu

34 2086 79 2129 in
110 2089 294 2142 egestate
323 2087 486 2144 positus
518 2087 699 2130 amioum
730 2086 989 2144 superiorem
1019 2089 1061 2130 te
1092 2086 1251 2131 divitiis
1283 2090 1325 2131 et
1353 2087 1501 2145 opibus
1521 2087 1595 2132 hae

34 2163 168 2220 beres,
198 2163 299 2208 licet
326 2178 412 2208 non
442 2164 644 2220 exigeres,
677 2165 714 2208 si
743 2167 886 2209 tamen
914 2164 1028 2208 illius
1052 2164 1291 2209 voluntaria
1313 2165 1597 2210 benivolentia

34 2245 76 2286 te
111 2243 358 2300 respiceret,
397 2242 575 2286 fortasse
610 2256 695 2286 non
725 2243 940 2287 abnueres.
989 2242 1084 2286 Non
1113 2257 1181 2287 me
1213 2277 1368 2288 .....
1399 2258 1478 2288 nec
1507 2259 1594 2289 me-

33 2320 192 2364 moriae
231 2321 387 2364 excidit
422 2320 497 2364 illa
527 2320 709 2364 Tulliani
748 2320 902 2376 dialogi
939 2321 1147 2364 sententia
1185 2321 1236 2365 de
1268 2322 1472 2378 amicitia,
1513 2337 1596 2379 qua

34 2398 95 2442 sio
125 2397 245 2442 dicit:
283 2401 438 2442 Amare
468 2399 594 2442 nichil
624 2407 681 2441 est
711 2400 828 2442 aliud
855 2401 936 2442 nisi
966 2416 1058 2442 eum
1087 2401 1222 2457 ipsum
1253 2401 1435 2458 diliyere,
1474 2418 1594 2460 quem

35 2492 162 2531 amas,
194 2477 309 2520 nulla
338 2478 577 2535 indiqentia,
610 2477 725 2519 nulla
750 2469 923 2520 utilitate
947 2478 1127 2535 quesita5
1159 2493 1265 2536 quae
1285 2485 1420 2521 tamen
1439 2479 1594 2521 utilitas

33 2555 127 2612 ipsa
157 2553 378 2614 efflorescit
407 2570 457 2597 ex
489 2555 683 2608 amicitia,
718 2555 791 2597 etsi
821 2562 864 2596 tu
896 2570 986 2597 eam
1015 2556 1150 2597 minus
1170 2563 1328 2598 secutus
1346 2551 1436 2598 sis²⁸
1483 2555 1591 2598 Nam

35 2633 77 2674 et
106 2644 181 2687 ego
211 2634 254 2675 te
285 2630 427 2687 dilexi,
467 2631 576 2675 sicut
604 2631 696 2688 ipse
726 2631 851 2686 nosti,
883 2644 977 2674 cum
1008 2644 1085 2675 nec
1116 2645 1190 2687 ego
1221 2631 1309 2674 ulla
1338 2635 1499 2676 artarer
1527 2634 1591 2676 in-

34 2707 238 2765 digentia,
269 2712 414 2766 utpote
443 2709 548 2753 mihi
579 2708 789 2753 sufficiens
820 2709 865 2752 in
894 2708 960 2752 his
993 2703 1098 2766 quae
1129 2709 1356 2765 dabantur,
1387 2723 1464 2754 neo
1493 2713 1590 2755 tuus

34 2788 168 2830 status
197 2787 243 2830 in
275 2800 322 2830 eo
353 2800 494 2830 rerum
524 2801 674 2843 genere
706 2786 963 2843 consisteret,
994 2790 1042 2830 ut
1064 2787 1227 2831 animus
1247 2801 1365 2832 meus
1386 2787 1469 2832 tale
1491 2789 1591 2846 quid

35 2876 87 2908 ex
115 2867 158 2908 te
187 2864 268 2908 sibi
298 2878 531 2922 proponere
560 2865 628 2909 vel
659 2867 855 2922 expetere
882 2867 1035 2922 posset.
1083 2865 1205 2909 Nunc
1239 2868 1380 2910 autem
1411 2865 1589 2913 aliorum

130 2951 156 2972 a..
185 2941 214 2972 d’
235 2954 260 2972 c.

129 2993 162 3030 1.
192 2993 321 3031 Matth.
339 2995 372 3042 7,
391 2995 446 3031 12.
541 2996 576 3031 2.
605 2994 681 3033 Cio.
707 2994 753 3032 de
777 2993 939 3031 amicitia
962 2993 1020 3041 27,
1046 2994 1125 3032 100.
