1924 3288
309 183 398 228 294
811 198 1010 230 wmALm
1037 198 1254 232 nms'rom
1285 199 1354 231 1⁷3.

191 293 283 331 1149
307 294 430 335 terna
457 304 534 349 per
563 291 701 336 Iesum
733 292 946 338 Christum
965 293 1176 340 liberatos.
1222 295 1313 340 Hoc
1331 309 1484 341 nomen
1501 296 1719 343 invocetur
1737 302 1863 358 super

307 381 404 425 nos,
443 369 554 426 quod
591 383 675 414 non
709 371 851 428 perdit
878 371 1071 417 innoxios
1109 386 1187 418 nec
1217 373 1353 417 salvat
1380 377 1597 431 nocentes3
1633 375 1862 434 invocetur,

307 446 498 503 inquam,
537 461 623 491 non
653 448 847 492 obdurati
878 449 1014 494 cordis
1045 453 1087 495 et
1115 449 1294 495 infidelis
1326 452 1411 496 oris
1441 450 1621 510 alloquio
1647 453 1716 498 ‘set
1737 453 1863 499 'inflo-

308 525 468 568 centiae
499 528 542 568 et
570 525 769 583 puritatis
801 527 1011 585 obsequio.
1121 527 1319 572 Preterea
1345 542 1431 573 non
1450 529 1696 576 dissimilem
1713 531 1863 590 imple&-

307 603 408 646 tatis
431 616 615 650 errorem
635 603 861 648 incurrisse
882 605 1083 662 argueris,
1114 606 1160 649 in
1188 619 1236 650 eo
1258 605 1430 663 scilicet,
1461 607 1572 664 quod
1589 611 1864 654 mercatorem

307 680 528 736 quendam,
551 680 808 725 secularibus
835 682 914 726 tibi
933 686 976 727 et
994 683 1217 741 prohibitis
1239 685 1496 729 commerciis
1518 686 1677 730 socium
1697 689 1740 731 et
1758 687 1863 732 ami-

306 771 415 813 cum,
447 757 881 804 anathematizaveris.
945 759 1062 804 Soles
1094 762 1220 818 enim,
1251 763 1440 806 tractatis
1469 766 1659 808 recenter
1686 763 1863 811 vivificis

306 836 601 892 sacramentis,
640 840 762 881 extra
799 837 1040 882 aecclesiam
1076 839 1122 883 in
1152 839 1404 883 cimiterium
1432 841 1612 885 fratrum
1641 841 1778 898 exire,
1814 845 1864 886 ut

306 913 404 957 inde
432 913 570 971 possis
598 915 801 972 oppidum
820 915 1109 972 Horenhusen,
1144 917 1255 974 quod
1274 918 1320 961 in
1338 917 1449 962 valle
1469 918 1597 963 situm
1617 921 1694 976 est,
1721 919 1862 978 despi-

306 1005 400 1035 cere
431 995 486 1047 et,
518 992 800 1049 contemplata
828 993 951 1037 domo
981 994 1045 1036 tui
1075 994 1244 1051 sodalis,
1274 995 1415 1052 ipsum
1436 999 1478 1040 et
1495 1010 1670 1041 uxorem
1691 1010 1743 1042 ae
1757 996 1862 1042 libe-

305 1082 374 1112 ros
406 1070 777 1114 excommunicare.
826 1070 926 1122 Quis
957 1074 999 1114 te
1030 1072 1247 1116 constituit
1275 1073 1509 1131 principem
1537 1073 1712 1132 populi?
1735 1073 1864 1123 ,Cum

305 1146 360 1190 ad
394 1147 636 1204 presbiterii
671 1148 848 1204 gradum
895 1149 1143 1205 ascendisti,
1189 1153 1442 1207 potestatem
1484 1152 1693 1210 accepisti>
1718 1165 1862 1197 eonse-
1898 1149 1902 1153 ’

305 1224 451 1268 crandi
471 1238 622 1282 corpus
644 1228 686 1270 et
705 1226 952 1282 sanguinem
972 1226 1157 1283 Domini,
1185 1241 1270 1271 non
1289 1231 1541 1285 potestatem
1559 1229 1720 1286 ligandi
1737 1233 1863 1288 atquc

305 1301 505 1346 solvendi.
551 1302 672 1347 Hanc
699 1307 954 1361 potestatem
974 1305 1135 1362 accepit
1155 1305 1356 1350 aecclesia
1384 1306 1588 1351 catholica
1617 1320 1712 1352 cum
1740 1307 1864 1361 beato

302 1379 442 1435 Petro,
474 1383 539 1424 set
568 1394 654 1424 non
685 1384 749 1425 est
779 1381 930 1425 diffusa
959 1382 1005 1425 in
1034 1396 1192 1439 omnes,
1224 1384 1295 1440 qui
1325 1384 1572 1428 sacerdotali
1602 1383 1737 1430 officio
1765 1385 1863 1431 fun-

303 1460 480 1513 guntur,
520 1461 585 1502 set
615 1459 675 1503 eis
705 1462 871 1503 tantum
901 1459 1072 1516 collata,
1112 1460 1184 1516 qui
1214 1460 1269 1504 ad
1298 1474 1422 1506 curae
1452 1462 1683 1519 spiritualis
1713 1463 1862 1512 ammi-

302 1535 596 1580 nistrationem
617 1536 839 1592 eliguntur.
885 1537 1035 1582 Nonne
1055 1551 1150 1581 cum
1170 1537 1274 1582 talia
1303 1539 1407 1595 agis,
1436 1538 1611 1584 Balaam
1630 1540 1862 1598 prophetae

301 1613 550 1669 recordaris,
582 1614 655 1670 qui
685 1615 738 1658 ad
762 1615 1096 1659 maledicendum
1115 1615 1270 1673 populo
1290 1615 1371 1660 Dei
1391 1617 1578 1661 ascendit
1597 1617 1642 1661 in
1661 1620 1861 1675 montem,

303 1694 346 1735 et
375 1694 540 1735 cecatus
571 1691 778 1736 avariciae
808 1693 1014 1749 tenebris,
1052 1693 1212 1738 tociens
1249 1694 1506 1751 prohibitus,
1543 1695 1645 1739 dum
1673 1695 1861 1753 pertim-

302 1769 407 1813 citer
442 1769 692 1813 maledicere
731 1770 963 1826 desiderat,
1005 1771 1198 1828 copiosae
1241 1771 1541 1816 benedictionis
1576 1786 1732 1817 munus
1765 1786 1862 1818 cum

303 1846 441 1902 gratia
470 1847 722 1904 prophetae⁸
753 1848 955 1892 contulit?
1002 1848 1073 1892 Sic
1091 1849 1351 1906 benedicitis,
1382 1863 1477 1894 cum
1505 1849 1755 1915 maledicere
1783 1864 1862 1908 pu-

302 1925 423 1979 tatis3
457 1928 500 1969 et
529 1925 787 1969 convertitur
815 1926 862 1970 in
890 1940 965 1970 vos
994 1926 1256 1983 maledictio,
1287 1929 1330 1972 ct
1358 1927 1511 1971 transit
1539 1928 1594 1972 ad
1621 1929 1863 1986 proximum

303 2003 552 2047 benedictio.
598 2003 792 2047 Vidimus
830 2003 876 2047 in
912 2003 1161 2060 quibusdam
1196 2004 1302 2048 illud
1338 2004 1582 2063 psalmistae
1617 2005 1861 2064 impletumz

303 2083 566 2139 Priusquam
585 2082 844 2136 humiliarer,
869 2097 941 2140 eqo
963 2083 1125 2140 deliqui
1134 2078 1159 2134 ¹,-
1191 2085 1233 2126 et
1256 2095 1358 2139 quos
1378 2082 1635 2128 lascivientis
1654 2083 1861 2129 lubi-ioum

304 2159 441 2203 carnis
473 2159 699 2215 evertebat,
730 2159 831 2203 facti
861 2159 1130 2204 subiectiores
1162 2162 1204 2203 et
1234 2160 1287 2203 ad
1314 2174 1479 2204 omnem
1499 2160 1686 2218 obsequii
1715 2164 1760 2206 et
1784 2175 1861 2220 pa-

303 2237 478 2280 tientiae
508 2236 667 2280 cultum
696 2237 991 2295 promptiores,
1023 2237 1398 2295 recompensabant
1424 2238 1613 2283 modeste
1642 2238 1860 2284 serviendo

305 2318 347 2358 et
382 2328 520 2359 mores
558 2314 735 2358 aliorum
775 2314 1040 2370 sustinendo,
1084 2315 1282 2372 quicquid
1317 2315 1527 2373 dispendii
1562 2315 1685 2374 lapsu
1721 2316 1860 2362 carnis

305 2392 612 2436 commiserant.
660 2393 724 2436 Tu
759 2405 844 2436 non
884 2392 1003 2436 audis
1032 2392 1172 2437 David
1201 2392 1427 2437 dicentem:
1465 2394 1608 2438 Nolite
1626 2395 1730 2451 fieri
1755 2397 1862 2439 at'aae

306 2486 432 2528 equus
465 2480 503 2515 et
529 2471 666 2514 mulus
674 2467 702 2513 ².
752 2469 825 2514 Set
847 2473 1065 2527 peccatum
1086 2474 1206 2515 tuum
1225 2473 1274 2514 ut
1293 2469 1474 2515 Sodoma
1492 2471 1685 2528 predica-s
1715 2475 1758 2516 et
1775 2485 1860 2518 non

306 2544 549 2592 abscondis³
582 2551 643 2604 et,
675 2547 786 2605 quod
816 2548 1047 2604 pessimum
1079 2551 1163 2604 est,
1199 2547 1437 2592 mentiendo
1467 2549 1644 2593 iurando
1674 2551 1717 2594 et
1744 2549 1860 2594 dete-

304 2626 471 2670 stando·
492 2626 672 2670 fratrum
709 2625 870 2669 animos
901 2624 1088 2670 offendis.
1208 2625 1371 2670 Diceris
1403 2626 1530 2670 etiam
1561 2626 1763 2684 quosdam
1790 2639 1859 2671 ca-

304 2707 488 2747 racteres
518 2703 685 2760 habere,
717 2707 760 2747 et
789 2702 884 2747 illos
908 2703 962 2747 ad
982 2703 1160 2760 quedam
1179 2703 1383 2761 prestigia
1408 2707 1451 2747 et
1471 2704 1698 2749 diabolicas
1716 2704 1859 2749 incan-

304 2781 484 2825 tationes
517 2784 641 2838 atque
671 2795 771 2824 usus
807 2781 1019 2838 improbos
1060 2781 1340 2836 conscribere,
1379 2781 1528 2837 quibus
1558 2795 1612 2826 ne
1640 2781 1858 2838 gentilium

401 2890 427 2911 ι.
445 2881 545 2924 ‘ppiie
566 2893 591 2912 e.

401 2946 431 2979 1.
458 2945 517 2980 Ps.
539 2945 616 2990 118,
633 2945 690 2981 67.
787 2946 820 2980 2.
847 2945 907 2981 Ps.
925 2946 981 2990 31,
999 2945 1033 2981 9.
1129 2946 1161 2981 3.
1188 2944 1271 2981 lsai.
1288 2945 1321 2990 3,
1339 2945 1373 2980 9.
