1924 3288
310 183 398 228 254
810 194 1008 226 wmALm
1036 193 1255 227 131>1s¹r0LA
1284 193 1354 226 151.

193 293 285 330 1143
309 289 528 347 postmodo
560 290 661 334 satis
691 288 886 344 innotuit,
917 288 1019 346 quid
1048 292 1147 333 tunc
1176 289 1222 332 in
1253 301 1322 332 eos
1352 287 1636 338 moliebatur„
1708 286 1862 338 Natis·-

193 343 279 374 Iunio

310 368 428 424 sime,
452 381 546 412 cum
566 367 611 411 in
637 365 838 410 electione
859 379 1084 411 consensus
1104 364 1197 410 fieri
1215 365 1451 410 nullatenus
1470 365 1690 423 potuisset,
1706 364 1863 421 >mavit

309 445 522 490 sentencia
550 444 669 488 nobis
698 443 916 501 proposita
946 446 1030 500 est,
1061 444 1191 501 quod,
1223 443 1259 487 si
1288 443 1396 488 hanc
1426 442 1862 500 cenommannper„

310 536 455 567 sonam
491 535 574 565 non
609 521 876 577 eligeremuS,
917 534 1068 579 corpus
1098 521 1324 566 venerandi
1353 521 1487 579 patris
1515 520 1652 565 nostri
1677 518 1863 566 Adelbo-

308 600 423 644 ronis
456 599 638 654 abbatis,
677 598 790 643 beati
820 599 964 656 utique
995 599 1106 644 senis
1137 603 1180 644 et
1210 599 1326 643 011108
1356 597 1560 643 memoria
1586 597 1639 642 in.
1662 609 1768 655 paee
1784 598 1863 643 eut

309 678 421 735 apud
455 690 551 733 nos,
591 675 669 720 eici
699 690 753 720 011
783 676 984 720 aecclesia
1012 677 1066 722 ad
1096 676 1390 721 contumeliam
1418 678 1607 721 nostram
1635 674 1729 722 0110.
1745 673 1864 732 aspir.

309 768 508 799 ceremus.
554 753 834 798 Pollicebatur
869 754 1164 799 nichilominus
1194 754 1306 798 idem
1336 767 1495 809 00111οε,
1535 753 1573 797 81
1601 752 1733 799 stater
1750 765 1864 801 mnu

310 832 552 888 eligeretur,
589 831 721 875 multo
760 831 965 878 adiutorio
1012 846 1057 877 se
1096 831 1320 876 aecclesiae
1350 830 1576 876 affuturum
1612 833 1656 877 et
1690 829 1864 890 tamyiu

308 923 488 968 persona
519 923 595 953 sua
624 923 751 966 quam
779 910 825 953 in
854 910 979 954 rebus
1009 923 1055 954 se
1083 908 1263 954 fideliter
1288 912 1330 953 et
1349 909 1500 964 devote
1519 907 1785 960 serviturum.
1802 928 1864 954 ³-

309 987 427 1040 Quod
457 987 635 1045 qualiter
664 986 908 1044 expleverit,
939 1001 1081 1032 rerum
1112 987 1248 1032 exitus
1278 986 1580 1044 comprobavit,
1610 999 1720 1042 cum,
1749 984 1861 1034 iaetu

308 1065 458 1110 abbate
495 1065 641 1109 eodem
678 1064 809 1108 fratre
849 1078 946 1121 suo,
993 1065 1158 1110 assidue
1196 1078 1292 1108 cum
1329 1077 1460 1108 uxore
1500 1077 1578 1108 sua
1605 1066 1649 1109 et
1676 1062 1864 1122 maxima

307 1142 576 1187 multitudine
606 1157 732 1200 super
763 1157 859 1187 eum
889 1146 931 1186 et
961 1142 1204 1187 aecclesiam
1234 1141 1501 1186 incumbebat
1529 1153 1608 1186 nec
1628 1140 1747 1198 prius
1763 1153 1864 1187 em

308 1220 540 1276 deserebat,
579 1234 704 1277 quam
735 1234 956 1276 annonam,
995 1220 1047 1264 de
1077 1233 1160 1277 qua
1189 1223 1277 1264 toto
1309 1233 1416 1263 anno
1446 1218 1633 1263 victurus
1662 1220 1767 1274 erat,
1788 1217 1864 1264 ‚sio

307 1312 480 1355 prorsus
511 1301 839 1356 consumpserat,
872 1298 982 1354 quod
1010 1311 1088 1342 nec
1118 1297 1240 1341 unius
1271 1310 1440 1341 mensae
1471 1309 1624 1354 panem
1649 1294 1863 1342 residuum

308 1376 348 1420 01
386 1375 635 1420 dimittebat.
669 1399 725 1405 -
764 1374 859 1418 Non
896 1375 1038 1432 itaque
1074 1378 1162 1418 tam
1202 1375 1362 1419 inducti
1399 1374 1465 1418 his
1500 1371 1865 1431 promissionibus,

308 1454 463 1511 quippe
499 1466 601 1510 quas
631 1466 761 1496 vanas
793 1466 841 1496 ac
869 1451 997 1496 falsas
1029 1452 1366 1510 suspicabamur,
1407 1465 1533 1508 quam
1563 1450 1751 1509 superati
1777 1452 1864 1497 ter-

306 1531 472 1575 roribus
503 1544 552 1574 ac
581 1531 707 1574 minis
738 1531 840 1586 eius,
873 1543 998 1587 quem
1027 1529 1163 1574 solum
1186 1530 1420 1588 principem
1441 1532 1483 1573 et
1503 1528 1718 1574 dominum
1737 1539 1864 1586 supa}

306 1621 382 1652 nos
421 1608 746 1666 aspiciebamus,
788 1607 972 1652 maxime
1014 1621 1068 1651 ne
1113 1607 1364 1651 contumelia
1401 1605 1625 1662 aecclesiae
1662 1604 1787 1653 flavet
1814 1605 1864 1650 in

307 1686 500 1730 defuncto
519 1689 641 1743 patre
660 1689 818 1741 nostro,
840 1685 901 1728 ita
921 1684 1054 1728 coacti
1073 1684 1249 1728 fratrem
1265 1685 1354 1729 eins
1377 1683 1577 1739 elegimus
1594 1707 1650 1714 ——
1667 1696 1752 1729 non
1770 1680 1864 1728 ausi

307 1763 540 1820 dimittere,
579 1763 690 1820 quod
719 1762 946 1807 voluntatis
977 1762 1066 1806 eius
1097 1775 1188 1806 esse
1219 1762 1510 1820 perspeximus
1532 1786 1587 1791 —
1608 1774 1694 1807 11011
1721 1763 1865 1818 tamen

306 1841 602 1895 communiter3
644 1841 743 1898 quia
779 1841 959 1899 predicti
994 1840 1145 1884 fratres
1176 1841 1221 1884 in
1250 1838 1578 1884 contradictione
1609 1852 1686 1883 sua
1712 1837 1865 1896 persti-

307 1922 449 1962 terunt
483 1922 545 1974 et,
577 1932 692 1974 cum,
726 1919 752 1962 a
781 1919 934 1962 domno
964 1931 1063 1974 rege
1090 1918 1291 1962 multum·
1323 1917 1451 1961 etiam
1479 1916 1612 1961 invito
1642 1929 1692 1960 ac
1718 1915 1865 1963 fiatrifl

306 1996 500 2054 precibus
530 1996 756 2040 constricto
788 1996 1032 2052 investitus,
1073 1996 1124 2040 de
1153 1995 1287 2039 Fulda
1316 1994 1485 2049 rediret,
1515 1993 1580 2037 illi
1609 1992 1866 2051 susceptioni

308 2074 396 2117 eius
418 2088 462 2118 se
483 2074 784 2130 subduxerunt,
817 2077 860 2118 et
881 2073 992 2130 quod
1012 2072 1204 2117 electioni
1224 2073 1327 2129 eius,
1352 2086 1458 2129 quae
1478 2071 1709 2116 secundum
1726 2070 1865 2117 Deum

306 2151 419 2195 facta
454 2165 539 2196 non
576 2155 686 2208 erat,
726 2151 962 2196 consentire
990 2150 1225 2194 noluerunt.
1346 2149 1465 2193 Unde
1495 2153 1538 2194 et
1568 2148 1756 2206 eosdem,
1793 2147 1865 2206 qui

308 2233 428 2273 erant
455 2243 629 2273 numero
661 2232 858 2286 quatuor,
894 2228 1013 2272 nobis
1042 2227 1302 2284 inconsultis,
1333 2240 1471 2271 comes
1501 2230 1544 2271 et
1573 2240 1706 2272 novus
1736 2225 1865 2273 abbas

308 2307 596 2362 exiliaverunt,
627 2320 723 2351 cum
754 2306 924 2364 quidam
955 2319 1008 2350 ex
1038 2305 1112 2362 eis,
1144 2305 1246 2349 satis
1277 2304 1454 2349 eruditib
1486 2307 1528 2348 et
1556 2304 1729 2349 honeste
1751 2302 1865 2363 apud

307 2398 383 2429 nos
419 2385 673 2440 conversati,
712 2383 892 2427 multum
927 2383 952 2427 a
980 2383 1100 2427 nobis
1130 2383 1288 2427 fuerint
1316 2382 1457 2426 dilecti
1486 2395 1563 2426 nec
1593 2382 1685 2427 sine
1711 2393 1866 2438 magno

308 2461 450 2506 dolore
480 2463 566 2506 sint
597 2476 622 2506 a
651 2464 860 2506 conventu
888 2463 1032 2504 nostro
1062 2459 1277 2504 subtracti.
1335 2458 1546 2511 Quendam
1580 2472 1678 2504 vero
1707 2472 1761 2504 ex
1788 2458 1865 2514 eie,

309 2540 379 2596 qui
425 2540 680 2597 presentiam
725 2539 869 2583 domni
912 2552 1047 2596 papae
1090 2536 1448 2594 interpellaverat,
1494 2536 1715 2594 postmodo
1752 2535 1864 2581 idem

309 2617 484 2661 domnus
516 2616 737 2661 Heinricus
773 2616 886 2673 cepit
917 2618 959 2660 et
987 2616 1034 2659 in
1062 2615 1228 2660 vincula
1256 2613 1432 2659 coniecit
1467 2617 1510 2658 et
1544 2614 1656 2658 fame
1692 2626 1742 2659 ac
1776 2613 1864 2670 siti,

307 2694 464 2750 frigore
501 2708 550 2739 ac
587 2694 777 2738 nuditate
814 2692 1135 2737 intolerabiliter
1180 2691 1330 2736 afflixit
1373 2694 1415 2734 et
1460 2705 1537 2748 per
1574 2695 1661 2736 tres
1698 2704 1864 2737 menses

310 2772 468 2817 carceri
497 2772 765 2830 mancipavit.
829 2769 975 2815 Talem
1004 2771 1221 2814 introitum
1250 2769 1396 2814 habuit
1425 2768 1469 2812 in
1500 2769 1724 2814 abbatiam.

428 2849 561 2902 Quam
607 2849 768 2893 inutilis
813 2851 954 2892 autem
999 2848 1126 2892 fuerit
1170 2848 1214 2891 in
1260 2846 1459 2891 aecclesia
1497 2850 1642 2890 nostra
1676 2850 1863 2905 tempore

407 2955 433 2975 a.
461 2945 555 2975 multo
577 2957 602 2975 c.
685 2943 715 2974 b.
745 2943 821 2974 eruti
844 2955 869 2973 c.
