<?xml version="1.0" encoding="UTF-8"?>
<!DOCTYPE html PUBLIC "-//W3C//DTD XHTML 1.0 Transitional//EN"
    "http://www.w3.org/TR/xhtml1/DTD/xhtml1-transitional.dtd">
<html xmlns="http://www.w3.org/1999/xhtml" xml:lang="en" lang="en">
 <head>
  <title>
</title>
<meta http-equiv="Content-Type" content="text/html;charset=utf-8" />
  <meta name='ocr-system' content='tesseract 3.04.00' />
  <meta name='ocr-capabilities' content='ocr_page ocr_carea ocr_par ocr_line ocrx_word'/>
</head>
<body>
  <div class='ocr_page' id='page_1' title='image "bibliothecarerum01wattuoft_0041.png"; bbox 0 0 1930 3224; ppageno 0'>
   <div class='ocr_carea' id='block_1_1' title="bbox 647 156 1665 200">
    <p class='ocr_par' dir='ltr' id='par_1_1' title="bbox 647 156 1665 200">
     <span class='ocr_line' id='line_1_1' title="bbox 647 156 1665 200; baseline 0 -1"><span class='ocrx_word' id='word_1_1' title='bbox 647 167 934 200; x_wconf 71' lang='lat' dir='ltr'>TRANSLAno</span> <span class='ocrx_word' id='word_1_2' title='bbox 965 167 1002 200; x_wconf 90' lang='lat' dir='ltr'>s.</span> <span class='ocrx_word' id='word_1_3' title='bbox 1023 169 1118 199; x_wconf 80' lang='lat' dir='ltr'>vm</span> <span class='ocrx_word' id='word_1_4' title='bbox 1608 156 1665 199; x_wconf 82' lang='lat'>23</span> 
     </span>
    </p>
   </div>
   <div class='ocr_carea' id='block_1_2' title="bbox 90 261 1666 2587">
    <p class='ocr_par' dir='ltr' id='par_1_2' title="bbox 93 261 1666 400">
     <span class='ocr_line' id='line_1_2' title="bbox 96 261 1666 322; baseline -0.001 -14"><span class='ocrx_word' id='word_1_5' title='bbox 96 261 283 321; x_wconf 76' lang='lat' dir='ltr'>spatium</span> <span class='ocrx_word' id='word_1_6' title='bbox 311 261 491 320; x_wconf 78' lang='lat' dir='ltr'>itineriS,</span> <span class='ocrx_word' id='word_1_7' title='bbox 523 262 686 307; x_wconf 89' lang='lat' dir='ltr'>dierum</span> <span class='ocrx_word' id='word_1_8' title='bbox 717 263 878 308; x_wconf 89' lang='lat' dir='ltr'>scilicet</span> <span class='ocrx_word' id='word_1_9' title='bbox 906 263 1058 320; x_wconf 83' lang='lat' dir='ltr'>viginti</span> <span class='ocrx_word' id='word_1_10' title='bbox 1069 261 1093 320; x_wconf 86' lang='lat'>¹,</span> <span class='ocrx_word' id='word_1_11' title='bbox 1123 277 1200 322; x_wconf 91' lang='lat' dir='ltr'>per</span> <span class='ocrx_word' id='word_1_12' title='bbox 1230 262 1523 307; x_wconf 87' lang='lat' dir='ltr'>beatissimum</span> <span class='ocrx_word' id='word_1_13' title='bbox 1553 276 1666 307; x_wconf 89' lang='lat' dir='ltr'>mar-</span> 
     </span>
     <span class='ocr_line' id='line_1_3' title="bbox 93 339 863 400; baseline 0 -15"><span class='ocrx_word' id='word_1_14' title='bbox 93 343 231 400; x_wconf 79' lang='lat' dir='ltr'>tyrem</span> <span class='ocrx_word' id='word_1_15' title='bbox 253 339 400 385; x_wconf 90' lang='lat' dir='ltr'>Vitum</span> <span class='ocrx_word' id='word_1_16' title='bbox 429 341 475 385; x_wconf 90' lang='lat' dir='ltr'>in</span> <span class='ocrx_word' id='word_1_17' title='bbox 503 341 575 385; x_wconf 85' lang='lat' dir='ltr'>via</span> <span class='ocrx_word' id='word_1_18' title='bbox 603 343 724 397; x_wconf 86' lang='lat' dir='ltr'>gesta</span> <span class='ocrx_word' id='word_1_19' title='bbox 754 344 863 386; x_wconf 89' lang='lat' dir='ltr'>sunt.</span> 
     </span>
    </p>

    <p class='ocr_par' dir='ltr' id='par_1_3' title="bbox 90 416 1666 1966">
     <span class='ocr_line' id='line_1_4' title="bbox 214 416 1664 477; baseline -0.001 -14"><span class='ocrx_word' id='word_1_20' title='bbox 214 418 403 463; x_wconf 77' lang='lat' dir='ltr'><strong>Tandem</strong></span> <span class='ocrx_word' id='word_1_21' title='bbox 441 433 561 475; x_wconf 84' lang='lat' dir='ltr'>ergo,</span> <span class='ocrx_word' id='word_1_22' title='bbox 601 418 768 463; x_wconf 90' lang='lat' dir='ltr'>Christo</span> <span class='ocrx_word' id='word_1_23' title='bbox 805 419 1011 477; x_wconf 87' lang='lat' dir='ltr'>propitio,</span> <span class='ocrx_word' id='word_1_24' title='bbox 1049 418 1169 464; x_wconf 89' lang='lat' dir='ltr'>finito</span> <span class='ocrx_word' id='word_1_25' title='bbox 1207 416 1355 476; x_wconf 86' lang='lat' dir='ltr'>coepto</span> <span class='ocrx_word' id='word_1_26' title='bbox 1386 418 1559 475; x_wconf 85' lang='lat' dir='ltr'>itinere,</span> <span class='ocrx_word' id='word_1_27' title='bbox 1597 419 1664 462; x_wconf 75' lang='lat' dir='ltr'>in⁰</span> 
     </span>
     <span class='ocr_line' id='line_1_5' title="bbox 93 496 1664 555; baseline -0.001 -13"><span class='ocrx_word' id='word_1_28' title='bbox 93 497 398 542; x_wconf 81' lang='lat' dir='ltr'>monasterium</span> <span class='ocrx_word' id='word_1_29' title='bbox 445 497 555 554; x_wconf 90' lang='lat' dir='ltr'>quod</span> <span class='ocrx_word' id='word_1_30' title='bbox 601 496 779 541; x_wconf 86' lang='lat' dir='ltr'>Corbeia</span> <span class='ocrx_word' id='word_1_31' title='bbox 822 511 933 541; x_wconf 88' lang='lat' dir='ltr'>nova</span> <span class='ocrx_word' id='word_1_32' title='bbox 977 498 1157 554; x_wconf 89' lang='lat' dir='ltr'>dicitur,</span> <span class='ocrx_word' id='word_1_33' title='bbox 1202 497 1472 542; x_wconf 86' lang='lat' dir='ltr'>multitudine</span> <span class='ocrx_word' id='word_1_34' title='bbox 1517 496 1664 555; x_wconf 91' lang='lat' dir='ltr'>populi</span> 
     </span>
     <span class='ocr_line' id='line_1_6' title="bbox 93 574 1664 632; baseline -0.001 -12"><span class='ocrx_word' id='word_1_35' title='bbox 93 575 314 632; x_wconf 83' lang='lat' dir='ltr'>utriusque</span> <span class='ocrx_word' id='word_1_36' title='bbox 345 589 470 620; x_wconf 88' lang='lat' dir='ltr'>sexus</span> <span class='ocrx_word' id='word_1_37' title='bbox 502 575 553 619; x_wconf 91' lang='lat' dir='ltr'>de</span> <span class='ocrx_word' id='word_1_38' title='bbox 583 574 844 619; x_wconf 88' lang='lat' dir='ltr'>nobilissimo</span> <span class='ocrx_word' id='word_1_39' title='bbox 878 574 1094 619; x_wconf 84' lang='lat' dir='ltr'><strong>Saxonum</strong></span> <span class='ocrx_word' id='word_1_40' title='bbox 1124 590 1276 632; x_wconf 82' lang='lat' dir='ltr'>genere</span> <span class='ocrx_word' id='word_1_41' title='bbox 1295 575 1514 620; x_wconf 88' lang='lat' dir='ltr'>nobiscum</span> <span class='ocrx_word' id='word_1_42' title='bbox 1535 575 1664 619; x_wconf 90' lang='lat' dir='ltr'>comi-</span> 
     </span>
     <span class='ocr_line' id='line_1_7' title="bbox 93 653 1664 711; baseline 0 -13"><span class='ocrx_word' id='word_1_43' title='bbox 93 655 225 709; x_wconf 80' lang='lat' dir='ltr'>tante,</span> <span class='ocrx_word' id='word_1_44' title='bbox 256 653 524 711; x_wconf 82' lang='lat' dir='ltr'>pervenimus</span> <span class='ocrx_word' id='word_1_45' title='bbox 554 653 691 710; x_wconf 87' lang='lat' dir='ltr'>pridie</span> <span class='ocrx_word' id='word_1_46' title='bbox 723 656 820 697; x_wconf 87' lang='lat' dir='ltr'>ante</span> <span class='ocrx_word' id='word_1_47' title='bbox 847 653 1035 709; x_wconf 87' lang='lat' dir='ltr'>vigiliam</span> <span class='ocrx_word' id='word_1_48' title='bbox 1065 655 1201 698; x_wconf 87' lang='lat' dir='ltr'>sancti</span> <span class='ocrx_word' id='word_1_49' title='bbox 1216 654 1317 710; x_wconf 88' lang='lat' dir='ltr'>Viti,</span> <span class='ocrx_word' id='word_1_50' title='bbox 1350 653 1462 711; x_wconf 89' lang='lat' dir='ltr'>quod</span> <span class='ocrx_word' id='word_1_51' title='bbox 1482 656 1546 697; x_wconf 90' lang='lat' dir='ltr'>est</span> <span class='ocrx_word' id='word_1_52' title='bbox 1565 653 1664 698; x_wconf 92' lang='lat' dir='ltr'>Idus</span> 
     </span>
     <span class='ocr_line' id='line_1_8' title="bbox 91 729 1665 789; baseline 0.001 -14"><span class='ocrx_word' id='word_1_53' title='bbox 91 729 252 786; x_wconf 76' lang='lat' dir='ltr'>Iunii¹’;</span> <span class='ocrx_word' id='word_1_54' title='bbox 298 731 372 776; x_wconf 90' lang='lat' dir='ltr'>ubi</span> <span class='ocrx_word' id='word_1_55' title='bbox 414 731 556 788; x_wconf 90' lang='lat' dir='ltr'>ipsum</span> <span class='ocrx_word' id='word_1_56' title='bbox 601 731 915 775; x_wconf 89' lang='lat' dir='ltr'>sanctissimum</span> <span class='ocrx_word' id='word_1_57' title='bbox 960 744 1111 789; x_wconf 86' lang='lat' dir='ltr'>corpus</span> <span class='ocrx_word' id='word_1_58' title='bbox 1149 732 1195 776; x_wconf 92' lang='lat' dir='ltr'>in</span> <span class='ocrx_word' id='word_1_59' title='bbox 1233 731 1324 776; x_wconf 94' lang='lat' dir='ltr'>loco</span> <span class='ocrx_word' id='word_1_60' title='bbox 1365 745 1569 788; x_wconf 84' lang='lat' dir='ltr'>congruo,</span> <span class='ocrx_word' id='word_1_61' title='bbox 1616 736 1665 776; x_wconf 93' lang='lat' dir='ltr'>ut</span> 
     </span>
     <span class='ocr_line' id='line_1_9' title="bbox 92 807 1664 867; baseline 0.001 -14"><span class='ocrx_word' id='word_1_62' title='bbox 92 807 268 864; x_wconf 81' lang='lat' dir='ltr'>dignum</span> <span class='ocrx_word' id='word_1_63' title='bbox 298 812 399 866; x_wconf 77' lang='lat' dir='ltr'>est⁶,</span> <span class='ocrx_word' id='word_1_64' title='bbox 439 808 687 853; x_wconf 88' lang='lat' dir='ltr'>collocatum</span> <span class='ocrx_word' id='word_1_65' title='bbox 728 812 770 853; x_wconf 88' lang='lat' dir='ltr'>et</span> <span class='ocrx_word' id='word_1_66' title='bbox 799 809 986 867; x_wconf 91' lang='lat' dir='ltr'>positum</span> <span class='ocrx_word' id='word_1_67' title='bbox 1016 813 1092 854; x_wconf 90' lang='lat' dir='ltr'>est.</span> <span class='ocrx_word' id='word_1_68' title='bbox 1156 810 1219 854; x_wconf 91' lang='lat' dir='ltr'>Ibi</span> <span class='ocrx_word' id='word_1_69' title='bbox 1250 824 1416 854; x_wconf 89' lang='lat' dir='ltr'>summa</span> <span class='ocrx_word' id='word_1_70' title='bbox 1446 814 1488 855; x_wconf 90' lang='lat' dir='ltr'>et</span> <span class='ocrx_word' id='word_1_71' title='bbox 1517 810 1664 855; x_wconf 75' lang='lat' dir='ltr'>ineffa-</span> 
     </span>
     <span class='ocr_line' id='line_1_10' title="bbox 93 886 1664 945; baseline 0.002 -14"><span class='ocrx_word' id='word_1_72' title='bbox 93 886 191 932; x_wconf 87' lang='lat' dir='ltr'>bilis</span> <span class='ocrx_word' id='word_1_73' title='bbox 230 886 415 931; x_wconf 82' lang='lat' dir='ltr'>Trinitas</span> <span class='ocrx_word' id='word_1_74' title='bbox 461 887 515 931; x_wconf 90' lang='lat' dir='ltr'>ad</span> <span class='ocrx_word' id='word_1_75' title='bbox 560 886 889 931; x_wconf 87' lang='lat' dir='ltr'>confirmandam</span> <span class='ocrx_word' id='word_1_76' title='bbox 934 891 977 932; x_wconf 90' lang='lat' dir='ltr'>et</span> <span class='ocrx_word' id='word_1_77' title='bbox 1020 888 1325 932; x_wconf 78' lang='lat' dir='ltr'>roborandamd</span> <span class='ocrx_word' id='word_1_78' title='bbox 1361 887 1490 933; x_wconf 90' lang='lat' dir='ltr'>fidem</span> <span class='ocrx_word' id='word_1_79' title='bbox 1527 890 1664 945; x_wconf 87' lang='lat' dir='ltr'>gentis</span> 
     </span>
     <span class='ocr_line' id='line_1_11' title="bbox 92 964 1666 1023; baseline 0.002 -14"><span class='ocrx_word' id='word_1_80' title='bbox 92 964 228 1023; x_wconf 84' lang='lat' dir='ltr'>ipsius</span> <span class='ocrx_word' id='word_1_81' title='bbox 257 965 412 1010; x_wconf 84' lang='lat' dir='ltr'>multas</span> <span class='ocrx_word' id='word_1_82' title='bbox 443 965 621 1010; x_wconf 87' lang='lat' dir='ltr'>virtutes</span> <span class='ocrx_word' id='word_1_83' title='bbox 653 969 695 1010; x_wconf 89' lang='lat' dir='ltr'>et</span> <span class='ocrx_word' id='word_1_84' title='bbox 725 966 927 1010; x_wconf 75' lang='lat' dir='ltr'>sanitates</span> <span class='ocrx_word' id='word_1_85' title='bbox 959 966 1126 1023; x_wconf 88' lang='lat' dir='ltr'>operari</span> <span class='ocrx_word' id='word_1_86' title='bbox 1147 966 1318 1022; x_wconf 84' lang='lat' dir='ltr'>dignata</span> <span class='ocrx_word' id='word_1_87' title='bbox 1339 970 1415 1010; x_wconf 91' lang='lat' dir='ltr'>est.</span> <span class='ocrx_word' id='word_1_88' title='bbox 1461 967 1532 1011; x_wconf 90' lang='lat' dir='ltr'>Fit</span> <span class='ocrx_word' id='word_1_89' title='bbox 1553 968 1666 1012; x_wconf 91' lang='lat' dir='ltr'>enim</span> 
     </span>
     <span class='ocr_line' id='line_1_12' title="bbox 93 1042 1665 1101; baseline 0.001 -14"><span class='ocrx_word' id='word_1_90' title='bbox 93 1042 140 1087; x_wconf 91' lang='lat' dir='ltr'>in</span> <span class='ocrx_word' id='word_1_91' title='bbox 168 1042 260 1087; x_wconf 89' lang='lat' dir='ltr'>loco</span> <span class='ocrx_word' id='word_1_92' title='bbox 289 1043 385 1101; x_wconf 89' lang='lat' dir='ltr'>ipso</span> <span class='ocrx_word' id='word_1_93' title='bbox 414 1046 643 1088; x_wconf 86' lang='lat' dir='ltr'>conventus</span> <span class='ocrx_word' id='word_1_94' title='bbox 673 1058 850 1100; x_wconf 86' lang='lat' dir='ltr'>magnus</span> <span class='ocrx_word' id='word_1_95' title='bbox 882 1057 979 1087; x_wconf 92' lang='lat' dir='ltr'>cum</span> <span class='ocrx_word' id='word_1_96' title='bbox 1007 1058 1163 1100; x_wconf 86' lang='lat' dir='ltr'>magna</span> <span class='ocrx_word' id='word_1_97' title='bbox 1194 1045 1414 1088; x_wconf 89' lang='lat' dir='ltr'>devotione</span> <span class='ocrx_word' id='word_1_98' title='bbox 1446 1048 1488 1089; x_wconf 88' lang='lat' dir='ltr'>et</span> <span class='ocrx_word' id='word_1_99' title='bbox 1516 1046 1665 1090; x_wconf 88' lang='lat' dir='ltr'>alacri-</span> 
     </span>
     <span class='ocr_line' id='line_1_13' title="bbox 91 1121 1665 1180; baseline 0.001 -15"><span class='ocrx_word' id='word_1_100' title='bbox 91 1123 202 1177; x_wconf 84' lang='lat' dir='ltr'>tate,</span> <span class='ocrx_word' id='word_1_101' title='bbox 241 1121 344 1166; x_wconf 86' lang='lat' dir='ltr'>adeo</span> <span class='ocrx_word' id='word_1_102' title='bbox 383 1125 432 1165; x_wconf 91' lang='lat' dir='ltr'>ut</span> <span class='ocrx_word' id='word_1_103' title='bbox 467 1135 544 1179; x_wconf 90' lang='lat' dir='ltr'>per</span> <span class='ocrx_word' id='word_1_104' title='bbox 574 1122 820 1166; x_wconf 89' lang='lat' dir='ltr'>milliarium</span> <span class='ocrx_word' id='word_1_105' title='bbox 850 1125 892 1166; x_wconf 92' lang='lat' dir='ltr'>et</span> <span class='ocrx_word' id='word_1_106' title='bbox 923 1136 971 1166; x_wconf 93' lang='lat' dir='ltr'>eo</span> <span class='ocrx_word' id='word_1_107' title='bbox 1003 1122 1184 1180; x_wconf 88' lang='lat' dir='ltr'>amplius</span> <span class='ocrx_word' id='word_1_108' title='bbox 1214 1137 1292 1180; x_wconf 88' lang='lat' dir='ltr'>per</span> <span class='ocrx_word' id='word_1_109' title='bbox 1323 1123 1545 1167; x_wconf 89' lang='lat' dir='ltr'>circuitum</span> <span class='ocrx_word' id='word_1_110' title='bbox 1574 1138 1665 1168; x_wconf 93' lang='lat' dir='ltr'>mo-</span> 
     </span>
     <span class='ocr_line' id='line_1_14' title="bbox 91 1199 1664 1259; baseline 0.001 -15"><span class='ocrx_word' id='word_1_111' title='bbox 91 1199 268 1244; x_wconf 84' lang='lat' dir='ltr'>nasterii</span> <span class='ocrx_word' id='word_1_112' title='bbox 297 1199 579 1244; x_wconf 87' lang='lat' dir='ltr'>tabernaculis</span> <span class='ocrx_word' id='word_1_113' title='bbox 609 1200 815 1244; x_wconf 89' lang='lat' dir='ltr'>nobilium</span> <span class='ocrx_word' id='word_1_114' title='bbox 844 1201 1033 1245; x_wconf 86' lang='lat' dir='ltr'>virorum</span> <span class='ocrx_word' id='word_1_115' title='bbox 1065 1214 1113 1244; x_wconf 90' lang='lat' dir='ltr'>ac</span> <span class='ocrx_word' id='word_1_116' title='bbox 1143 1201 1370 1245; x_wconf 87' lang='lat' dir='ltr'>mulierum</span> <span class='ocrx_word' id='word_1_117' title='bbox 1398 1202 1664 1259; x_wconf 84' lang='lat' dir='ltr'>replerentur</span> 
     </span>
     <span class='ocr_line' id='line_1_15' title="bbox 92 1277 1664 1338; baseline 0.001 -16"><span class='ocrx_word' id='word_1_118' title='bbox 92 1277 234 1336; x_wconf 83' lang='lat' dir='ltr'>campi</span> <span class='ocrx_word' id='word_1_119' title='bbox 263 1280 306 1322; x_wconf 89' lang='lat' dir='ltr'>et</span> <span class='ocrx_word' id='word_1_120' title='bbox 337 1279 448 1334; x_wconf 88' lang='lat' dir='ltr'>agri,</span> <span class='ocrx_word' id='word_1_121' title='bbox 486 1278 579 1335; x_wconf 80' lang='lat' dir='ltr'>qui⁶</span> <span class='ocrx_word' id='word_1_122' title='bbox 611 1293 664 1323; x_wconf 83' lang='lat' dir='ltr'>ex</span> <span class='ocrx_word' id='word_1_123' title='bbox 703 1279 896 1323; x_wconf 91' lang='lat' dir='ltr'>omnibus</span> <span class='ocrx_word' id='word_1_124' title='bbox 927 1279 1121 1336; x_wconf 89' lang='lat' dir='ltr'>partibus</span> <span class='ocrx_word' id='word_1_125' title='bbox 1153 1279 1362 1323; x_wconf 87' lang='lat' dir='ltr'>Saxoniae</span> <span class='ocrx_word' id='word_1_126' title='bbox 1392 1284 1568 1338; x_wconf 90' lang='lat' dir='ltr'>propter</span> <span class='ocrx_word' id='word_1_127' title='bbox 1598 1295 1664 1325; x_wconf 91' lang='lat' dir='ltr'>re-</span> 
     </span>
     <span class='ocr_line' id='line_1_16' title="bbox 91 1354 1665 1416; baseline 0.003 -17"><span class='ocrx_word' id='word_1_128' title='bbox 91 1354 294 1412; x_wconf 84' lang='lat' dir='ltr'>ligionem</span> <span class='ocrx_word' id='word_1_129' title='bbox 324 1359 367 1400; x_wconf 90' lang='lat' dir='ltr'>et</span> <span class='ocrx_word' id='word_1_130' title='bbox 395 1357 675 1401; x_wconf 84' lang='lat' dir='ltr'>reverentiam</span> <span class='ocrx_word' id='word_1_131' title='bbox 704 1357 939 1402; x_wconf 86' lang='lat' dir='ltr'>beatissimi</span> <span class='ocrx_word' id='word_1_132' title='bbox 957 1357 1159 1415; x_wconf 87' lang='lat' dir='ltr'>martyris</span> <span class='ocrx_word' id='word_1_133' title='bbox 1174 1356 1264 1401; x_wconf 88' lang='lat' dir='ltr'>Viti</span> <span class='ocrx_word' id='word_1_134' title='bbox 1286 1357 1546 1416; x_wconf 88' lang='lat' dir='ltr'>aliorumque</span> <span class='ocrx_word' id='word_1_135' title='bbox 1568 1373 1665 1403; x_wconf 89' lang='lat' dir='ltr'>san-</span> 
     </span>
     <span class='ocr_line' id='line_1_17' title="bbox 92 1435 1663 1493; baseline 0.003 -15"><span class='ocrx_word' id='word_1_136' title='bbox 92 1437 257 1479; x_wconf 86' lang='lat' dir='ltr'>etorum</span> <span class='ocrx_word' id='word_1_137' title='bbox 275 1437 511 1492; x_wconf 85' lang='lat' dir='ltr'>martyrum</span> <span class='ocrx_word' id='word_1_138' title='bbox 530 1435 729 1492; x_wconf 88' lang='lat' dir='ltr'>reliquias</span> <span class='ocrx_word' id='word_1_139' title='bbox 749 1436 796 1479; x_wconf 94' lang='lat' dir='ltr'>in</span> <span class='ocrx_word' id='word_1_140' title='bbox 816 1436 910 1493; x_wconf 91' lang='lat' dir='ltr'>ipso</span> <span class='ocrx_word' id='word_1_141' title='bbox 925 1435 1016 1479; x_wconf 93' lang='lat' dir='ltr'>loco</span> <span class='ocrx_word' id='word_1_142' title='bbox 1034 1436 1353 1480; x_wconf 89' lang='lat' dir='ltr'>subsistentium</span> <span class='ocrx_word' id='word_1_143' title='bbox 1368 1442 1663 1482; x_wconf 87' lang='lat' dir='ltr'>convenerant.</span> 
     </span>
     <span class='ocr_line' id='line_1_18' title="bbox 91 1511 1664 1570; baseline 0.003 -14"><span class='ocrx_word' id='word_1_144' title='bbox 91 1511 206 1556; x_wconf 89' lang='lat' dir='ltr'>Inter</span> <span class='ocrx_word' id='word_1_145' title='bbox 233 1512 372 1570; x_wconf 89' lang='lat' dir='ltr'>ipsam</span> <span class='ocrx_word' id='word_1_146' title='bbox 403 1513 582 1570; x_wconf 88' lang='lat' dir='ltr'>denique</span> <span class='ocrx_word' id='word_1_147' title='bbox 601 1514 915 1558; x_wconf 86' lang='lat' dir='ltr'>multitudinem</span> <span class='ocrx_word' id='word_1_148' title='bbox 934 1516 1025 1558; x_wconf 91' lang='lat' dir='ltr'>tam</span> <span class='ocrx_word' id='word_1_149' title='bbox 1045 1514 1193 1561; x_wconf 83' lang='lat' dir='ltr'>devote</span> <span class='ocrx_word' id='word_1_150' title='bbox 1214 1516 1551 1568; x_wconf 86' lang='lat' dir='ltr'>concurrentium</span> <span class='ocrx_word' id='word_1_151' title='bbox 1571 1516 1664 1560; x_wconf 80' lang='lat' dir='ltr'>nu]-</span> 
     </span>
     <span class='ocr_line' id='line_1_19' title="bbox 90 1589 1663 1651; baseline 0.002 -17"><span class='ocrx_word' id='word_1_152' title='bbox 90 1589 180 1635; x_wconf 93' lang='lat' dir='ltr'>lum</span> <span class='ocrx_word' id='word_1_153' title='bbox 210 1591 386 1635; x_wconf 86' lang='lat' dir='ltr'>verbum</span> <span class='ocrx_word' id='word_1_154' title='bbox 416 1594 540 1649; x_wconf 89' lang='lat' dir='ltr'>turpe</span> <span class='ocrx_word' id='word_1_155' title='bbox 572 1592 754 1648; x_wconf 78' lang='lat' dir='ltr'>auditur,</span> <span class='ocrx_word' id='word_1_156' title='bbox 785 1592 926 1636; x_wconf 82' lang='lat' dir='ltr'>nullus</span> <span class='ocrx_word' id='word_1_157' title='bbox 949 1592 1065 1636; x_wconf 88' lang='lat' dir='ltr'>iocus</span> <span class='ocrx_word' id='word_1_158' title='bbox 1088 1596 1161 1637; x_wconf 90' lang='lat' dir='ltr'>aut</span> <span class='ocrx_word' id='word_1_159' title='bbox 1181 1593 1415 1637; x_wconf 78' lang='lat' dir='ltr'>scurrilitas</span> <span class='ocrx_word' id='word_1_160' title='bbox 1436 1593 1663 1651; x_wconf 84' lang='lat' dir='ltr'>invenitur,</span> 
     </span>
     <span class='ocr_line' id='line_1_20' title="bbox 92 1668 1664 1729; baseline 0.003 -16"><span class='ocrx_word' id='word_1_161' title='bbox 92 1668 167 1713; x_wconf 83' lang='lat' dir='ltr'>sed</span> <span class='ocrx_word' id='word_1_162' title='bbox 198 1668 285 1713; x_wconf 80' lang='lat' dir='ltr'>die‘</span> <span class='ocrx_word' id='word_1_163' title='bbox 313 1672 521 1726; x_wconf 87' lang='lat' dir='ltr'>noctuque</span> <span class='ocrx_word' id='word_1_164' title='bbox 551 1670 642 1714; x_wconf 90' lang='lat' dir='ltr'>Deo</span> <span class='ocrx_word' id='word_1_165' title='bbox 671 1670 817 1714; x_wconf 90' lang='lat' dir='ltr'>laudes</span> <span class='ocrx_word' id='word_1_166' title='bbox 850 1674 892 1714; x_wconf 89' lang='lat' dir='ltr'>et</span> <span class='ocrx_word' id='word_1_167' title='bbox 921 1674 1062 1726; x_wconf 87' lang='lat' dir='ltr'>grates</span> <span class='ocrx_word' id='word_1_168' title='bbox 1093 1671 1395 1728; x_wconf 84' lang='lat' dir='ltr'>rependuntur,</span> <span class='ocrx_word' id='word_1_169' title='bbox 1427 1685 1594 1729; x_wconf 87' lang='lat' dir='ltr'>semper</span> <span class='ocrx_word' id='word_1_170' title='bbox 1618 1673 1664 1717; x_wconf 91' lang='lat' dir='ltr'>in</span> 
     </span>
     <span class='ocr_line' id='line_1_21' title="bbox 91 1747 1664 1808; baseline 0.003 -17"><span class='ocrx_word' id='word_1_171' title='bbox 91 1760 164 1791; x_wconf 86' lang='lat' dir='ltr'>ore</span> <span class='ocrx_word' id='word_1_172' title='bbox 183 1747 374 1804; x_wconf 91' lang='lat' dir='ltr'>ipsorum</span> <span class='ocrx_word' id='word_1_173' title='bbox 388 1748 520 1808; x_wconf 76' lang='lat' dir='ltr'>Kyrie</span> <span class='ocrx_word' id='word_1_174' title='bbox 541 1750 690 1793; x_wconf 79' lang='lat' dir='ltr'>eleison</span> <span class='ocrx_word' id='word_1_175' title='bbox 710 1748 1007 1805; x_wconf 81' lang='lat' dir='ltr'>conclamatur,</span> <span class='ocrx_word' id='word_1_176' title='bbox 1031 1749 1178 1793; x_wconf 88' lang='lat' dir='ltr'>choros</span> <span class='ocrx_word' id='word_1_177' title='bbox 1200 1764 1390 1794; x_wconf 89' lang='lat' dir='ltr'>seorsum</span> <span class='ocrx_word' id='word_1_178' title='bbox 1408 1751 1491 1794; x_wconf 85' lang='lat' dir='ltr'>viri</span> <span class='ocrx_word' id='word_1_179' title='bbox 1499 1757 1527 1807; x_wconf 56' lang='grc' dir='ltr'>ὅ,</span> <span class='ocrx_word' id='word_1_180' title='bbox 1550 1765 1664 1795; x_wconf 90' lang='lat' dir='ltr'>seor-</span> 
     </span>
     <span class='ocr_line' id='line_1_22' title="bbox 92 1825 1664 1884; baseline 0.003 -16"><span class='ocrx_word' id='word_1_181' title='bbox 92 1838 187 1869; x_wconf 88' lang='lat' dir='ltr'>sum</span> <span class='ocrx_word' id='word_1_182' title='bbox 214 1825 395 1869; x_wconf 81' lang='lat' dir='ltr'>feminae</span> <span class='ocrx_word' id='word_1_183' title='bbox 416 1825 626 1882; x_wconf 81' lang='lat' dir='ltr'>ducentes,</span> <span class='ocrx_word' id='word_1_184' title='bbox 656 1840 733 1884; x_wconf 92' lang='lat' dir='ltr'>per</span> <span class='ocrx_word' id='word_1_185' title='bbox 751 1830 886 1871; x_wconf 89' lang='lat' dir='ltr'>totam</span> <span class='ocrx_word' id='word_1_186' title='bbox 905 1830 1072 1872; x_wconf 92' lang='lat' dir='ltr'>noctem</span> <span class='ocrx_word' id='word_1_187' title='bbox 1092 1828 1138 1871; x_wconf 91' lang='lat' dir='ltr'>in</span> <span class='ocrx_word' id='word_1_188' title='bbox 1158 1828 1335 1872; x_wconf 88' lang='lat' dir='ltr'>circuitu</span> <span class='ocrx_word' id='word_1_189' title='bbox 1355 1828 1553 1872; x_wconf 87' lang='lat' dir='ltr'>ecclesiae</span> <span class='ocrx_word' id='word_1_190' title='bbox 1574 1830 1664 1874; x_wconf 87' lang='lat' dir='ltr'>sine</span> 
     </span>
     <span class='ocr_line' id='line_1_23' title="bbox 90 1903 1660 1966; baseline 0.003 -19"><span class='ocrx_word' id='word_1_191' title='bbox 90 1903 402 1948; x_wconf 89' lang='lat' dir='ltr'>intermissione</span> <span class='ocrx_word' id='word_1_192' title='bbox 430 1903 596 1959; x_wconf 86' lang='lat' dir='ltr'>vigilias</span> <span class='ocrx_word' id='word_1_193' title='bbox 628 1907 813 1961; x_wconf 84' lang='lat' dir='ltr'>agentes,</span> <span class='ocrx_word' id='word_1_194' title='bbox 845 1918 1011 1963; x_wconf 87' lang='lat' dir='ltr'>semper</span> <span class='ocrx_word' id='word_1_195' title='bbox 1038 1907 1169 1966; x_wconf 75' lang='lat' dir='ltr'>Kyrie</span> <span class='ocrx_word' id='word_1_196' title='bbox 1202 1908 1351 1950; x_wconf 75' lang='lat' dir='ltr'>eleison</span> <span class='ocrx_word' id='word_1_197' title='bbox 1380 1907 1660 1963; x_wconf 88' lang='lat' dir='ltr'>frequentant.</span> 
     </span>
    </p>

    <p class='ocr_par' dir='ltr' id='par_1_4' title="bbox 90 1981 1663 2587">
     <span class='ocr_line' id='line_1_24' title="bbox 210 1981 1663 2040; baseline 0.003 -15"><span class='ocrx_word' id='word_1_198' title='bbox 210 1981 356 2038; x_wconf 85' lang='lat' dir='ltr'>Igitur,</span> <span class='ocrx_word' id='word_1_199' title='bbox 387 1985 436 2026; x_wconf 92' lang='lat' dir='ltr'>ut</span> <span class='ocrx_word' id='word_1_200' title='bbox 467 1982 658 2040; x_wconf 87' lang='lat' dir='ltr'>superius</span> <span class='ocrx_word' id='word_1_201' title='bbox 690 1983 849 2027; x_wconf 91' lang='lat' dir='ltr'>dictum</span> <span class='ocrx_word' id='word_1_202' title='bbox 874 1986 950 2039; x_wconf 90' lang='lat' dir='ltr'>est,</span> <span class='ocrx_word' id='word_1_203' title='bbox 984 1984 1038 2027; x_wconf 89' lang='lat' dir='ltr'>ad</span> <span class='ocrx_word' id='word_1_204' title='bbox 1058 1983 1388 2029; x_wconf 86' lang='lat' dir='ltr'>confirmandam</span> <span class='ocrx_word' id='word_1_205' title='bbox 1406 1984 1534 2029; x_wconf 88' lang='lat' dir='ltr'>fidem</span> <span class='ocrx_word' id='word_1_206' title='bbox 1553 1987 1663 2030; x_wconf 85' lang='lat' dir='ltr'>tanti</span> 
     </span>
     <span class='ocr_line' id='line_1_25' title="bbox 93 2059 1662 2120; baseline 0.003 -17"><span class='ocrx_word' id='word_1_207' title='bbox 93 2060 404 2104; x_wconf 81' lang='lat' dir='ltr'>concurrentish</span> <span class='ocrx_word' id='word_1_208' title='bbox 434 2059 582 2118; x_wconf 89' lang='lat' dir='ltr'>populi</span> <span class='ocrx_word' id='word_1_209' title='bbox 610 2060 657 2103; x_wconf 92' lang='lat' dir='ltr'>in</span> <span class='ocrx_word' id='word_1_210' title='bbox 685 2060 781 2117; x_wconf 90' lang='lat' dir='ltr'>ipsa</span> <span class='ocrx_word' id='word_1_211' title='bbox 809 2061 1051 2116; x_wconf 85' lang='lat' dir='ltr'>vigiliarum</span> <span class='ocrx_word' id='word_1_212' title='bbox 1080 2065 1203 2106; x_wconf 90' lang='lat' dir='ltr'>nocte</span> <span class='ocrx_word' id='word_1_213' title='bbox 1230 2064 1438 2120; x_wconf 89' lang='lat' dir='ltr'>quaedam</span> <span class='ocrx_word' id='word_1_214' title='bbox 1457 2064 1662 2108; x_wconf 87' lang='lat' dir='ltr'>miracula</span> 
     </span>
     <span class='ocr_line' id='line_1_26' title="bbox 91 2137 1661 2197; baseline 0.004 -16"><span class='ocrx_word' id='word_1_215' title='bbox 91 2137 276 2194; x_wconf 88' lang='lat' dir='ltr'>insignia</span> <span class='ocrx_word' id='word_1_216' title='bbox 304 2152 381 2196; x_wconf 91' lang='lat' dir='ltr'>per</span> <span class='ocrx_word' id='word_1_217' title='bbox 410 2138 564 2182; x_wconf 90' lang='lat' dir='ltr'>merita</span> <span class='ocrx_word' id='word_1_218' title='bbox 594 2137 737 2182; x_wconf 86' lang='lat' dir='ltr'>dilecti</span> <span class='ocrx_word' id='word_1_219' title='bbox 766 2139 965 2197; x_wconf 87' lang='lat' dir='ltr'>martyris</span> <span class='ocrx_word' id='word_1_220' title='bbox 998 2140 1079 2183; x_wconf 74' lang='lat' dir='ltr'>suii</span> <span class='ocrx_word' id='word_1_221' title='bbox 1096 2140 1184 2184; x_wconf 91' lang='lat' dir='ltr'>Viti</span> <span class='ocrx_word' id='word_1_222' title='bbox 1204 2140 1410 2185; x_wconf 90' lang='lat' dir='ltr'>Dominus</span> <span class='ocrx_word' id='word_1_223' title='bbox 1441 2143 1661 2187; x_wconf 89' lang='lat' dir='ltr'>ostendere</span> 
     </span>
     <span class='ocr_line' id='line_1_27' title="bbox 92 2215 1659 2278; baseline 0.004 -19"><span class='ocrx_word' id='word_1_224' title='bbox 92 2215 288 2271; x_wconf 82' lang='lat' dir='ltr'>dignatus</span> <span class='ocrx_word' id='word_1_225' title='bbox 319 2219 395 2260; x_wconf 88' lang='lat' dir='ltr'>est.</span> <span class='ocrx_word' id='word_1_226' title='bbox 447 2215 557 2260; x_wconf 91' lang='lat' dir='ltr'>Nam</span> <span class='ocrx_word' id='word_1_227' title='bbox 588 2215 759 2272; x_wconf 91' lang='lat' dir='ltr'>quidam</span> <span class='ocrx_word' id='word_1_228' title='bbox 787 2217 912 2261; x_wconf 90' lang='lat' dir='ltr'>homo</span> <span class='ocrx_word' id='word_1_229' title='bbox 943 2217 1115 2261; x_wconf 90' lang='lat' dir='ltr'>claudus</span> <span class='ocrx_word' id='word_1_230' title='bbox 1148 2232 1173 2262; x_wconf 87' lang='lat' dir='ltr'>a</span> <span class='ocrx_word' id='word_1_231' title='bbox 1202 2219 1423 2264; x_wconf 87' lang='lat' dir='ltr'>nativitate</span> <span class='ocrx_word' id='word_1_232' title='bbox 1453 2221 1565 2278; x_wconf 73' lang='lat' dir='ltr'>inter</span> <span class='ocrx_word' id='word_1_233' title='bbox 1594 2222 1659 2265; x_wconf 92' lang='lat' dir='ltr'>in-</span> 
     </span>
     <span class='ocr_line' id='line_1_28' title="bbox 91 2293 1659 2355; baseline 0.004 -18"><span class='ocrx_word' id='word_1_234' title='bbox 91 2293 395 2338; x_wconf 88' lang='lat' dir='ltr'>numerabilem</span> <span class='ocrx_word' id='word_1_235' title='bbox 414 2293 728 2338; x_wconf 86' lang='lat' dir='ltr'>multitudinem</span> <span class='ocrx_word' id='word_1_236' title='bbox 755 2295 968 2352; x_wconf 85' lang='lat' dir='ltr'>accedens,</span> <span class='ocrx_word' id='word_1_237' title='bbox 995 2295 1125 2353; x_wconf 81' lang='lat' dir='ltr'>praek</span> <span class='ocrx_word' id='word_1_238' title='bbox 1144 2296 1303 2341; x_wconf 85' lang='lat' dir='ltr'>foribus</span> <span class='ocrx_word' id='word_1_239' title='bbox 1326 2298 1537 2355; x_wconf 86' lang='lat' dir='ltr'>ecclesiae,</span> <span class='ocrx_word' id='word_1_240' title='bbox 1558 2313 1659 2343; x_wconf 81' lang='lat' dir='ltr'>mox</span> 
     </span>
     <span class='ocr_line' id='line_1_29' title="bbox 91 2371 1659 2432; baseline 0.004 -17"><span class='ocrx_word' id='word_1_241' title='bbox 91 2374 139 2416; x_wconf 94' lang='lat' dir='ltr'>ut</span> <span class='ocrx_word' id='word_1_242' title='bbox 169 2372 308 2429; x_wconf 89' lang='lat' dir='ltr'>coepit</span> <span class='ocrx_word' id='word_1_243' title='bbox 335 2371 531 2416; x_wconf 85' lang='lat' dir='ltr'>invocare</span> <span class='ocrx_word' id='word_1_244' title='bbox 563 2372 862 2430; x_wconf 89' lang='lat' dir='ltr'>omnipotentis</span> <span class='ocrx_word' id='word_1_245' title='bbox 882 2373 964 2417; x_wconf 91' lang='lat' dir='ltr'>Dei</span> <span class='ocrx_word' id='word_1_246' title='bbox 983 2374 1329 2432; x_wconf 87' lang='lat' dir='ltr'>misericordiam,</span> <span class='ocrx_word' id='word_1_247' title='bbox 1362 2389 1504 2420; x_wconf 88' lang='lat' dir='ltr'>coram</span> <span class='ocrx_word' id='word_1_248' title='bbox 1525 2378 1659 2421; x_wconf 88' lang='lat' dir='ltr'>omni-</span> 
     </span>
     <span class='ocr_line' id='line_1_30' title="bbox 90 2449 1659 2510; baseline 0.004 -17"><span class='ocrx_word' id='word_1_249' title='bbox 90 2449 168 2494; x_wconf 91' lang='lat' dir='ltr'>bus</span> <span class='ocrx_word' id='word_1_250' title='bbox 207 2450 470 2494; x_wconf 85' lang='lat' dir='ltr'>adstantibus</span> <span class='ocrx_word' id='word_1_251' title='bbox 510 2450 566 2494; x_wconf 93' lang='lat' dir='ltr'>et¹</span> <span class='ocrx_word' id='word_1_252' title='bbox 597 2451 986 2508; x_wconf 86' lang='lat' dir='ltr'>circumstantibus,</span> <span class='ocrx_word' id='word_1_253' title='bbox 1026 2453 1088 2496; x_wconf 91' lang='lat' dir='ltr'>ita</span> <span class='ocrx_word' id='word_1_254' title='bbox 1122 2453 1257 2497; x_wconf 86' lang='lat' dir='ltr'>factus</span> <span class='ocrx_word' id='word_1_255' title='bbox 1299 2457 1363 2498; x_wconf 88' lang='lat' dir='ltr'>est</span> <span class='ocrx_word' id='word_1_256' title='bbox 1400 2469 1525 2498; x_wconf 88' lang='lat' dir='ltr'>sanus</span> <span class='ocrx_word' id='word_1_257' title='bbox 1535 2462 1572 2510; x_wconf 80' lang='lat'>¹¹¹,</span> <span class='ocrx_word' id='word_1_258' title='bbox 1611 2458 1659 2499; x_wconf 93' lang='lat' dir='ltr'>ut</span> 
     </span>
     <span class='ocr_line' id='line_1_31' title="bbox 91 2527 1656 2587; baseline 0.003 -16"><span class='ocrx_word' id='word_1_259' title='bbox 91 2527 223 2572; x_wconf 90' lang='lat' dir='ltr'>solide</span> <span class='ocrx_word' id='word_1_260' title='bbox 243 2542 372 2585; x_wconf 89' lang='lat' dir='ltr'>supra</span> <span class='ocrx_word' id='word_1_261' title='bbox 391 2528 519 2586; x_wconf 89' lang='lat' dir='ltr'>pedes</span> <span class='ocrx_word' id='word_1_262' title='bbox 541 2531 684 2572; x_wconf 88' lang='lat' dir='ltr'>staret.</span> <span class='ocrx_word' id='word_1_263' title='bbox 721 2527 977 2573; x_wconf 88' lang='lat' dir='ltr'>Adolescens</span> <span class='ocrx_word' id='word_1_264' title='bbox 999 2543 1163 2586; x_wconf 90' lang='lat' dir='ltr'>quoque</span> <span class='ocrx_word' id='word_1_265' title='bbox 1184 2531 1355 2587; x_wconf 87' lang='lat' dir='ltr'>quidam</span> <span class='ocrx_word' id='word_1_266' title='bbox 1376 2532 1656 2576; x_wconf 85' lang='lat' dir='ltr'>Theodorious</span> 
     </span>
    </p>
   </div>
   <div class='ocr_carea' id='block_1_3' title="bbox 90 2629 1656 2776">
    <p class='ocr_par' dir='ltr' id='par_1_5' title="bbox 90 2629 1656 2776">
     <span class='ocr_line' id='line_1_32' title="bbox 183 2629 1656 2673; baseline 0.003 -14"><span class='ocrx_word' id='word_1_267' title='bbox 183 2637 210 2659; x_wconf 83' lang='lat' dir='ltr'>a.</span> <span class='ocrx_word' id='word_1_268' title='bbox 231 2629 265 2659; x_wconf 88' lang='lat' dir='ltr'>in</span> <span class='ocrx_word' id='word_1_269' title='bbox 287 2629 408 2659; x_wconf 75' lang='lat' dir='ltr'>addidi.</span> <span class='ocrx_word' id='word_1_270' title='bbox 481 2629 511 2659; x_wconf 91' lang='lat' dir='ltr'>b.</span> <span class='ocrx_word' id='word_1_271' title='bbox 533 2629 634 2660; x_wconf 83' lang='lat' dir='ltr'>Iunias</span> <span class='ocrx_word' id='word_1_272' title='bbox 657 2630 685 2659; x_wconf 87' lang='lat'>2.</span> <span class='ocrx_word' id='word_1_273' title='bbox 760 2637 786 2659; x_wconf 84' lang='lat' dir='ltr'>c.</span> <span class='ocrx_word' id='word_1_274' title='bbox 815 2630 863 2659; x_wconf 87' lang='lat' dir='ltr'>est</span> <span class='ocrx_word' id='word_1_275' title='bbox 883 2641 939 2660; x_wconf 84' lang='lat' dir='ltr'>om.</span> <span class='ocrx_word' id='word_1_276' title='bbox 955 2631 984 2660; x_wconf 86' lang='lat'>2.</span> <span class='ocrx_word' id='word_1_277' title='bbox 1059 2630 1089 2660; x_wconf 87' lang='lat' dir='ltr'>d.</span> <span class='ocrx_word' id='word_1_278' title='bbox 1117 2632 1370 2662; x_wconf 79' lang='lat' dir='ltr'>corroborandam</span> <span class='ocrx_word' id='word_1_279' title='bbox 1392 2634 1421 2663; x_wconf 87' lang='grc'>2.</span> <span class='ocrx_word' id='word_1_280' title='bbox 1496 2642 1522 2663; x_wconf 89' lang='lat' dir='ltr'>e.</span> <span class='ocrx_word' id='word_1_281' title='bbox 1546 2643 1604 2673; x_wconf 81' lang='lat' dir='ltr'>que</span> <span class='ocrx_word' id='word_1_282' title='bbox 1627 2635 1656 2664; x_wconf 94' lang='lat'>1.</span> 
     </span>
     <span class='ocr_line' id='line_1_33' title="bbox 90 2682 1655 2727; baseline 0.003 -14"><span class='ocrx_word' id='word_1_283' title='bbox 90 2683 112 2714; x_wconf 81' lang='lat' dir='ltr'>f.</span> <span class='ocrx_word' id='word_1_284' title='bbox 128 2682 181 2712; x_wconf 87' lang='lat' dir='ltr'>diu</span> <span class='ocrx_word' id='word_1_285' title='bbox 195 2683 224 2712; x_wconf 85' lang='lat'>2.</span> <span class='ocrx_word' id='word_1_286' title='bbox 286 2690 314 2720; x_wconf 90' lang='lat' dir='ltr'>g.</span> <span class='ocrx_word' id='word_1_287' title='bbox 330 2691 467 2713; x_wconf 83' lang='lat' dir='ltr'>scorsum</span> <span class='ocrx_word' id='word_1_288' title='bbox 479 2682 538 2713; x_wconf 85' lang='lat' dir='ltr'>viri</span> <span class='ocrx_word' id='word_1_289' title='bbox 552 2695 607 2713; x_wconf 83' lang='lat' dir='ltr'>om.</span> <span class='ocrx_word' id='word_1_290' title='bbox 622 2684 658 2720; x_wconf 80' lang='lat'>13</span> <span class='ocrx_word' id='word_1_291' title='bbox 674 2683 801 2713; x_wconf 86' lang='lat' dir='ltr'>seorsim</span> <span class='ocrx_word' id='word_1_292' title='bbox 816 2684 845 2713; x_wconf 87' lang='grc'>2.</span> <span class='ocrx_word' id='word_1_293' title='bbox 909 2682 939 2713; x_wconf 91' lang='lat' dir='ltr'>h.</span> <span class='ocrx_word' id='word_1_294' title='bbox 955 2684 1141 2714; x_wconf 78' lang='lat' dir='ltr'>occurrentis</span> <span class='ocrx_word' id='word_1_295' title='bbox 1156 2685 1184 2715; x_wconf 88' lang='grc'>2.</span> <span class='ocrx_word' id='word_1_296' title='bbox 1248 2685 1268 2715; x_wconf 91' lang='lat' dir='ltr'>i.</span> <span class='ocrx_word' id='word_1_297' title='bbox 1284 2686 1331 2716; x_wconf 89' lang='lat' dir='ltr'>sui</span> <span class='ocrx_word' id='word_1_298' title='bbox 1346 2698 1402 2718; x_wconf 83' lang='lat' dir='ltr'>om.</span> <span class='ocrx_word' id='word_1_299' title='bbox 1419 2687 1447 2716; x_wconf 89' lang='lat'>1.</span> <span class='ocrx_word' id='word_1_300' title='bbox 1510 2686 1540 2717; x_wconf 91' lang='lat' dir='ltr'>k.</span> <span class='ocrx_word' id='word_1_301' title='bbox 1554 2689 1655 2727; x_wconf 79' lang='lat' dir='ltr'>pro-2.</span> 
     </span>
     <span class='ocr_line' id='line_1_34' title="bbox 90 2735 1115 2776; baseline 0.002 -11"><span class='ocrx_word' id='word_1_302' title='bbox 90 2735 111 2765; x_wconf 89' lang='lat' dir='ltr'>l.</span> <span class='ocrx_word' id='word_1_303' title='bbox 133 2735 322 2766; x_wconf 76' lang='lat' dir='ltr'>adstantibus</span> <span class='ocrx_word' id='word_1_304' title='bbox 345 2737 376 2765; x_wconf 86' lang='lat' dir='ltr'>et</span> <span class='ocrx_word' id='word_1_305' title='bbox 397 2747 454 2766; x_wconf 88' lang='lat' dir='ltr'>om.</span> <span class='ocrx_word' id='word_1_306' title='bbox 469 2737 498 2766; x_wconf 93' lang='grc'>2.</span> <span class='ocrx_word' id='word_1_307' title='bbox 566 2745 605 2766; x_wconf 90' lang='lat' dir='ltr'>m.</span> <span class='ocrx_word' id='word_1_308' title='bbox 627 2736 671 2766; x_wconf 86' lang='lat' dir='ltr'>ita</span> <span class='ocrx_word' id='word_1_309' title='bbox 692 2746 783 2767; x_wconf 82' lang='lat' dir='ltr'>sanus</span> <span class='ocrx_word' id='word_1_310' title='bbox 804 2736 902 2767; x_wconf 83' lang='lat' dir='ltr'>factus</span> <span class='ocrx_word' id='word_1_311' title='bbox 924 2737 1065 2776; x_wconf 81' lang='lat' dir='ltr'>apparuit</span> <span class='ocrx_word' id='word_1_312' title='bbox 1086 2739 1115 2767; x_wconf 83' lang='lat'>2.</span> 
     </span>
    </p>
   </div>
   <div class='ocr_carea' id='block_1_4' title="bbox 90 2803 1652 2972">
    <p class='ocr_par' dir='ltr' id='par_1_6' title="bbox 90 2803 1652 2972">
     <span class='ocr_line' id='line_1_35' title="bbox 186 2803 1652 2856; baseline 0.005 -16"><span class='ocrx_word' id='word_1_313' title='bbox 186 2805 220 2841; x_wconf 91' lang='lat'>1.</span> <span class='ocrx_word' id='word_1_314' title='bbox 251 2804 294 2840; x_wconf 89' lang='lat' dir='ltr'>In</span> <span class='ocrx_word' id='word_1_315' title='bbox 323 2803 395 2841; x_wconf 86' lang='lat' dir='ltr'>hoe</span> <span class='ocrx_word' id='word_1_316' title='bbox 427 2805 540 2842; x_wconf 85' lang='lat' dir='ltr'>verbo</span> <span class='ocrx_word' id='word_1_317' title='bbox 565 2806 738 2842; x_wconf 89' lang='lat' dir='ltr'>mendum</span> <span class='ocrx_word' id='word_1_318' title='bbox 763 2806 871 2843; x_wconf 88' lang='lat' dir='ltr'>inest.</span> <span class='ocrx_word' id='word_1_319' title='bbox 914 2805 950 2842; x_wconf 92' lang='lat' dir='ltr'>A</span> <span class='ocrx_word' id='word_1_320' title='bbox 974 2806 1034 2843; x_wconf 91' lang='lat' dir='ltr'>die</span> <span class='ocrx_word' id='word_1_321' title='bbox 1068 2807 1164 2843; x_wconf 88' lang='lat' dir='ltr'>enim</span> <span class='ocrx_word' id='word_1_322' title='bbox 1191 2808 1235 2843; x_wconf 88' lang='lat'>19</span> <span class='ocrx_word' id='word_1_323' title='bbox 1260 2808 1365 2845; x_wconf 83' lang='lat' dir='ltr'>Mart.</span> <span class='ocrx_word' id='word_1_324' title='bbox 1392 2809 1479 2855; x_wconf 93' lang='lat' dir='ltr'>(quo</span> <span class='ocrx_word' id='word_1_325' title='bbox 1504 2809 1652 2856; x_wconf 85' lang='lat' dir='ltr'>quidem</span> 
     </span>
     <span class='ocr_line' id='line_1_36' title="bbox 90 2863 1652 2918; baseline 0.006 -18"><span class='ocrx_word' id='word_1_326' title='bbox 90 2863 151 2900; x_wconf 91' lang='lat' dir='ltr'>die</span> <span class='ocrx_word' id='word_1_327' title='bbox 182 2874 229 2901; x_wconf 83' lang='lat' dir='ltr'>ex</span> <span class='ocrx_word' id='word_1_328' title='bbox 251 2864 472 2902; x_wconf 86' lang='lat' dir='ltr'>monasterio</span> <span class='ocrx_word' id='word_1_329' title='bbox 497 2864 535 2902; x_wconf 88' lang='lat' dir='ltr'>S.</span> <span class='ocrx_word' id='word_1_330' title='bbox 552 2865 723 2913; x_wconf 86' lang='lat' dir='ltr'>Dionysii</span> <span class='ocrx_word' id='word_1_331' title='bbox 753 2864 911 2912; x_wconf 87' lang='lat' dir='ltr'>profecti</span> <span class='ocrx_word' id='word_1_332' title='bbox 942 2867 1042 2911; x_wconf 84' lang='lat' dir='ltr'>sunt)</span> <span class='ocrx_word' id='word_1_333' title='bbox 1073 2866 1120 2902; x_wconf 89' lang='lat' dir='ltr'>ad</span> <span class='ocrx_word' id='word_1_334' title='bbox 1151 2867 1249 2903; x_wconf 88' lang='lat' dir='ltr'>diem</span> <span class='ocrx_word' id='word_1_335' title='bbox 1283 2868 1328 2904; x_wconf 90' lang='lat'>13</span> <span class='ocrx_word' id='word_1_336' title='bbox 1352 2868 1448 2905; x_wconf 90' lang='lat' dir='ltr'>Iunii</span> <span class='ocrx_word' id='word_1_337' title='bbox 1481 2870 1568 2918; x_wconf 88' lang='lat' dir='ltr'>(quo</span> <span class='ocrx_word' id='word_1_338' title='bbox 1592 2870 1652 2910; x_wconf 86' lang='lat' dir='ltr'>die</span> 
     </span>
     <span class='ocr_line' id='line_1_37' title="bbox 91 2921 1348 2972; baseline 0.005 -13"><span class='ocrx_word' id='word_1_339' title='bbox 91 2921 262 2970; x_wconf 88' lang='lat' dir='ltr'>„finitum</span> <span class='ocrx_word' id='word_1_340' title='bbox 286 2923 382 2961; x_wconf 86' lang='lat' dir='ltr'>iter“</span> <span class='ocrx_word' id='word_1_341' title='bbox 407 2934 488 2962; x_wconf 87' lang='lat' dir='ltr'>esse</span> <span class='ocrx_word' id='word_1_342' title='bbox 513 2925 675 2962; x_wconf 83' lang='lat' dir='ltr'>ostendit</span> <span class='ocrx_word' id='word_1_343' title='bbox 699 2925 870 2972; x_wconf 81' lang='lat' dir='ltr'>scriptor)</span> <span class='ocrx_word' id='word_1_344' title='bbox 894 2925 1162 2971; x_wconf 86' lang='lat' dir='ltr'>praeterierunt</span> <span class='ocrx_word' id='word_1_345' title='bbox 1185 2926 1265 2964; x_wconf 87' lang='lat' dir='ltr'>dies</span> <span class='ocrx_word' id='word_1_346' title='bbox 1289 2928 1348 2967; x_wconf 83' lang='grc'>87.</span> 
     </span>
    </p>
   </div>
   <div class='ocr_carea' id='block_1_5' title="bbox 1695 266 1765 302">
    <p class='ocr_par' dir='ltr' id='par_1_7' title="bbox 1695 266 1765 302">
     <span class='ocr_line' id='line_1_38' title="bbox 1695 266 1765 302; baseline 0 0"><span class='ocrx_word' id='word_1_347' title='bbox 1695 266 1765 302; x_wconf 89' lang='grc'>836</span> 
     </span>
    </p>
   </div>
   <div class='ocr_carea' id='block_1_6' title="bbox 1687 316 1774 347">
    <p class='ocr_par' dir='ltr' id='par_1_8' title="bbox 1687 316 1774 347">
     <span class='ocr_line' id='line_1_39' title="bbox 1687 316 1774 347; baseline 0.011 -1"><span class='ocrx_word' id='word_1_348' title='bbox 1687 316 1774 347; x_wconf 84' lang='lat' dir='ltr'>Iunio</span> 
     </span>
    </p>
   </div>
   <div class='ocr_carea' id='block_1_7' title="bbox 1687 661 1816 692">
    <p class='ocr_par' dir='ltr' id='par_1_9' title="bbox 1687 661 1816 692">
     <span class='ocr_line' id='line_1_40' title="bbox 1687 661 1816 692; baseline 0.008 -1"><span class='ocrx_word' id='word_1_349' title='bbox 1687 661 1764 692; x_wconf 90' lang='lat' dir='ltr'>Iuni.</span> <span class='ocrx_word' id='word_1_350' title='bbox 1777 662 1816 692; x_wconf 88' lang='lat'>13</span> 
     </span>
    </p>
   </div>
   <div class='ocr_carea' id='block_1_8' title="bbox 1684 2079 1815 2111">
    <p class='ocr_par' dir='ltr' id='par_1_10' title="bbox 1684 2079 1815 2111">
     <span class='ocr_line' id='line_1_41' title="bbox 1684 2079 1815 2111; baseline 0.008 -1"><span class='ocrx_word' id='word_1_351' title='bbox 1684 2079 1760 2111; x_wconf 82' lang='lat' dir='ltr'>Iuni.</span> <span class='ocrx_word' id='word_1_352' title='bbox 1775 2081 1815 2111; x_wconf 88' lang='lat'>14</span> 
     </span>
    </p>
   </div>
  </div>
 </body>
</html>
