1924 3288
316 217 404 262 386
823 229 1021 260 wmALm
1049 228 1268 260 nrls'rom
1297 229 1369 260 2⁶0.

199 327 292 364 1150
434 322 663 380 Postquam
701 335 728 366 a
765 321 969 380 colloquio
999 326 1138 368 vestro
1175 323 1230 368 ad
1262 323 1563 369 monasterium
1588 312 1786 369 nostruin·
1806 336 1875 370 re-

316 401 451 457 gressi
486 414 630 444 sumus
669 403 711 444 et
739 403 828 444 tam
856 400 1057 445 fratribus
1087 401 1243 446 nostris
1274 415 1400 459 quam
1430 401 1523 446 aliis
1551 399 1743 447 fidelibus
1768 400 1875 446 'Gor-

315 478 496 524 beiensis
527 477 770 535 aecclesiae,
802 492 908 535 quae
939 478 1052 536 apud
1080 478 1255 524 Hamele
1285 482 1403 535 gesta
1432 482 1544 535 sunt,
1572 478 1874 537 intimavimus,

315 556 436 601 valde
465 556 609 600 mirati
638 559 737 601 sunt
767 559 810 600 et
839 556 1073 612 doluerunt,
1106 557 1218 614 quod
1237 556 1499 601 Corbeiensis
1524 555 1739 614 aecclesia,
1767 569 1875 615 quae

314 648 388 679 vos
420 633 634 691 aliquanto
665 638 854 692 tempore
885 637 928 679 et
958 634 1150 679 educavit
1179 638 1222 680 et
1245 634 1438 690 erudivit,
1468 635 1514 679 in
1532 637 1679 681 nostra
1692 641 1876 693 penna

314 715 479 756 tantum
519 712 575 756 sit
606 726 632 757 a
661 712 779 757 vobis
810 715 853 757 et
883 726 910 756 a
937 713 1089 757 vestris
1121 712 1318 769 despecta
1347 715 1390 757 et
1418 715 1508 757 tam
1535 712 1760 758 indiscrete
1787 715 1875 758 tra-

315 792 438 834 ctata.
511 789 728 847 Siquidem
771 790 1081 835 mandaveratis
1125 790 1245 835 nobis
1289 790 1426 848 primo
1471 804 1549 848 per
1591 787 1875 849 prepositum}¹

316 867 539 912 aecclesiae
575 871 766 924 nostrae,
803 867 954 912 deinde
992 867 1172 912 secundo
1209 881 1285 926 per
1319 868 1564 913 Heinricum
1601 868 1873 925 sacerdotem,

316 945 428 1003 quod
457 945 512 989 ad
540 944 762 1003 pacificum
785 945 1037 1003 colloquium
1055 959 1133 990 nos
1153 946 1371 1003 vocaretis,
1403 949 1446 990 et
1474 959 1644 991 causam
1669 948 1872 1003 nostram,

316 1038 422 1081 quae
450 1024 562 1068 inter
585 1037 660 1068 vos
691 1027 734 1068 et
762 1037 839 1068 nos
869 1024 956 1067 iam
986 1024 1115 1068 etiam
1145 1037 1253 1068 anno
1282 1024 1371 1068 fere
1401 1021 1572 1081 quarto²
1601 1037 1690 1069 non
1717 1023 1874 1082 absque

313 1101 559 1158 fatigatione
604 1115 759 1158 magna
801 1104 1027 1158 tractatur,
1073 1101 1252 1157 benigno
1296 1101 1380 1146 fine
1421 1101 1717 1147 terminaretis.
1782 1101 1875 1150 Hoc

314 1180 476 1238 ipsum,
507 1193 603 1224 cum
634 1179 688 1224 ad
716 1193 791 1224 vos
821 1179 1079 1224 venissemus
1087 1176 1116 1236 ³,
1147 1180 1193 1223 in
1222 1182 1448 1237 conspectu
1476 1179 1612 1224 tocius
1641 1178 1875 1224 multitudi-

314 1258 395 1314 nis,
431 1258 541 1303 sicut
570 1257 819 1314 dignitatem
848 1260 1034 1302 vestram
1063 1257 1215 1314 decuit,
1246 1258 1459 1302 confessus
1488 1257 1646 1312 fuistis3
1685 1260 1759 1303 set·
1776 1254 1873 1303 finis

316 1336 517 1392 ostendit,
557 1335 669 1393 quod
706 1350 792 1380 non
827 1335 890 1380 ita
925 1335 972 1379 in
1009 1348 1134 1392 opere
1171 1335 1279 1380 sicut
1315 1335 1360 1379 in
1391 1348 1582 1380 sermone
1611 1333 1871 1380 exhibuistis-

313 1413 424 1458 Nam
461 1427 556 1458 cum
586 1413 704 1458 vobis
734 1416 823 1458 tam
852 1413 1058 1457 veraciter
1089 1426 1214 1470 quam
1243 1412 1458 1458 humiliter
1486 1413 1770 1459 innocentiam
1784 1425 1874 1458 110·

315 1495 447 1536 stram
476 1479 829 1550 probavissemus,
861 1493 904 1535 et
934 1490 986 1535 de
1016 1489 1173 1535 offensa
1192 1493 1346 1547 vestra,
1378 1491 1466 1536 sive
1495 1490 1587 1535 iure
1610 1490 1700 1536 sive
1718 1490 1875 1545 iniuria

315 1570 523 1615 concitata
553 1572 676 1625 esset,
707 1568 825 1613 vobis
857 1568 1185 1614 satisfactionem
1212 1569 1496 1626 preberemus,
1526 1582 1613 1613 non
1634 1567 1771 1613 solum
1787 1578 1873 1614 11011

315 1647 548 1705 recepistis,
587 1650 652 1691 set
680 1649 816 1690 totum
846 1646 1067 1691 consilium
1098 1650 1140 1691 et
1159 1647 1334 1692 verbum
1355 1649 1543 1691 vestrum
1570 1647 1616 1691 in
1645 1660 1718 1692 ore
1745 1646 1872 1692 laico·

314 1739 424 1782 rum,
456 1738 551 1769 cum
581 1725 633 1769 de
663 1737 790 1769 causa
819 1725 1019 1769 canonica
1049 1728 1254 1781 ageretur,
1284 1724 1504 1782 posuistis;
1535 1737 1681 1769 eorum
1698 1723 1872 1781 scilieet,

317 1804 390 1861 qui
425 1816 650 1861 personam
685 1805 874 1846 nostram
910 1802 1106 1858 gravibus
1145 1802 1407 1848 contumeliis
1437 1801 1664 1847 affecerunt
1687 1804 1737 1847 vet
1762 1801 1873 1848 bona

317 1879 541 1926 aecclesiae
571 1883 741 1924 nostrae
759 1879 963 1925 violenter
994 1884 1036 1925 et
1065 1894 1141 1938 per
1171 1879 1436 1936 sacrilegium
1457 1880 1739 1938 diripuerunt3
1769 1893 1872 1938 quo-

315 1971 411 2003 rum
439 1971 514 2002 vos
551 1957 884 2002 communionem
919 1958 1048 2003 immo
1085 1958 1293 2003 familiare
1327 1957 1647 2003 contubernium
1675 1960 1719 2004 et
1745 1957 1871 2004 collo-

318 2035 462 2094 quium
493 2039 616 2093 atque
646 2035 878 2091 consilium,
910 2036 1018 2080 sicut
1048 2035 1354 2082 aecclesiastica
1381 2036 1503 2080 docet
1521 2035 1756 2094 disciplina,
1784 2048 1871 2080 non

317 2114 548 2159 devitastis.
608 2113 717 2169 Noe,
753 2114 826 2170 qui
855 2114 1155 2171 scripseramus
1185 2114 1324 2169 vobis,
1357 2113 1467 2170 quod
1497 2113 1551 2158 ad
1579 2123 1725 2172 pacem
1753 2113 1870 2160 veni-

316 2205 476 2247 remus,
516 2191 595 2235 hoc
629 2191 830 2235 habentes
867 2191 914 2235 in
949 2191 1072 2236 corde
1117 2192 1228 2249 quod
1261 2191 1482 2236 habuimus
1518 2191 1565 2236 in
1593 2204 1687 2248 ore,
1722 2203 1870 2249 paoem

317 2269 434 2314 vobis
466 2268 690 2313 obtulimus
722 2272 763 2312 et
793 2282 918 2326 opere
949 2272 991 2313 et
1018 2269 1206 2314 veritate.
1271 2269 1344 2313 Set
1373 2269 1471 2326 quia
1498 2282 1584 2326 pax
1613 2271 1758 2313 nostra
1784 2281 1870 2313 non

317 2346 535 2405 respondit
553 2346 687 2401 vobis,
717 2349 957 2403 poteramus
986 2347 1078 2391 iure
1106 2350 1250 2392 nostro
1279 2360 1356 2405 pro
1385 2345 1528 2390 multis
1558 2345 1868 2403 gravaminibus

317 2425 474 2469 nostris
503 2423 751 2482 appellasse,
782 2423 887 2467 nihil
905 2428 1110 2481 verentes,
1142 2424 1251 2482 quod
1273 2424 1352 2468 hoc
1369 2423 1490 2468 nobis
1507 2427 1650 2482 posset
1669 2422 1867 2480 accidere,

320 2502 431 2560 quod
448 2505 586 2546 vestro
618 2501 759 2546 abbati
780 2501 832 2546 de
852 2499 1018 2546 Insula‘
1035 2503 1082 2546 in
1101 2516 1179 2547 sua
1198 2500 1477 2559 appellatione
1496 2500 1683 2557 contigit.
1725 2500 1869 2546 Solent

320 2579 433 2625 enim
467 2578 565 2623 laici
592 2579 723 2624 vestri
759 2578 959 2623 districtis
998 2579 1148 2635 gladiis
1187 2579 1239 2623 de
1274 2577 1643 2636 appellationibus,
1679 2590 1786 2636 quae
1814 2577 1868 2623 ad

320 2657 520 2702 domnum
554 2669 710 2715 papam
737 2654 862 2712 fiunt,
899 2656 1097 2702 iudicare.
1145 2656 1226 2709 Qui
1260 2668 1371 2701 1111110
1405 2656 1452 2700 111
1487 2655 1691 2713 colloquio
1728 2658 1867 2701 vestro

415 2798 449 2835 1.
480 2796 734 2835 Adelbertum.
834 2797 869 2833 2.
900 2797 996 2834 Hinc
1026 2798 1159 2844 liquet,
1191 2796 1381 2843 epistolam
1412 2794 1506 2832 hanc
1536 2806 1632 2833 anno
1665 2795 1758 2832 1150
1786 2804 1868 2833 etse

320 2857 507 2903 scriptam.
550 2854 843 2895 Controversiam
874 2855 974 2892 illam
1006 2857 1103 2893 enim
1134 2855 1271 2894 seimus
1301 2855 1375 2892 iam
1402 2864 1449 2891 ex
1479 2865 1526 2891 m.
1550 2854 1750 2892 Februario
1779 2853 1867 2891 anni

321 2917 414 2954 1147
438 2915 599 2954 fluxisse.
621 2915 668 2954 V.
686 2925 743 2961 ep.
763 2914 832 2952 180
850 2925 961 2961 supra
978 2926 1013 2961 p.
1031 2917 1100 2952 301
1124 2926 1160 2952 n.
1178 2915 1213 2952 2.
1284 2915 1319 2951 3.
1334 2913 1535 2951 Hamelam.
1604 2913 1640 2951 4.
1657 2912 1865 2952 monasterii

321 2975 360 3013 S.
375 2976 535 3013 Mauritii
558 2975 605 3013 de
628 2974 754 3012 Insula
777 2972 860 3020 (auf
877 2973 962 3012 dem
978 2974 1145 3019 Werder)
1170 2984 1284 3020 prope
1306 2973 1478 3010 Mindam.
