1924 3288
293 202 380 245 258
730 213 928 245 wmALm
955 212 1204 245 EPISTOLAE
1230 212 1416 244 152—154.

150 310 269 346 11491>
291 307 483 352 Elverioo
523 322 649 365 quam
684 308 899 365 preposito
929 307 1233 364 Eresburgensi
1264 311 1389 365 atque
1418 307 1581 352 custodi
1609 306 1852 354 Gorboiffli

290 388 385 429 rata
427 389 470 429 et
511 384 764 429 inviolabilis
809 389 1073 443 permaneat,
1119 389 1279 430 cartam
1324 385 1434 429 hane
1475 385 1522 429 in
1562 384 1852 431 testimonium

288 463 424 507 factae
467 463 530 506 rei
573 462 779 507 conscribi
823 466 866 507 et
909 463 1047 519 sigillo
1091 463 1205 507 beati
1242 462 1330 507 Viti
1374 462 1639 520 precepimus
1676 462 1847 519 sigum.

290 540 434 584 Testes
465 543 605 584 autem
635 540 759 584 huius
791 541 967 585 actionis
997 541 1042 585 hi
1070 541 1274 585 fuerunt·.

294 681 408 728 153.
440 684 652 727 Wibaldus
689 685 742 727 B.
766 685 1008 742 praeposito
1043 685 1200 739 scribit,
1239 700 1283 727 se
1311 699 1396 727 nou
1424 684 1636 727 munitum
1665 698 1749 729 ωδε
1776 683 1853 730 ud

435 762 696 804 ‘mendacium
727 762 890 805 dixisse.
935 761 1123 805 Indutias
1145 763 1263 819 petit.
1634 758 1854 814 &1344

170 854 262 890 1149
405 848 554 893 Frater
576 849 794 894 Wibaldus
815 849 897 894 Dei
925 850 1063 905 gratia
1090 849 1136 893 id
1167 849 1279 905 quod
1300 852 1365 893 est
1382 849 1428 893 in
1449 848 1626 897 eeclesia
1643 848 1850 895 catholica

287 925 438 970 dilecto
467 927 591 971 fratri
619 931 661 972 et
686 928 819 972 amico
840 941 915 971 suo
934 926 982 970 B.
1004 927 1220 984 preposito
1241 926 1420 971 salutem
1441 930 1483 971 et
1502 926 1850 973 benedictionem‘

405 1003 634 1048 Cuiusdam
654 1005 856 1062 sapientis
869 1002 881 1022 ¹
893 1005 1024 1049 verba
1043 1008 1142 1048 sunt
1160 1004 1283 1048 haec:
1306 1005 1421 1048 Inter
1435 1006 1698 1048 mendacium
1712 1006 1852 1049 dicere.

287 1091 325 1125 et
352 1085 523 1126 mentiri
542 1084 681 1127 distat.
731 1083 819 1137 Qui
835 1085 1043 1136 mentitur,
1075 1085 1167 1140 ipse
1184 1098 1271 1125 non
1279 1083 1472 1139 fallibwr,
1505 1082 1850 1139 alter-amsallou

287 1169 462 1203 conatur
467 1176 483 1211 ,·
523 1163 600 1217 qui
627 1163 889 1204 mendacium
919 1162 1023 1203 dicit
1029 1192 1042 1214 ,
1074 1162 1165 1217 ipse
1182 1160 1374 1216 fallitur.
1420 1159 1527 1204 Item
1554 1159 1635 1203 11οο
1665 1158 1847 1205 addidit:

289 1237 376 1291 Qui
410 1241 606 1282 mentitur
635 1237 773 1294 inquit
797 1239 943 1295 fallit,
986 1246 1188 1294 quantum
1224 1239 1271 1280 in
1306 1253 1371 1289 ee,·
1410 1247 1455 1282 at
1484 1240 1560 1295 qui
1585 1239 1853 1283 mendaci-m-

286 1316 408 1369 dicit,
450 1331 535 1359 non
559 1316 706 1372 fallit,
750 1324 952 1372 quantum
990 1317 1036 1358 in
1075 1331 1118 1358 se
1156 1324 1225 1358 est.
1277 1315 1384 1359 Item
1419 1314 1498 1358 1100
1528 1327 1691 1371 quoque
1722 1313 1848 1372 super

286 1391 433 1436 eadem
462 1406 509 1436 re
540 1393 663 1436 dicit:
702 1394 777 1437 Vir
807 1394 938 1436 bonus
967 1392 1106 1448 inquit
1129 1401 1321 1450 prestare
1350 1393 1486 1446 debet,
1522 1408 1576 1436 ne
1603 1395 1851 1444 mentiauae;

277 1472 482 1527 prudens,
514 1487 567 1514 ne
595 1473 860 1514 mendacium
889 1473 1014 1514 dicat.
1060 1469 1119 1513 Et
1147 1483 1238 1525 nos,
1269 1469 1401 1514 frater
1424 1469 1660 1526 karissime,
1690 1482 1848 1527 nequa-

285 1560 413 1603 quam
451 1548 618 1591 mentiti
658 1561 823 1604 sumus,
863 1551 927 1591 set
961 1547 1226 1591 mendacium
1256 1546 1394 1590 dicere
1424 1546 1560 1602 coegit
1588 1561 1671 1591 non
1701 1547 1850 1605 inpru-

285 1624 442 1680 dentia,
474 1629 539 1669 set
567 1626 809 1669 necessitas.
858 1625 1004 1681 Itaque
1032 1624 1243 1680 longiores
1274 1624 1409 1668 adhuc
1437 1624 1628 1669 inducias
1650 1625 1849 1683 potimus,
1877 1613 1882 1617 ’

283 1705 332 1745 111
360 1716 495 1759 neque
524 1703 692 1747 mentiti
721 1703 851 1747 fuisse
880 1716 1016 1759 neque
1045 1701 1310 1746 mendacium
1335 1701 1493 1746 dixisse
1513 1702 1846 1761 comprobemur.

291 1843 405 1890 154.
437 1847 475 1889 T
471 1846 670 1890 hiewinus
705 1848 918 1904 episcopus
950 1847 994 1890 S.
1019 1848 1202 1906 Rufinae
1233 1853 1272 1888 et
1303 1846 1441 1889 Guido
1472 1847 1741 1891 cancellarius
1761 1862 1846 1905 pa-

427 1924 542 1981 palis
561 1924 788 1967 Henm‘eum
809 1926 1044 1982 episcopum
1064 1924 1322 1968 Mindensem
1342 1931 1517 1978 monent,
1544 1932 1592 1967 ut
1609 1925 1660 1967 de
1681 1924 1847 1968 ecelesia

433 2001 739 2055 Kaminatemi,
785 2003 857 2045 ubi
891 2017 1014 2046 sacra
1042 2002 1145 2061 fieri
1181 2001 1368 2055 vetuerit,
1412 2016 1503 2044 cum
1543 2001 1847 2046 Coo-beientibus

433 2077 669 2136 transiqatb.
1631 2075 1705 2132 (Μ.
1729 2077 1845 2133 135.)

168 2175 260 2211 1149
403 2166 643 2211 Thiewinus
673 2167 852 2211 Sanctae
881 2166 1055 2211 Rufinae
1086 2167 1306 2225 episcopus
1337 2169 1380 2210 et
1408 2164 1545 2210 Guido
1576 2170 1745 2211 sanctae
1763 2165 1846 2212 Ro-

284 2258 434 2288 manae
474 2245 673 2289 ecclesiae
712 2245 912 2288 diaconus
950 2241 1198 2302 cardinalis²
1229 2246 1272 2287 01
1307 2242 1579 2287 cancellarius
1616 2243 1846 2289 venerabili

283 2323 406 2367 fiatri
436 2322 617 2366 Henrico
648 2321 858 2366 Mindensi
889 2322 1085 2379 episcopo
1117 2321 1306 2366 salutem.

402 2399 572 2443 Fratres
604 2399 867 2444 Corbeiensis
897 2399 1143 2444 monasterii
1171 2398 1292 2443 nobis
1322 2398 1540 2454 conquesti
1568 2402 1688 2454 sunt,
1719 2397 1844 2455 quod,

284 2491 380 2522 cum
411 2478 465 2521 ad
495 2478 695 2521 domnum
734 2492 891 2535 papam
920 2477 1207 2535 perrexissent
1235 2479 1277 2519 et
1314 2475 1426 2533 apud
1461 2489 1558 2520 eum
1588 2475 1845 2532 aliquamdiu

284 2569 446 2598 moram
465 2555 675 2610 fecissent,
696 2555 741 2599 in
761 2555 1073 2599 Kaminatensi⁰
1094 2554 1307 2609 aecclesia,
1329 2554 1374 2597 in
1394 2566 1477 2610 qua
1495 2553 1579 2610 ipsi
1598 2553 1844 2609 religionem

284 2633 512 2677 reformare
531 2636 746 2689 ceperunt,
770 2633 913 2677 divina
935 2632 1199 2690 prohibueris
1220 2630 1356 2675 officia
1374 2630 1589 2675 celebrari.
1636 2630 1744 2683 Quia
1763 2630 1843 2686 igi-

380 2732 407 2752 8.
430 2723 537 2753 desunt
557 2724 671 2753 actitem
693 2724 824 2753 nomina.
908 2722 937 2753 b.
959 2723 1034 2752 baec
1054 2722 1183 2761 epistola
1198 2723 1228 2751 ἰιι
1243 2721 1347 2751 codn'oe
1362 2719 1406 2751 bie
1420 2721 1539 2762 legitur,
1562 2721 1591 2750 l.
1609 2721 1669 2758 fol.
1685 2719 1843 2752 150-10

285 2781 312 2805 ee
333 2777 362 2806 2.
383 2776 441 2812 fol.
457 2776 533 2806 500.
614 2784 640 2806 0.
670 2774 873 2806 Caminatensi
895 2776 924 2812 1,
952 2774 1157 2805 Kaminatensi
1177 2775 1206 2805 2.

381 2834 414 2868 1.
445 2833 486 2868 P.
503 2832 643 2879 Nigidii
667 2843 726 2878 ap.
744 2832 904 2870 Gellium
927 2832 993 2878 xl,
1021 2833 1082 2877 11,
1107 2831 1206 2868 unde
1230 2834 1330 2867 totus
1353 2830 1457 2867 100118
1480 2830 1569 2867 iste:
1593 2829 1732 2877 „verba
1754 2832 1841 2866 eunt

284 2890 375 2928 haec
402 2912 446 2918 —
471 2902 517 2928 ne
543 2891 773 2928 mendacium
798 2891 923 2929 dioat“
946 2891 994 2928 1111
1018 2891 1177 2928 litteram
1200 2890 1416 2936 desumptus
1439 2893 1507 2926 est.
1605 2890 1638 2926 2.
1672 2887 1736 2926 SS.
1753 2888 1840 2926 000-

285 2961 365 2987 mae
390 2955 428 2987 et
451 2951 633 2987 Damiani.
