1924 3288
547 197 746 229 wmALm
775 196 1025 230 ammonui
1054 196 1124 228 215.
1149 195 1219 228 216.
1579 182 1666 228 335

102 295 146 338 ct
172 290 310 338 Guido
340 292 628 337 consiliatores
657 293 798 338 curiae
828 293 936 337 sacri
975 296 1144 338 senatus
1182 294 1225 335 et
1254 291 1487 335 communis
1517 290 1665 336 salutis

100 371 165 416 rei
192 370 386 429 publicae
414 374 728 429 procuratores,
764 385 841 429 pro
871 385 996 429 posse
1026 372 1071 415 in
1101 370 1294 415 omnibus
1322 368 1463 414 fidelia
1493 370 1667 414 servitia

101 451 146 494 et
172 447 351 493 Romani
379 449 548 507 imperii
577 451 938 494 restaurationem.

218 525 276 570 Ut
303 527 390 571 iam
419 541 498 585 per
526 527 668 586 plures
699 527 862 572 litteras
893 527 1034 583 regiae
1055 526 1335 583 significatum
1356 529 1421 570 est
1439 525 1664 582 maiestati,

99 603 310 661 videnteS,
342 605 567 663 imperium
595 605 831 650 Romanum
860 605 1087 650 temeraria
1115 605 1388 662 usurpatione
1418 604 1666 649 clericorum

100 695 127 727 a
155 696 231 727 suo
251 683 395 739 vigore
424 683 653 742 plurimum
684 685 902 740 decidisse,
934 697 986 728 ex
1018 698 1098 741 quo
1118 683 1331 728 Romanus
1358 682 1538 742 populus
1557 682 1665 726 mul-

97 763 190 805 tum
234 761 506 806 dedecoratus
553 766 662 819 erat,
710 762 763 806 ad
809 762 952 806 orbem
989 762 1141 806 vestris
1187 762 1365 820 pedibus
1404 761 1665 806 subdendum

98 837 256 883 Christi
293 839 450 884 auxilio
490 853 586 884 cum
623 854 786 884 summo
825 840 962 884 studio
1001 844 1194 885 senatum
1234 839 1530 895 relevavimus3
1578 840 1664 896 qui,

98 930 246 975 pacem
274 917 321 961 in
339 917 453 963 Urbe
482 931 734 963 conservans
766 921 808 963 et
835 918 1047 963 iusticiam
1070 919 1243 975 faciens,
1274 919 1405 963 bonos
1427 917 1664 974 exaltando,

98 995 232 1040 malos
263 999 404 1040 autem
434 996 623 1053 delendo,
664 996 718 1040 ad
748 997 1063 1054 adipiscendam
1093 997 1262 1055 imperii
1291 1010 1510 1053 coronam,
1551 996 1666 1040 omni

97 1073 346 1119 clericorum
376 1074 589 1119 obstaculo
620 1078 795 1131 remoto,
827 1078 991 1120 vestrae
1012 1076 1209 1131 dignitati
1229 1076 1284 1119 ad
1303 1075 1460 1120 Urbem
1479 1075 1665 1119 venienti

97 1164 279 1208 congrue
298 1152 412 1196 viam
440 1156 649 1211 preparet.
692 1152 811 1205 Quod
841 1154 927 1197 iam
955 1157 1044 1197 tam
1073 1157 1242 1198 senatus
1265 1168 1391 1210 quam
1410 1167 1486 1197 nos
1509 1153 1665 1197 Christi

97 1230 234 1286 gratia
251 1230 433 1275 viriliter
462 1231 649 1275 fecimus.
691 1231 801 1275 Nam
822 1231 1021 1276 Cencium
1041 1231 1074 1276 F
1076 1232 1322 1289 raiapanem
1353 1236 1395 1276 et
1420 1231 1528 1275 filios
1549 1231 1666 1275 Petri

96 1306 263 1365 Leonis,
295 1322 398 1365 quos
429 1321 524 1353 cum
553 1323 667 1368 papa
697 1313 740 1354 et
761 1309 900 1354 Siculo
930 1324 1007 1368 pro
1029 1311 1159 1355 vestri
1187 1311 1468 1354 minoratione
1496 1310 1665 1368 imperii

96 1387 361 1444 conspirasse
399 1387 690 1444 cognovimus,
730 1403 783 1433 ex
813 1389 927 1433 Urbe
965 1389 1191 1433 deiecimus
1231 1393 1273 1433 et
1308 1402 1451 1433 eorum
1481 1387 1665 1446 plurima

96 1463 207 1509 bona
232 1464 592 1523 depopulavimus,
622 1466 685 1510 ita
705 1467 815 1524 quod
835 1467 954 1511 vobis
974 1467 1171 1511 resistere
1191 1467 1306 1511 nullo
1328 1467 1452 1510 modo
1473 1467 1662 1524 quibunt.

95 1541 167 1586 Nil
197 1556 303 1599 ergo,
327 1542 442 1587 aliud
470 1547 616 1601 restat,
648 1545 685 1588 si
714 1544 853 1602 placet
882 1545 1015 1601 vobis,
1046 1546 1130 1590 nisi
1159 1549 1208 1589 ut
1238 1545 1429 1590 celeriter
1454 1545 1560 1589 Urbi
1590 1558 1663 1602 ap-

95 1621 386 1679 propinquetis
418 1624 460 1666 et
482 1622 637 1680 populo
658 1626 798 1666 vestro
820 1624 1087 1680 succurratis,
1120 1624 1332 1681 quoniam,
1365 1622 1562 1680 quicquid
1593 1622 1663 1666 de-

96 1698 254 1743 siderat
273 1698 397 1743 Urbis
427 1713 500 1743 cor
527 1699 761 1757 imperiale,
792 1701 838 1744 in
869 1715 919 1745 ea
949 1701 1137 1746 obtinere
1167 1702 1315 1760 procul
1345 1701 1472 1745 dubio
1491 1701 1661 1759 poterit.

95 1775 161 1820 De
180 1779 318 1821 cetero
337 1777 677 1821 commendamus
691 1778 809 1822 vobis
829 1778 905 1822 hos
925 1783 1092 1823 nostros
1112 1780 1301 1835 nuncios,
1317 1782 1478 1823 vestros
1497 1777 1663 1832 fideles;

96 1868 195 1898 nam
224 1868 301 1912 pro
331 1855 463 1899 vestri
493 1855 648 1899 amoris
678 1854 880 1900 fidelitate
916 1856 1012 1900 illos
1044 1857 1097 1901 ad
1126 1871 1201 1901 vos
1237 1858 1442 1901 misimus.
1489 1856 1662 1901 Litteris

96 1946 260 1990 quoque
290 1933 441 1977 vestris
471 1946 694 1990 precamur
717 1937 765 1977 ut
784 1947 860 1978 nos
881 1934 1107 1980 laetificare
1128 1939 1171 1980 et
1189 1935 1396 1980 honorare
1417 1935 1660 1992 dignemini.

98 2074 216 2122 216.
246 2076 425 2122 Senator
455 2079 625 2136 quidam
657 2078 893 2122 Com-adum
912 2079 985 2122 III
1006 2095 1144 2137 reyem
1174 2081 1377 2134 admonet,
1408 2089 1454 2124 ut
1481 2082 1662 2124 Romam

244 2157 380 2199 veniat
401 2156 614 2215 finemque
637 2156 791 2213 papali
813 2159 1010 2214 potestati
1038 2159 1235 2215 imponat.
1447 2157 1518 2212 (M.
1542 2158 1661 2212 213.)

215 2244 502 2288 fflustrissimo
518 2247 644 2300 atque
657 2244 879 2300 magnifico
894 2249 1101 2290 terrarum
1120 2247 1232 2291 orbis
1249 2247 1418 2291 domino
1434 2246 1660 2302 Con(rado)

97 2322 179 2368 Dei
207 2323 345 2379 gratia
373 2322 658 2366 Romanorum
687 2323 778 2379 regi
807 2337 975 2382 semper
1003 2325 1303 2383 triumphatori
1334 2329 1524 2382 augusto,

291 2414 372 2458 quo
403 2400 553 2445 melior
582 2399 737 2456 nullus,
768 2401 836 2445 cui
864 2402 1004 2446 nullus
1033 2403 1079 2446 in
1110 2403 1210 2447 orbe
1241 2404 1461 2459 secundus,

96 2478 268 2536 quidam
290 2477 426 2523 fidelis
447 2482 630 2534 senatus,
653 2492 869 2523 servorum
888 2481 1000 2537 regis
1018 2479 1302 2538 fidelissimus,
1325 2481 1522 2538 quic-quid
1542 2478 1659 2525 tanto

98 2556 269 2601 domino
297 2556 487 2601 tantillus
517 2556 711 2600 famulus.

213 2633 385 2679 Certum
424 2648 473 2680 ac
508 2634 678 2679 firmum
715 2634 771 2678 sit
807 2636 947 2690 regiae
984 2637 1215 2692 maiestati,
1255 2650 1323 2680 me
1359 2636 1405 2679 in
1439 2640 1588 2680 senatu
1619 2641 1661 2681 et

96 2725 342 2770 quocunque
369 2714 490 2771 potui
520 2714 574 2757 ad
593 2713 724 2757 vestri
750 2712 1047 2758 exaltationem
1067 2714 1235 2771 imperii
1257 2714 1469 2758 assiduam
1489 2728 1661 2772 operam

96 2790 279 2845 dedisse3
312 2793 355 2835 et
373 2791 528 2835 idcirco
549 2791 682 2847 vobis,
713 2790 812 2835 licet
841 2791 1038 2836 audacter
1064 2795 1207 2835 tamen
1227 2790 1482 2836 confidenter
1503 2793 1659 2837 scribo:

352 2868 465 2913 Utile
495 2869 730 2924 consilium,
763 2869 968 2924 dominus,
1000 2883 1054 2913 ne
1085 2870 1253 2926 despice
1284 2870 1406 2914 servi.

97 2944 143 2990 Si
172 2945 271 2990 licet
301 2945 442 3003 itaque
473 2960 594 2992 servo
625 2947 793 2991 domino
825 2961 898 2990 suo
930 2946 1150 2991 consilium
1182 2947 1294 3003 dare,
1326 2947 1457 3004 regali
1478 2949 1658 3006 pruden-

1692 294 1784 331 1149

1689 2254 1780 2291 1149
