1924 3288
352 210 436 255 146
814 221 1012 254 wmALm
1040 220 1288 254 srrsrromu
1314 221 1366 253 6⁹.
1386 219 1436 253 το.

219 320 310 356 1147
348 317 576 362 testimonii
614 321 656 362 et
692 318 738 361 in
773 316 979 361 catholica
1009 317 1210 362 aecclesia
1236 316 1342 362 bene
1371 317 1654 374 nominatum,
1697 315 1833 375 quom·
1851 314 1906 364 ad

209 378 235 400 θ’
252 369 325 401 Dec.
347 398 513 440 nostras
550 399 693 453 partes
731 395 955 439 accessisse
986 395 1211 439 admodum
1240 394 1490 451 gaudemus,
1528 397 1675 452 utpote
1704 394 1756 440 de
1785 394 1904 439 uias

347 473 571 530 prudentia
608 476 650 517 et
687 472 897 516 industria
931 472 1162 530 plurimum
1192 471 1452 517 confidimus.
1499 471 1775 517 obsecramus
1799 484 1904 529 ,πο

347 551 645 608 paternitatem
681 553 886 607 vestram,
927 550 1124 608 quatinus
1162 564 1258 595 eum
1295 550 1342 594 in
1378 550 1466 594 suis
1504 548 1799 608 peticionibus.
1820 547 1904 595 clo-

346 631 509 673 menter
546 627 801 684 exaudiatis,
842 631 885 672 et
921 629 1121 686 precipue
1158 642 1235 686 pro
1274 627 1475 672 aecclesia
1511 627 1904 683 Kaminatemignin

346 719 429 762 qua
459 709 501 750 et
531 705 699 750 divinae
727 705 943 762 religionis
973 706 1146 762 cultum,
1177 706 1295 750 cuius
1318 706 1364 750 in
1384 705 1531 750 eadem
1552 705 1755 750 aecclesia
1766 703 1905 750 multa

345 783 600 839 negligentia
628 783 780 840 fuerat,
810 787 1013 841 tanquam
1041 784 1108 828 vir
1133 783 1353 840 religiosus
1381 796 1430 827 ac
1455 783 1641 842 prudens
1658 782 1904 828 reformavit

345 865 387 905 et
422 861 582 905 reditus
623 874 672 905 ac
706 861 1014 919 possessiones,
1053 875 1156 919 quas
1187 861 1373 906 eiusdem
1402 862 1649 906 monasterii
1677 860 1902 918 abbatissa,

342 938 501 983 femina
529 952 616 984 non
645 939 745 983 boni
776 940 888 998 apud
907 953 984 984 nos
1005 940 1249 996 testimonii,
1279 942 1378 997 post
1397 939 1464 983 sui
1484 939 1788 998 depositionem
1806 949 1902 989 cum

342 1017 461 1061 vanis
493 1020 536 1062 et
565 1016 786 1075 superfluis
817 1018 1056 1062 hominibus
1087 1018 1366 1075 dissipaverat
1395 1021 1438 1062 et
1466 1017 1671 1063 militibus
1699 1017 1747 1061 in
1774 1016 1901 1062 bene-

340 1094 434 1139 ficio
466 1098 742 1151 concesserat,
777 1098 980 1152 tanquam
1009 1096 1076 1140 vir
1105 1098 1300 1139 strenuus
1329 1095 1418 1139 fere
1447 1095 1502 1139 ad
1530 1095 1742 1152 integrm
1769 1094 1901 1140 recol—-

339 1172 443 1229 legit
481 1177 524 1218 et
559 1173 814 1217 utilitatibus
851 1174 1097 1218 monasterii
1125 1173 1323 1218 restituit.
1370 1172 1480 1218 Huic
1509 1186 1606 1230 ergo
1637 1172 1798 1218 homini
1824 1171 1901 1217 ha*

338 1251 476 1296 beuti*
514 1251 652 1295 zelum
690 1251 772 1295 Dei
807 1254 1010 1308 tanquam
1045 1251 1141 1309 pius
1179 1255 1221 1295 et
1257 1251 1438 1295 clemens
1477 1254 1600 1309 pater
1636 1250 1824 1296 assistite
1852 1253 1901 1296 vot

338 1328 518 1385 labores,
558 1343 661 1386 quos
691 1329 792 1373 fecit
819 1329 867 1373 in
897 1329 1099 1374 aecclesia
1127 1329 1221 1385 Dei,
1258 1332 1399 1373 vestra
1428 1329 1676 1374 auctoritate
1705 1325 1899 1374 corrobe-

338 1410 450 1462 rate;
490 1407 569 1451 hoc
597 1407 746 1464 procul
776 1407 901 1451 dubio
933 1407 1126 1463 scientes,
1163 1407 1274 1464 quod
1302 1408 1494 1464 mutatio,
1526 1420 1632 1464 quae
1660 1407 1708 1451 in
1734 1406 1899 1465 prefato

338 1485 592 1529 monasterio
631 1485 745 1528 facta
785 1488 867 1540 est,
907 1485 1099 1529 omnibus
1137 1485 1344 1541 religiosis
1380 1488 1518 1530 terrae
1546 1487 1718 1529 nostrae
1745 1483 1898 1542 pluent,

337 1562 404 1606 his
436 1565 590 1619 autem,
623 1563 695 1620 qui
725 1562 882 1607 ibidem
910 1562 1092 1619 fuerant,
1123 1575 1250 1607 causa
1277 1563 1611 1620 irrelegiositatis
1641 1561 1849 1621 displicet.

341 1705 422 1751 70.
455 1706 661 1750 Henricus
692 1707 777 1750 dux
809 1705 1023 1750 saxoniae
1049 1705 1241 1764 Euqem‘o
1261 1707 1339 1751 ΙΠ
1350 1723 1496 1766 papae
1525 1706 1758 1752 wibaldum
1786 1720 1896 1755 mm·

456 1785 634 1828 mandat.
1711 1782 1786 1839 (Μ.
1806 1783 1896 1839 58.)

208 1876 299 1912 1147
457 1872 757 1917 Sacrosanctae
786 1872 998 1917 Romanae
1029 1871 1254 1917 aecclesiae
1293 1886 1455 1917 summo
1490 1871 1679 1931 pontifici
1706 1871 1896 1930 Eugenio

196 1935 221 1956 ⁰⁴
240 1926 313 1956 Dm
337 1950 542 1995 Henricus
581 1951 667 1994 dux
698 1950 907 1995 Saxoniae
943 1954 1164 2009 promptae
1202 1954 1245 1995 et
1282 1950 1490 1996 officiosae
1527 1951 1742 1997 servitutis
1771 1951 1895 1998 devo-

336 2029 506 2074 tionem.

455 2106 805 2151 Commendamus
832 2105 1079 2163 paternitati
1100 2109 1266 2150 vestrae
1287 2105 1485 2150 dilectum
1504 2105 1719 2151 dominum
1737 2119 1892 2163 meum,

335 2184 618 2229 venerabilem
642 2183 904 2228 Corbeiensis
936 2183 1133 2228 ecclesiae
1165 2184 1358 2228 abbatem
1379 2183 1631 2241 Wibaldum,
1662 2197 1787 2242 quem
1809 2197 1893 2243 ‘pro

335 2263 473 2307 causis
512 2261 710 2305 ecclesiae
748 2275 848 2305 suae
887 2261 940 2305 ad
976 2264 1140 2306 vestrae
1179 2262 1413 2306 maiestatis
1442 2261 1700 2319 presentiam
1728 2262 1893 2307 venisse

335 2339 642 2396 cognoscimus,
685 2353 809 2395 quem
849 2339 927 2383 etsi
963 2340 1008 2382 in
1046 2343 1270 2397 conspectu
1305 2343 1444 2384 vestro
1474 2339 1654 2395 gratiam
1682 2339 1893 2385 invenisse

334 2431 420 2462 non
452 2417 725 2472 ambigimus,
767 2431 843 2474 pro
876 2416 1027 2461 affectu
1056 2420 1210 2473 tamen,
1243 2431 1324 2474 quo
1355 2430 1450 2462 eum
1480 2416 1712 2474 diligimus,
1748 2421 1893 2463 nostra

337 2509 501 2553 quoque
531 2494 892 2539 commendatione
925 2508 1020 2538 eum
1049 2495 1353 2552 prosequimur.
1401 2494 1677 2539 Obsecramus
1697 2508 1796 2552 ergo
1814 2509 1892 2554 pa-

334 2573 577 2618 ternitatem
606 2575 802 2628 vestram,
836 2572 1031 2628 quatinus
1063 2586 1159 2617 eum
1189 2573 1233 2616 in
1264 2573 1350 2617 suis
1370 2571 1646 2630 peticionibus
1665 2572 1893 2618 clementer

335 2650 598 2706 exaudiatis,
616 2653 659 2694 et
686 2649 885 2707 precipue
915 2663 991 2707 pro
1023 2650 1197 2694 ecclesia
1227 2650 1536 2704 Kaminatensi3
1566 2649 1612 2693 in
1643 2663 1726 2707 qua
1755 2653 1799 2695 et
1826 2650 1890 2695 di-

334 2729 458 2773 vinae
487 2727 700 2784 religionis
732 2727 889 2771 cultum
920 2730 1121 2784 tanquam
1151 2728 1217 2771 vir
1246 2728 1466 2784 religiosus
1497 2740 1546 2771 ac
1575 2727 1729 2772 timens
1752 2726 1890 2780 Deum

334 2806 599 2862 reformavit,
640 2808 682 2849 et
717 2805 850 2862 ipsius
890 2804 1088 2849 ecclesiae
1118 2806 1266 2863 predia
1295 2818 1344 2849 ac
1372 2805 1674 2862 possessiones,
1712 2818 1792 2862 que
1821 2804 1888 2850 Iu-

334 2884 453 2928 ditha
483 2883 696 2928 abbatissa
726 2882 983 2926 adiutoribus
1015 2886 1058 2926 et
1087 2882 1343 2927 amatoribus
1365 2883 1451 2926 suis
1470 2886 1567 2940 post
1586 2881 1888 2941 depositionem

431 2988 458 3009 a.
488 2978 647 3010 habentem
668 2990 694 3009 c.
