1924 3288
535 210 734 242 wmALm
762 209 1010 242 nmsronffl
1038 209 1088 241 46.
1109 209 1160 241 47.
1544 196 1628 240 125

70 307 115 350 et
141 304 252 349 sicut
277 303 486 349 ferventes
516 304 730 350 fueramus
759 306 813 350 ad
831 305 923 362 hoc,
954 308 1002 349 ut
1021 318 1096 349 vos
1115 304 1161 348 in
1180 306 1345 362 patrem
1365 303 1627 360 haberemus,
1667 306 1756 342 1147

69 381 133 426 ita
158 381 350 427 'studiosi
392 397 577 427 essemus
614 384 726 428 circa
762 397 966 441 personae
1003 386 1169 427 vestrae
1204 382 1505 438 reverentiam,
1551 395 1629 426 nec
1651 357 1715 387 Iun.
1730 357 1769 387 ²²

68 462 170 504 tunc
197 459 381 518 primum
410 461 615 519 inciperet
644 461 887 519 displicere,
930 461 1094 518 quando
1127 474 1249 516 agere
1278 459 1406 504 vellet
1436 459 1629 510 de,ordi-

67 537 136 582 nis
164 537 473 583 reformatione.
565 538 760 583 Ceterum
791 539 841 583 de
871 538 1092 596 privilegio
1122 538 1243 582 nobis
1273 551 1522 596 responsum
1552 541 1628 594 est,

69 615 181 673 quod
214 630 282 660 res
318 616 505 672 litigiosa
543 620 654 673 erat,
693 616 810 660 nulla
846 617 1009 661 ratione
1049 631 1093 661 se
1130 630 1254 674 posse
1291 616 1359 661 vel
1394 615 1501 661 velle
1531 629 1629 660 con-

69 693 238 750 cedere,
274 697 324 738 ut
351 694 430 738 hoc
459 698 648 752 tempore
677 695 741 751 id,
775 695 886 751 quod
914 695 1074 738 factum
1105 698 1216 750 erat,
1250 695 1497 738 auctoritate
1529 707 1630 752 apo-

69 771 218 816 stolica
245 770 580 828 confirmaretur3
616 772 800 816 maxime
831 786 928 816 cum
958 773 1218 829 querimonia
1249 772 1629 816 sanctimonialium

68 849 237 907 scriptis
266 863 394 907 penes
424 850 564 908 ipsum
595 853 706 894 esset
734 851 931 908 reposita.
980 850 1087 894 Cum
1118 850 1298 908 amplius
1323 851 1482 895 instare
1501 850 1629 895 velle-

68 923 184 984 mus',
223 941 366 972 omnes
397 942 481 972 uno
513 942 604 984 ore,
635 932 683 972 ut
712 929 791 973 hoc
819 932 1010 987 tempore
1039 929 1101 972 nil
1132 928 1312 986 amplius
1346 941 1627 984 quereremus,

67 1004 226 1050 hortati
261 1009 378 1061 sunt3
426 1005 616 1051 sufficere
652 1007 773 1051 nobis
813 1007 1018 1063 dicentes,
1061 1010 1103 1051 et
1138 1006 1218 1050 hoc
1255 1021 1346 1051 esse
1387 1020 1440 1050 ex
1477 1019 1630 1062 magna

69 1083 212 1127 domni
254 1097 390 1142 papae
435 1085 593 1140 gratia,
639 1085 750 1141 quod
793 1085 914 1130 nobis
958 1099 1043 1129 non
1082 1084 1359 1129 interdicebat
1394 1085 1489 1142 ipsa
1523 1084 1628 1141 loca,

70 1161 202 1219 quod,
239 1162 348 1206 sicut
375 1175 461 1206 non
491 1161 786 1219 confirmabat,
819 1164 880 1207 sic
909 1176 987 1207 nec
1017 1163 1128 1220 quod
1157 1163 1316 1207 factum
1345 1162 1483 1206 fuerat
1511 1162 1628 1206 infir-

69 1239 224 1284 mabat.
330 1239 436 1284 Cum
465 1241 636 1285 tandem
665 1241 818 1285 habere
849 1255 933 1285 non
962 1242 1225 1299 poteramus,
1265 1240 1375 1297 quod
1405 1240 1628 1297 voluimus,

70 1318 256 1376 oportuit
293 1332 370 1363 nos
407 1318 515 1363 velle
551 1319 596 1362 id
626 1318 737 1376 quod
768 1319 966 1377 consequi
994 1319 1221 1377 potuimus.
1269 1319 1452 1363 Ventum
1483 1322 1547 1363 est
1578 1319 1631 1363 ad

69 1395 313 1454 peticiones,
343 1397 390 1440 in
413 1397 570 1454 quibus
602 1397 794 1442 omnibus
817 1398 919 1442 duas
941 1401 1108 1441 tantum
1128 1398 1384 1442 obtinuimus
1397 1394 1420 1453 ¹,
1453 1411 1631 1454 quarum

70 1474 285 1532 exemplar
314 1475 432 1520 vobis
461 1475 756 1519 transmissum
777 1478 852 1519 est.
900 1475 1088 1532 Caetera,
1121 1475 1159 1519 si
1178 1490 1261 1532 qua
1281 1475 1445 1531 desunt,
1477 1475 1530 1519 ab
1550 1475 1630 1532 his,

71 1551 144 1608 qui
173 1552 227 1596 ad
257 1566 330 1597 vos
358 1555 599 1610 transeunt,
639 1554 746 1598 scire
775 1554 982 1611 poteritis.
1029 1553 1333 1598 Paternitatem
1362 1556 1548 1598 vestram
1578 1553 1632 1597 ad

70 1628 272 1675 honorem
300 1631 499 1676 ecclesiae
530 1645 629 1676 suae
660 1631 776 1676 Deus
806 1632 1061 1676 incolumem
1091 1632 1311 1676 custodiat.

71 1783 156 1831 47.
192 1785 329 1830 Guido
358 1789 627 1831 cancellarius
644 1789 817 1846 papalis
841 1789 1029 1832 Wibaldo
1051 1790 1268 1849 siymflcat,
1301 1804 1392 1832 eum
1415 1788 1630 1832 Corbeien-

190 1879 274 1907 sem
313 1866 499 1908 abbatem
535 1882 617 1908 esse
648 1868 851 1923 aquintum,
893 1867 967 1910 sed
996 1867 1046 1909 de
1077 1867 1235 1910 duobus
1265 1867 1468 1909 coenobiis
1496 1867 1632 1908 minus

183 1957 388 2000 prospere
419 1945 605 1986 evenisse.
1447 1941 1518 1997 (M.
1542 1942 1630 1996 26.)

190 2030 326 2075 Guido
364 2035 532 2076 sanctae
569 2031 781 2076 Romanae
821 2031 1018 2076 ecclesiae
1064 2033 1262 2077 diaconus
1301 2029 1550 2076 cardinalis²
1589 2035 1632 2076 et
1703 2042 1796 2078 1147

71 2109 342 2154 cancellarius
387 2109 611 2154 karissimo
655 2111 779 2154 fratri
824 2113 866 2155 et
913 2110 1086 2168 speciali
1126 2111 1259 2154 amico
1297 2109 1489 2155 Wibaldo
1530 2109 1631 2154 Cor·
1653 2093 1725 2131 ¹³⁰⁸t
1739 2092 1803 2122 ¹⁰¹¹·
1816 2092 1856 2121 ²²

2 2190 8 2195 '
72 2187 231 2233 beiensi
262 2188 404 2233 abbati
434 2187 623 2232 salutem.

191 2265 363 2310 Certum
393 2269 470 2322 est,
502 2266 602 2323 quia
630 2279 754 2309 verus
786 2279 904 2310 amor
925 2266 1083 2310 otiosus
1105 2279 1195 2310 esse
1214 2279 1299 2309 non
1318 2269 1471 2323 potest.
1514 2265 1631 2309 Nun-

73 2343 159 2388 cios
197 2344 404 2401 siquidem
441 2357 537 2388 cum
574 2343 727 2387 litteris
764 2344 849 2387 tuis
879 2345 1058 2388 termino
1090 2344 1280 2387 condicto
1311 2344 1545 2401 recepimus
1576 2347 1630 2399 et,

71 2425 120 2466 ut
155 2422 201 2466 in
237 2422 303 2466 his
339 2435 417 2480 pro
455 2422 604 2479 quibus
642 2424 845 2465 venerant
883 2420 1111 2465 efficaciam
1148 2424 1432 2478 reportarent,
1473 2424 1515 2465 et
1548 2421 1632 2478 ipsi

73 2499 292 2544 nobiscum
331 2503 372 2544 et
409 2513 485 2544 nos
523 2513 619 2544 cum
658 2499 718 2542 eis
754 2499 962 2543 instanter
1000 2503 1043 2543 et
1071 2498 1251 2542 fideliter
1280 2499 1442 2556 operati
1473 2512 1629 2542 sumus.

75 2577 140 2622 De
162 2577 332 2622 Stabulo
353 2577 508 2635 itaque,
537 2591 623 2621 non
654 2577 791 2620 dicam
820 2580 978 2632 nostro,
1009 2577 1217 2620 nescimus
1247 2580 1389 2620 tamen
1410 2577 1447 2620 si
1476 2579 1630 2631 vestro,

74 2669 220 2700 versus
251 2655 492 2700 Gorbeiam’
522 2654 688 2699 vexillis
725 2654 966 2712 patentibus
997 2667 1108 2698 nunc
1137 2654 1323 2711 primum
1351 2654 1442 2698 Deo
1473 2654 1631 2709 gratias

0 2745 1 2752 ¹
73 2733 180 2778 facie
207 2733 342 2778 libera
372 2733 486 2778 exire
516 2733 704 2790 potestis.
799 2731 845 2776 Si
875 2731 975 2788 quid
1007 2735 1148 2775 autem
1167 2731 1234 2775 vel
1253 2731 1298 2774 in
1319 2730 1632 2776 confirmatione

73 2810 243 2856 illarum
277 2812 455 2856 duarum
484 2810 754 2856 ecclesiarum
783 2823 860 2867 per
891 2809 1166 2866 apostolicum
1195 2809 1463 2866 privilegium
1491 2809 1559 2854 vel
1586 2809 1632 2853 in

170 2915 197 2938 a.
225 2906 383 2938 corbeiam
404 2919 430 2938 c.

170 2966 204 3001 1.
235 2975 272 3001 v.
297 2975 380 3010 epp.
397 2964 444 3001 44
460 2967 499 3001 et
512 2963 560 3000 45
584 2973 694 3010 supra
717 2973 754 3009 p.
774 2963 854 2999 122.
949 2963 984 2999 2.
1010 2961 1075 2999 SS.
1092 2962 1246 3000 Cosmae
1270 2965 1308 2999 et
1331 2962 1513 3000 Damiani.
