1924 3288
536 191 734 222 wmALm
762 191 1010 224 npmronan
1039 191 1111 223 456.
1134 191 1206 224 45⁷.
1565 182 1653 227 589

88 282 246 341 Apulia
275 284 598 330 exterminatam
629 300 720 331 esse
749 287 1044 345 comperimus,
1076 286 1334 346 principibus
1367 286 1562 332 duximus
1585 303 1652 333 re-
1678 294 1768 330 1157

87 359 335 417 laxandam3
362 362 448 408 illis
468 363 690 422 specialius
710 365 1030 410 necessitatibus
1050 365 1326 422 intendentes,
1349 366 1498 423 quibus
1518 366 1652 411 honor
1679 342 1768 374 Μ’

86 439 256 497 imperii
291 441 425 497 magis
457 443 709 500 opprimitur
740 447 783 488 et
812 457 915 501 quas
947 443 1126 502 amplius
1157 444 1420 489 dissimulare
1451 458 1544 488 cum
1576 445 1651 490 ho-

86 530 188 561 nore
217 521 361 563 nostro
392 533 469 564 nec
488 534 710 578 possumus
737 535 815 566 nec
839 521 1055 566 debemus:
1087 521 1410 567 Mediolanensis
1432 523 1652 568 dumtaxat

86 595 232 653 populi
261 597 503 655 superbiam
524 612 573 643 ac
591 600 886 656 temeritatem,
918 614 1001 657 qua
1021 600 1245 645 aecclesiae
1267 603 1310 646 et
1329 601 1519 646 civitates
1539 601 1651 646 Lon-

85 672 270 731 bardiae,
302 676 411 720 sicut
441 677 598 735 optime
627 678 753 734 nosti,
783 678 1014 734 multifarie
1045 679 1282 723 destructae
1312 682 1411 723 sunt
1436 683 1478 724 et
1497 680 1650 725 cotidie

87 751 140 795 ad
179 753 476 799 contumeliam
511 755 680 814 imperii
716 756 1000 801 destruuntur.
1062 756 1249 809 Quorum
1282 758 1535 803 intentiones
1566 758 1651 802 nisi

84 833 230 874 nostra
251 833 440 888 potentia
453 833 579 878 celeri
593 834 749 878 virtute
764 835 996 892 preveniat,
1013 836 1181 891 gravior
1194 836 1293 880 inde
1307 836 1485 894 imperio
1501 836 1650 881 horror

85 912 281 965 emerget.
324 910 425 955 Inde
448 914 524 968 est,
548 912 659 969 quod
678 913 724 957 in
752 913 819 957 die
845 913 1088 958 Palmarum
1107 913 1140 958 F
1143 914 1240 959 ulde
1261 929 1314 959 ex
1338 915 1511 959 consilio
1531 915 1649 973 prin-
1672 924 1760 956 Mart.
1773 926 1813 956 24

84 986 226 1044 cipum
247 989 556 1046 expeditionem
575 990 1118 1049 indiximus'Mediolanum,
1137 993 1161 1036 a
1175 993 1371 1050 proxima
1385 993 1531 1049 vigilia
1545 1007 1648 1051 pen-

82 1067 270 1110 tecosten
294 1067 438 1121 futura
459 1082 591 1126 usque
620 1083 777 1113 annum
788 1067 812 1126 ¹,
844 1069 971 1120 Ulme
985 1071 1326 1128 promovendam.
1367 1071 1501 1124 Quam
1522 1085 1648 1130 expe-

83 1142 285 1189 ditionem
305 1145 552 1203 prudentiae
570 1150 668 1192 tuae
689 1147 765 1192 sub
787 1148 961 1192 obtentu
983 1149 1144 1205 gratiae
1163 1152 1354 1194 nostrae*
1374 1150 1645 1206 iniungimus.

200 1222 424 1280 Rogamus,
455 1227 516 1281 ut,
542 1225 651 1269 sicut
669 1228 862 1270 nostrum
883 1226 1069 1282 sigillum
1088 1228 1353 1272 convenienti
1374 1228 1648 1286 dispositione

82 1299 134 1345 de
163 1303 236 1345 tuo
267 1302 440 1347 arbitrio
472 1303 690 1360 ordinasti,
721 1304 783 1348 ita
813 1304 941 1349 etiam
972 1305 1166 1350 dominae
1195 1302 1316 1350 tuae²
1348 1306 1534 1362 sigillum
1558 1307 1648 1352 sine

80 1391 200 1424 mora
228 1380 397 1425 studeas
425 1381 653 1426 informare
684 1385 726 1427 et
755 1382 810 1426 ad
838 1397 915 1428 nos
941 1383 1201 1442 Aquisgrani
1230 1384 1465 1443 soulptumb
1498 1384 1647 1430 afferas

81 1459 124 1501 et
151 1456 258 1503 bene
286 1458 477 1517 politum.

81 1617 201 1666 457.
231 1621 459 1665 Canonicus
488 1623 692 1680 reyularis
721 1622 766 1667 S.
782 1623 950 1681 Aeqidii
974 1623 1213 1667 Leodiensis
1230 1624 1417 1668 Wibaldo
1443 1625 1648 1683 maliynas

228 1701 485 1758 quaestiones
507 1702 719 1758 proponit.
1431 1700 1503 1755 (M.
1527 1702 1646 1757 372.)

197 1787 364 1832 Domno
385 1787 637 1844 Gwi(baldo)
670 1789 840 1846 quidam
864 1803 963 1833 suus
984 1790 1165 1845 gratiam
1184 1790 1279 1847 Dei,
1311 1791 1544 1835 custodiam
1564 1791 1643 1835 sui.
1714 1802 1805 1838 1157

196 1865 442 1923 Apostolice
472 1867 732 1926 sapientibus
764 1871 807 1912 et
835 1868 1131 1925 insipientibus
1163 1868 1327 1913 debitor
1358 1869 1458 1913 estis
1466 1866 1494 1913 ³.
1540 1869 1645 1913 Mihi
1667 1850 1755 1882 Mart.
1772 1853 1845 1891 ΑΨ·

78 1943 207 2000 igitur
226 1945 443 2003 insipienti
462 1948 678 2003 tamquam
699 1945 861 1990 debitor
881 1946 1135 2003 respondere
1156 1946 1397 2003 dignemini.
1466 1947 1645 2000 Quidam

78 2023 243 2080 dicunt,
276 2024 465 2068 ordinem
494 2027 687 2068 nostrum
716 2037 802 2068 non
832 2024 982 2069 debere
1014 2025 1208 2069 abbatem
1237 2025 1405 2081 habere,
1437 2025 1536 2082 quia
1565 2026 1645 2070 hoc

77 2100 338 2157 Augustinus
376 2115 462 2146 non
498 2102 734 2156 constituit;
774 2105 816 2146 et
852 2115 1074 2147 conversos
1108 2117 1185 2146 nos
1218 2116 1330 2158 esse3
1371 2106 1413 2147 et
1441 2103 1536 2147 ideo
1566 2117 1645 2148 nec

78 2178 249 2223 clericos
278 2193 357 2224 nec
385 2180 609 2224 monachos
641 2180 725 2224 dici
755 2180 917 2224 debere.
959 2181 1039 2233 Qui
1068 2180 1148 2225 hoc
1177 2181 1334 2237 dicunt,
1365 2194 1450 2225 non
1474 2195 1519 2226 se
1539 2182 1643 2226 satis

78 2257 321 2302 discernunt
351 2261 394 2302 et
428 2259 540 2315 quod
568 2259 715 2303 beatus
744 2258 995 2303 Benedictus
1028 2283 1082 2288 —
1116 2259 1189 2315 qui
1225 2259 1460 2316 simplicem
1496 2260 1642 2317 poeni-

76 2336 254 2380 tentiam
290 2336 476 2380 instituit
511 2336 726 2380 monachis
764 2350 842 2381 nec
871 2337 1066 2381 baculum
1095 2336 1352 2394 pastoralem
1381 2351 1458 2381 nec
1487 2337 1642 2393 gradus

78 2414 405 2458 aecclesiasticos
437 2438 492 2444 —-
525 2415 695 2472 scripsit
725 2414 798 2458 eis.
861 2414 1018 2471 Quare,
1055 2415 1093 2458 si
1123 2415 1175 2459 ab
1207 2415 1407 2459 aecclesia
1438 2416 1643 2472 quaedam

78 2492 311 2549 accipiunt,
351 2492 402 2536 ab
441 2492 588 2536 eadem
619 2492 824 2550 quaedam
853 2506 930 2536 nos
961 2493 1150 2550 accipere
1179 2492 1356 2537 nolunt?
1417 2492 1536 2546 Quod
1564 2508 1641 2538 nos

77 2582 299 2615 conversos
331 2569 569 2628 appellant,
605 2570 650 2613 in
679 2570 771 2626 hoc,
802 2570 935 2615 velint
964 2570 1122 2626 nolint,
1155 2570 1355 2628 apostolis
1387 2572 1640 2629 consociant,

78 2647 150 2704 qui
186 2649 375 2693 conversi
412 2651 510 2692 sunt
547 2648 600 2692 ad
629 2647 878 2703 Dominum3
916 2649 962 2692 in
991 2648 1070 2692 hoc
1098 2649 1394 2694 nichilominus
1424 2649 1640 2694 monachis

76 2739 152 2770 nos
191 2727 468 2782 coniungunt,
508 2726 578 2783 qui
617 2726 812 2770 similiter
841 2730 1142 2771 convertuntur
1172 2727 1226 2771 ad
1255 2727 1497 2772 Dominum.
1561 2727 1641 2780 Qui

172 2842 200 2864 a.
226 2835 349 2865 nostrae
372 2834 494 2865 addu‘dz'.
576 2833 606 2863 b.
628 2834 768 2873 scuptum
789 2833 858 2864 cod.

172 2891 205 2927 1.
229 2891 253 2928 i.
271 2901 303 2928 e.
328 2892 366 2928 in
390 2891 487 2928 diem
512 2892 532 2928 7
557 2891 651 2928 Iunii
676 2891 780 2928 1158.
876 2892 910 2928 2.
935 2891 1112 2928 Beatricis
1127 2891 1378 2939 imperatricis.
1475 2893 1509 2929 3.
1534 2893 1639 2930 Rom.

79 2949 111 2997 1,
138 2950 194 2986 14.
255 2954 258 2957 '
