1924 3288
596 195 796 228 wmALm
824 194 1045 228 nmsrom
1075 194 1146 226 214.
1564 181 1652 226 333

85 291 395 351 subripuerant,
424 305 580 349 magna
610 305 663 337 ex
692 294 813 350 parte
836 291 1104 348 conculcatis,
1136 291 1332 348 quatinus
1353 303 1416 347 ea,
1449 303 1529 347 que
1559 302 1652 334 cae·
1678 290 1772 345 1149

86 370 174 417 seri
201 373 252 416 et'
272 370 518 429 Mperatori
547 371 774 428 pertinent,
805 384 882 428 per
909 370 1051 414 omnia
1070 373 1113 415 et
1131 370 1178 414 in
1199 369 1391 414 omnibus
1413 368 1651 423 obtineatis,

85 447 353 495 vehementer
383 451 508 506 atque
538 449 792 493 unanimiter
806 440 1053 504 ‘satagimus
1086 451 1210 506 atque
1241 448 1468 493 studemus.
1515 446 1574 491 Et
1599 446 1652 491 ob

85 525 208 572 huius
242 526 307 572 rei
336 525 532 572 effectum
561 526 718 571 bonum
747 527 1006 586 principium
1036 540 1085 571 ac
1114 527 1434 571 fundamentum
1461 525 1650 571 fecimus

203 603 313 649 Nam
341 618 490 664 pacem
520 608 563 650 et
591 605 803 650 iusticiam
834 605 1027 650 omnibus
1066 619 1160 650 eam
1190 605 1426 650 volentibus
1457 604 1652 649 observa-

85 696 199 739 mu83
229 683 519 740 fortitudines,
558 683 604 728 id
634 687 698 728 est
726 687 864 728 turres
897 687 940 728 et
971 684 1115 728 domos
1145 687 1366 741 potentum
1396 683 1543 740 Urbis,
1581 682 1654 740 qui

86 764 226 807 vestro
244 761 423 820 imperio
443 775 530 806 una
558 775 655 806 cum
686 761 826 806 Siculo
859 765 901 807 et
930 776 1043 820 papa
1069 762 1266 807 resistere
1286 762 1507 820 parabant,
1538 761 1653 818 cepi-

85 853 193 897 mus,
226 843 268 885 et
289 840 493 898 quasdam
515 840 562 884 in
580 843 723 885 vestra
740 839 942 886 fidelitate
962 844 1167 897 tenemus,
1200 841 1404 898 quasdam
1425 853 1524 884 vero
1555 839 1653 883 sub-

85 921 296 964 vertentes
327 918 416 963 solo
446 919 779 976 coaequavimus.
894 918 968 963 Set
1003 933 1081 977 pro
1111 919 1178 963 his
1210 919 1424 975 omnibus,
1464 932 1544 975 que
1574 931 1652 976 pro

85 1000 252 1042 vestrae
265 996 500 1042 dilectionis
519 996 720 1042 fidelitate
739 997 932 1054 facimuS,
953 1012 1078 1056 papa,
1094 998 1352 1056 Fraiapanes
1375 1000 1418 1042 et
1440 996 1518 1040 filii
1537 995 1653 1041 Petri

84 1073 252 1132 Leonis,
283 1075 474 1120 homines
505 1079 548 1120 et
578 1076 702 1120 amici
733 1075 876 1133 Siculi,
908 1101 964 1106 —
998 1079 1172 1134 excepto
1204 1076 1395 1133 Iordano,
1432 1078 1577 1119 nostro
1607 1075 1653 1118 in

85 1156 228 1198 vestra
254 1152 456 1199 fidelitate
475 1154 709 1199 vexillifero
735 1158 778 1198 et
798 1155 988 1199 adiutore
1010 1179 1066 1185 —
1089 1154 1311 1199 Tolomeus
1333 1168 1498 1212 quoque
1519 1157 1561 1197 et
1581 1152 1654 1196 alii

85 1231 228 1290 plures
256 1233 443 1290 undique
469 1246 546 1277 nos
576 1233 847 1291 impugnant,
883 1247 936 1278 ne
965 1233 1118 1289 libere,
1149 1235 1198 1276 ut
1227 1233 1358 1289 decet,
1389 1231 1654 1290 imperialem

84 1311 201 1367 regio
245 1311 376 1371 capiti
413 1310 626 1356 valeamus
668 1312 885 1370 imponere
929 1324 1138 1356 coronam.
1208 1310 1269 1355 At
1310 1325 1409 1368 nos,
1457 1310 1654 1368 quoniam

87 1389 246 1433 amanti
273 1389 415 1434 nullus
448 1389 567 1435 labor
597 1390 738 1446 gravis
769 1393 846 1446 est,
876 1389 976 1435 licet
1004 1389 1102 1434 inde
1132 1388 1317 1447 plurima
1347 1389 1533 1447 dampna
1563 1402 1654 1432 sus-

85 1467 314 1524 tineamus,
352 1481 430 1526 pro
460 1471 599 1513 vestro
631 1482 773 1513 amore
803 1472 846 1513 et
875 1468 1034 1513 honore
1065 1471 1280 1524 gratanter
1310 1468 1509 1526 patimur.
1565 1466 1654 1511 Sci-

84 1558 179 1590 mus
207 1558 404 1603 namque,
436 1559 513 1591 nos
545 1560 571 1591 a
592 1547 712 1591 vobis
742 1547 920 1605 proinde
949 1547 1160 1604 premium
1191 1547 1300 1590 sicut
1330 1560 1356 1590 a
1384 1549 1508 1604 patre
1539 1558 1654 1590 acce-

85 1625 232 1681 pturos
261 1637 419 1681 vosque
447 1625 495 1669 in
525 1638 595 1669 eos
627 1625 736 1683 sicut
763 1625 809 1669 in
837 1625 1008 1683 imperii
1036 1625 1177 1669 hostes
1207 1625 1438 1669 vindictam
1469 1624 1653 1668 daturos

205 1701 311 1746 Cum
341 1705 460 1748 tanta
487 1703 618 1759 igitur
647 1706 793 1747 nostra
820 1703 867 1747 in
894 1704 1013 1748 vobis
1042 1703 1223 1748 fidelitas
1253 1704 1321 1760 sit,
1352 1706 1554 1760 tantaque
1576 1716 1654 1760 pro

86 1779 205 1824 vobis
236 1781 537 1837 sustineamus,
574 1794 818 1838 precamur,
856 1795 911 1825 ne
949 1795 1045 1839 spes
1082 1782 1166 1826 ista
1195 1782 1317 1826 nobis
1349 1780 1535 1837 deficiat,
1572 1794 1655 1824 neu

87 1858 204 1914 regia
224 1858 406 1914 dignitas
426 1872 517 1915 nos,
547 1862 710 1903 vestros
730 1858 873 1903 fideles
899 1862 942 1903 et
970 1858 1094 1915 filios,
1126 1859 1345 1917 despiciat,
1370 1873 1519 1916 neque,
1552 1859 1589 1902 si
1609 1859 1654 1902 in

86 1935 297 1992 regalibus
330 1937 499 1981 auribus
522 1950 626 1981 aura
645 1937 818 1981 sinistra
837 1937 888 1982 de
910 1941 1059 1982 senatu
1079 1941 1121 1982 et
1144 1938 1265 1982 nobis
1285 1937 1463 1993 flaverit,
1494 1938 1540 1981 in
1562 1951 1655 1981 eam
1729 1958 1732 1963 1

86 2014 278 2059 intendat
308 2017 381 2058 aut
409 2015 629 2073 respiciat3
662 2015 774 2072 quia,
806 2015 878 2072 qui
909 2016 960 2060 de
983 2016 1106 2060 nobis
1126 2019 1291 2060 vestrae
1312 2015 1525 2060 altitudini
1543 2014 1655 2059 mala

87 2095 336 2149 suggerunt,
376 2092 428 2137 de
458 2096 599 2137 vestra
629 2096 672 2138 et
699 2096 866 2149 nostra,
907 2094 1018 2151 quod
1049 2094 1179 2150 absit,
1216 2094 1476 2138 dissensione
1505 2093 1655 2137 laetari

87 2169 246 2227 volunt,
279 2173 322 2215 et
351 2174 565 2228 utrosque,
595 2173 644 2214 ut
673 2171 788 2215 soliti
818 2175 928 2228 sunt,
961 2172 1111 2217 callide
1141 2173 1381 2231 opprimere
1410 2171 1652 2216 moliuntur.

88 2247 164 2293 Set
192 2249 303 2293 circa
331 2249 448 2304 haec,
478 2262 532 2292 ne
561 2247 679 2305 fiant,
709 2249 862 2304 regalis
892 2250 1131 2308 prudentia,
1162 2254 1210 2294 ut
1233 2251 1366 2306 decet,
1398 2250 1579 2294 sollicita
1599 2250 1656 2293 sit

88 2329 132 2371 et
147 2326 344 2385 provida3
375 2327 750 2383 reminiscaturque
769 2331 911 2372 vestra
931 2328 1130 2385 sollertia,
1162 2332 1264 2386 quot
1294 2332 1336 2373 et
1366 2332 1523 2385 quanta
1542 2327 1655 2371 mala

87 2404 252 2463 papalis
291 2405 408 2450 curia
445 2408 488 2449 et
522 2405 624 2449 dicti
654 2405 865 2461 quondam
895 2406 1005 2451 cives
1035 2407 1171 2451 nostri
1199 2406 1544 2464 imperatoribus,
1583 2405 1655 2462 qui

86 2482 257 2527 fuerunt
287 2486 384 2528 ante
413 2497 509 2540 vos,
550 2483 746 2538 fecerint3
785 2487 827 2528 et
855 2498 968 2528 nunc
997 2484 1208 2530 deteriora
1235 2485 1355 2529 vobis
1386 2498 1480 2528 cum
1513 2483 1653 2528 Siculo

86 2559 225 2605 facere
253 2564 579 2619 temptaverunt.
643 2561 717 2606 Set
745 2575 822 2606 nos
852 2562 1010 2607 Christi
1039 2563 1178 2619 gratia
1206 2563 1251 2607 in
1282 2566 1424 2607 vestra
1452 2561 1654 2606 fidelitate

89 2638 268 2683 viriliter
298 2639 358 2684 eis
389 2640 637 2696 resistimuS,
669 2653 718 2684 ac
739 2640 882 2698 plures
904 2655 955 2686 ex
985 2641 1070 2685 illis
1103 2642 1154 2686 ab
1174 2641 1288 2685 Urbe
1320 2641 1428 2684 sicut
1447 2641 1653 2697 pessimos

87 2715 229 2762 hostes
248 2717 430 2775 imperii,
460 2721 509 2762 ut
529 2721 639 2774 sunt,
671 2718 921 2775 pepulimus.
1023 2719 1352 2777 vAppropinquet
1371 2718 1513 2774 itaque
1533 2717 1654 2762 nobis

89 2794 321 2853 imperialis
352 2794 543 2840 celeriter
572 2796 704 2852 vigor,
737 2796 948 2853 quoniam,
981 2797 1179 2855 quicquid
1199 2796 1341 2852 vultis,
1372 2796 1418 2839 in
1438 2795 1551 2840 Urbe
1582 2795 1654 2840 ob-

88 2872 224 2917 tinere
252 2874 466 2931 poteritis,
506 2877 549 2919 et
577 2877 626 2918 ut
654 2874 837 2918 breviter
868 2887 916 2918 ac
946 2875 1154 2919 succincte
1184 2875 1425 2931 loquamur,
1462 2877 1655 2932 potenter

88 2951 133 2995 in
154 2950 282 3008 Urbe,
313 2965 394 3008 que
422 2956 548 3011 caput
576 2952 723 2997 mundi
753 2956 829 3008 est,
860 2955 909 2996 ut
938 2957 1146 3011 optamus,
1175 2953 1379 3008 habitare,
1409 2952 1488 2996 toti
1508 2951 1654 2997 Italiae
