1924 3288
327 185 412 229 134
790 195 990 227 wmALm
1016 193 1266 226 EPISTOLAE
1292 194 1343 226 56.
1364 194 1415 226 6⁷.

183 294 300 331 1147?
325 305 426 336 cura
455 294 652 348 gravatus
684 294 739 346 et,
771 290 879 333 sicut
904 289 1088 333 Domino
1116 289 1290 347 placuit,
1320 289 1651 335 necessariorum
1679 290 1883 337 tenuitate

325 370 628 427 aliquantisper
653 368 862 423 anxiatus,
893 367 938 410 id
957 367 1097 424 ipsum
1118 367 1285 411 divinae
1305 367 1579 413 consolationi
1596 367 1883 418 indubitanter

325 448 523 502 asscribe,
556 447 592 490 si
622 446 739 489 cuius
770 458 842 488 cor
870 444 962 502 ipse
982 444 1097 489 Deus
1126 445 1326 501 tetigerit,
1358 445 1548 502 quamvis
1571 448 1714 503 preter
1731 445 1882 493 tessere

322 525 462 569 nullus
499 525 578 567 hoc
613 526 803 580 tempore
839 522 900 566 sic
938 522 1050 566 circa
1085 536 1153 567 me
1191 523 1247 566 sit
1283 522 1475 579 affectus,
1521 526 1571 567 ut
1594 522 1746 568 oculos
1776 536 1881 571 ems

324 616 450 660 super
479 615 548 645 me
579 601 743 657 aperiat
773 603 828 656 et,
859 600 992 657 ipsius
1023 600 1145 658 copia
1175 600 1227 644 de
1256 601 1392 644 nostri
1417 601 1600 646 auctoris
1618 611 1880 647 muneralae-

324 683 465 737 cepta,
511 692 650 722 meam
685 678 893 735 inopiam,
933 691 1059 734 quam
1095 681 1270 736 propter
1308 678 1412 722 alios
1451 678 1657 735 sustineO,
1693 677 1881 724 &aterna

323 756 611 814 compassione
641 755 848 813 suppleat.
909 755 1019 799 Nam
1049 756 1243 800 mihimet
1280 755 1359 799 soli
1395 756 1519 800 facile
1547 754 1787 801 sufficereut
1804 754 1883 801 -vul

322 848 475 892 parva,
507 834 619 890 quia,
656 836 858 890 quantum
886 847 955 877 res
984 834 1164 891 patitur,
1194 847 1280 877 non
1308 833 1432 877 valde
1461 833 1630 891 requiro
1659 831 1879 892 superflua.

324 912 397 956 Set
433 911 534 968 quid
570 911 728 955 diutius
766 915 990 969 occupatos
1029 911 1168 955 oculos
1204 911 1273 955 vel
1310 925 1433 956 aures
1470 915 1566 956 tuas
1603 911 1759 956 talibus
1792 925 1880 957 me—

321 1003 490 1034 morans
529 989 678 1034 teneo?
717 989 907 1046 quamvis
945 989 1170 1032 iocundum
1207 989 1313 1033 mihi
1341 990 1398 1033 sit
1427 1002 1476 1033 ac
1513 989 1758 1034 delectabile
1783 1002 1881 1036 om

322 1067 594 1112 dilectissimo
630 1081 723 1111 meo
754 1081 853 1124 sepe
883 1067 1038 1123 diuque
1066 1066 1260 1110 fabulari.
1306 1066 1454 1111 Modus
1483 1068 1626 1124 itaque
1645 1068 1742 1112 -iam
1769 1081 1882 1112 nunc

322 1146 378 1189 sit
405 1146 577 1189 interim
607 1145 815 1201 dictionis,
847 1157 942 1188 cum
971 1158 1057 1188 non
1087 1145 1144 1188 sit
1171 1144 1321 1188 modus
1351 1144 1599 1189 dilectionis.
1645 1144 1765 1190 Vale.
1804 1179 1806 1183 ,
1832 1171 1849 1186 ;.

326 1275 406 1322 57.
437 1277 650 1320 Wibaldus
679 1275 920 1320 Heinricum
944 1277 996 1320 II
1018 1278 1253 1334 episcopm
1283 1277 1556 1320 Leodiensem
1583 1284 1723 1336 φοραί,
1763 1260 1883 1338 coya!

440 1347 724 1402 Eustachium,
746 1355 792 1390 ut
810 1350 1056 1391 monasterio
1074 1348 1308 1392 Stabulensi
1328 1349 1467 1392 ablata
1486 1351 1681 1392 restituat.
1704 1346 1776 1403 (Μ.
1789 1347 1879 1404 40.)

207 1437 298 1474 1147
440 1430 682 1474 Reverendo
714 1431 827 1487 patri
857 1445 932 1474 suo
965 1433 1007 1474 et
1036 1430 1203 1474 domino
1226 1430 1407 1474 Henrico
1439 1434 1607 1476 sanctae
1636 1413 1880 1493 Leodiensis

223 1487 289 1518 ω’
323 1508 522 1554 ecclesiae
547 1509 778 1553 venerabili
808 1509 1026 1566 episcopo⁸
1056 1508 1186 1552 frater
1205 1507 1422 1553 Wibaldus
1451 1508 1533 1552 Dei
1561 1508 1700 1564 gratia
1729 1503 1880 1571 Stffi'k

320 1586 450 1631 lensis
482 1585 706 1630 aecclesiae
738 1601 883 1631 servus
915 1586 1086 1630 devotas
1118 1586 1326 1630 orationes
1355 1589 1397 1630 et
1427 1586 1621 1630 devotum
1647 1586 1877 1651 servitium.

439 1663 610 1708 Fratres
640 1665 775 1708 nostri
806 1667 849 1708 et
877 1663 967 1719 filii,
1001 1663 1269 1708 Stabulenses
1299 1664 1507 1720 monachi,
1537 1667 1701 1710 vestrae
1724 1665 1878 1728 sancti·

320 1741 421 1786 tatis
453 1742 578 1798 servi,
610 1741 850 1786 detulerunt
881 1742 934 1785 ad
962 1755 1039 1786 nos
1064 1755 1234 1796 gravem
1256 1742 1559 1798 querimoniam
1575 1755 1653 1800 pro
1674 1741 1738 1799 eo,
1758 1742 1880 1806 ¹quod

320 1819 572 1863 Eustachius
610 1818 734 1862 homo
765 1822 903 1864 vester
933 1823 976 1863 et
1003 1819 1306 1877 parrochianus
1335 1819 1481 1864 villam
1511 1812 1734 1880 Tomines',
1773 1833 1879 1879 quae

322 1897 376 1940 ad
412 1897 667 1941 cotidianam
695 1897 954 1954 prebendam
982 1897 1163 1942 fratrum
1192 1898 1395 1955 pertinet,
1435 1897 1591 1942 invasit
1620 1900 1663 1942 et
1692 1897 1878 1961 eiusdem

320 1974 446 2019 villae
474 1974 656 2030 reditus,
689 1975 761 2031 qui
790 1976 836 2018 in
866 1989 1013 2019 mensa
1041 1975 1221 2019 fratrum
1251 1975 1404 2020 cotidie
1435 1975 1643 2032 serviunt,
1674 1974 1878 2024 violenter

322 2052 506 2096 abstulit.
553 2052 712 2096 Notum
742 2055 884 2097 autem
912 2053 1031 2097 vobis
1061 2067 1152 2097 esse
1182 2067 1267 2097 non
1297 2053 1550 2110 dubitamus,
1581 2053 1760 2111 qualiter
1779 2061 1878 2117 ean-

322 2130 417 2174 dem
454 2129 599 2174 villam
635 2130 791 2174 iudicio
830 2134 872 2174 et
906 2131 1074 2174 iusticia
1110 2130 1293 2175 dictante
1330 2131 1564 2188 recepimus
1602 2134 1645 2175 et
1678 2144 1773 2176 eam
1800 2145 1880 2190 per

320 2207 455 2252 multa
499 2207 587 2251 iam
624 2211 816 2265 tempora
851 2208 897 2252 in
934 2208 1068 2252 libera
1105 2209 1366 2266 possessione
1405 2211 1550 2252 nostra
1584 2208 1796 2255 tenuimus
1834 2212 1877 2255 et

322 2286 460 2343 quiete
496 2285 801 2342 ordinavimus,
843 2289 885 2329 et
915 2286 969 2330 ad
997 2300 1097 2330 usus
1126 2286 1306 2330 fratrum
1334 2289 1593 2342 nostrorum,
1629 2290 1758 2344 prout
1785 2300 1876 2336 mo-

321 2363 496 2408 nasterii
527 2363 788 2421 oportunitas
819 2363 1030 2421 poscebat,
1060 2364 1220 2408 reditus
1247 2364 1462 2408 universos
1490 2363 1770 2421 aptavimus⁸3
1801 2363 1876 2410 scd

323 2444 366 2486 et
401 2441 722 2486 decimationem
761 2444 803 2485 et
841 2441 943 2498 alia,
984 2455 1089 2498 quae
1119 2442 1216 2485 hinc
1244 2441 1342 2486 inde
1374 2441 1574 2485 distracta
1603 2445 1741 2498 erant,
1780 2455 1875 2487 cum

321 2519 464 2563 labore
493 2532 645 2575 magno
675 2518 977 2575 recollegimus.
1023 2519 1081 2563 Et
1101 2533 1265 2563 eramus
1284 2518 1544 2577 possidentes
1566 2522 1678 2576 tunc,
1710 2518 1875 2577 quando

323 2597 500 2640 domnus
537 2609 652 2654 papa
689 2597 855 2652 signum
892 2600 1061 2641 sanctae
1099 2597 1233 2641 crucis
1269 2595 1389 2640 nobis
1425 2596 1631 2653 inposuit,
1672 2600 1720 2641 ut
1748 2610 1875 2656 super

323 2687 509 2732 paganos
539 2677 658 2718 trans
680 2674 824 2718 Albim
853 2674 898 2718 in
929 2675 1238 2732 expeditionem
1266 2687 1541 2729 moveremur,
1573 2687 1622 2718 ac
1650 2688 1875 2732 personam

323 2755 511 2796 nostram
542 2754 584 2795 et
612 2755 759 2795 nostra
787 2752 929 2796 omnia
958 2752 1034 2796 sub
1064 2753 1365 2810 protectionem
1395 2750 1507 2795 beati
1536 2750 1652 2796 Petri
1682 2755 1725 2797 et
1753 2765 1873 2813 suam

324 2829 521 2886 suscepit.
568 2828 684 2873 Intra
715 2830 824 2885 quod
852 2833 1019 2887 tempus
1049 2829 1282 2887 predictam
1300 2827 1444 2872 villam
1464 2842 1549 2872 non
1570 2830 1725 2887 absque
1745 2830 1871 2877 saeri-

323 2905 430 2961 legio
451 2906 563 2955 idem
582 2905 868 3013 E(ustachius)
889 2907 1055 2950 invasit.
1103 2906 1222 2949 Unde
1252 2905 1390 2948 animo
1420 2906 1630 2962 provoluti
1661 2908 1715 2952 ad
1742 2907 1871 2966 pedes

418 2991 443 3014 a.
470 2981 510 3012 Le
513 2982 602 3014 odien
667 2991 726 3024 epo
748 2984 805 3013 vesi
826 2991 884 3023 epo
907 2995 933 3013 c.
1015 2982 1045 3014 b.
1072 2983 1279 3014 obtavimusc
1279 2988 1382 3014 oae.rrct
1404 2984 1433 3013 in
1455 2983 1670 3023 aptavimuse.
