1924 3288
546 191 745 221 WIBALDI
774 190 1024 222 Emsronan
1052 190 1123 221 325.
1147 191 1217 221 326.
1582 180 1671 223 455

98 286 218 342 tinet,
249 288 293 330 et
321 286 556 330 orationem
587 286 677 330 eius
707 286 876 330 invocat
904 289 1120 344 perpetue.
1162 285 1265 331 Vult
1291 286 1423 343 igitur
1442 286 1670 344 imperium
1699 290 1790 326 1151

97 376 260 420 meum,
307 377 390 420 quo
433 378 580 408 rursus
621 364 751 408 etiam
789 367 864 408 tua
899 365 1146 422 preciositas
1186 364 1350 409 laboret
1383 365 1431 408 in
1467 365 1670 409 honorem
1700 339 1788 370 Mm'

97 441 278 500 predicti
306 442 637 499 prenobilissimi
665 442 789 498 regis.
831 442 1074 499 Numquam
1105 443 1216 487 enim
1246 443 1433 487 inveniet
1451 443 1669 488 meliorem

97 519 333 564 adiutorem
361 520 408 564 in
439 521 654 564 servitium
687 523 834 564 contra
854 520 1041 564 Siculum
1073 525 1116 565 et
1134 521 1180 564 in
1201 524 1367 565 caetera
1387 522 1559 566 servitia
1579 536 1668 566 sua.

96 597 198 642 Vult
237 601 379 642 autem
417 602 459 643 et
495 599 721 656 imperium
759 613 921 655 meum,
960 602 1009 643 ut
1043 599 1173 643 etiam
1202 613 1279 657 per
1309 600 1541 657 scripturas
1572 604 1670 644 tuae

93 676 376 734 preciositatis
407 677 606 721 doceatur
636 677 881 734 sospitatem
912 677 1059 734 ipsius.
1111 677 1310 733 Magnam
1342 678 1455 722 enim
1486 678 1671 723 affectio-

94 767 192 799 nem
222 754 350 799 habet
379 755 606 812 imperium
636 769 778 799 meum
808 756 853 799 in
880 759 998 799 tuam
1018 755 1347 812 preciositatem,
1380 770 1432 800 ex
1454 771 1535 814 quo
1557 760 1670 801 certe

95 834 290 889 cognovit
325 832 544 878 florentem
581 833 627 877 in
657 837 699 878 te
729 834 942 878 virtutem.
1005 833 1137 877 Missa
1169 837 1233 878 est
1264 835 1316 879 ab
1346 834 1473 879 Adon
1503 838 1670 880 servata

93 925 248 967 magna
277 911 461 967 civitate,
492 925 636 955 mense
665 911 833 967 Martio,
865 912 1094 956 indictione
1127 914 1194 956 14.

211 987 245 1040 ·Χ·
289 988 467 1034 Missum
513 992 578 1034 est
618 989 696 1034 tibi
735 987 991 1034 examitum¹
1027 988 1393 1046 megalogramon²
1434 989 1669 1048 diplarion³

93 1066 235 1112 album
264 1065 309 1119 'l‘-

96 1209 214 1257 326.
242 1212 463 1256 Heinricus
494 1213 708 1270 episcopus
728 1211 974 1255 Leodiensis
992 1212 1232 1270 Euqenium
1254 1213 1328 1256 ΙΠ
1340 1229 1505 1271 papam
1533 1223 1666 1272 royat,

241 1298 288 1334 ut
315 1291 549 1335 Amoldum
575 1290 634 1333 II
666 1291 834 1333 electum
866 1290 1219 1349 archiepiscopum
1253 1292 1533 1335 coloniensem
1571 1308 1668 1336 con-

231 1369 387 1429 fimet.
1450 1368 1522 1423 (M.
1548 1370 1666 1424 309.)

210 1457 455 1502 Reverendo
486 1458 601 1515 patri
633 1470 708 1501 suo
741 1461 783 1501 et
813 1457 982 1502 domino
1002 1457 1228 1514 E(ugenio)
1252 1472 1416 1503 summo
1438 1462 1481 1503 et
1500 1460 1669 1504 univer·
1694 1472 1785 1508 1151

93 1535 173 1580 sali
204 1539 374 1580 sanctae
403 1535 618 1580 Romanae
651 1536 877 1580 aecclesiae
907 1535 1098 1594 pontifici
1128 1536 1388 1592 H(einricus)
1419 1537 1502 1582 Dei
1532 1539 1670 1594 gratia

91 1613 337 1659 Leodiensis
368 1614 594 1658 aecclesiae
624 1614 796 1658 humilis
828 1614 1023 1658 minister
1051 1618 1141 1658 tam
1173 1615 1367 1659 devotam
1400 1629 1528 1672 quam
1552 1617 1668 1661 debi-

90 1694 181 1736 tam
218 1692 348 1736 totius
389 1692 661 1736 subiectionis
699 1692 983 1736 obedientiam
1021 1695 1063 1736 et
1097 1696 1343 1750 promptum
1383 1707 1432 1738 ac
1468 1693 1591 1739 fidele
1621 1696 1667 1739 in

91 1770 285 1814 omnibus
315 1770 574 1827 obsequium.

210 1848 313 1892 Post
343 1848 561 1892 decessum
590 1848 725 1892 bonae
754 1847 983 1892 memoriae
1002 1847 1215 1903 A(rnoldi)
1237 1847 1500 1894 Coloniensis
1531 1851 1666 1895 archi-

91 1923 301 1985 episcopi⁴
333 1925 594 1970 Coloniensis
626 1925 829 1970 aecclesia
858 1940 935 1970 nos
967 1930 1010 1970 et
1049 1926 1153 1970 alios
1194 1927 1382 1971 eiusdem
1418 1929 1665 1986 metropolis

90 2004 375 2060 suffraganeos
416 2004 471 2047 ad
500 2004 612 2048 diem
643 2004 858 2048 electionis
888 2004 1021 2047 futuri
1052 2005 1254 2048 antistitis
1286 2005 1433 2049 ordine
1463 2008 1663 2051 canonico

91 2083 293 2128 evocavit.
354 2082 413 2126 Et
449 2083 668 2139 premissis
706 2082 875 2126 ieiuniis
914 2086 956 2126 et
992 2082 1275 2126 laetaniarum
1305 2083 1663 2130 obsecrationibus

91 2164 133 2206 et
162 2162 357 2205 invocata
388 2160 523 2204 sancti
545 2159 728 2218 Spiritus
759 2161 898 2216 gratia
928 2164 971 2205 et
1001 2163 1174 2205 exorato
1207 2175 1269 2217 eo,
1302 2176 1328 2205 a
1351 2176 1432 2219 quo
1455 2166 1519 2207 est
1539 2177 1662 2208 omne

90 2239 235 2283 datum
267 2238 474 2296 optimum
505 2241 548 2282 et
577 2252 699 2283 omne
730 2239 887 2282 donum
916 2236 1173 2296 perfectum⁵
1205 2240 1359 2297 quique
1389 2241 1491 2284 facit
1512 2242 1662 2285 unani-

89 2331 180 2361 mes
209 2316 401 2361 habitare
431 2316 477 2359 in
507 2316 652 2372 domo,
683 2316 810 2372 elegit
839 2317 940 2373 sibi,
971 2320 1133 2361 remoto
1164 2318 1280 2361 omni
1310 2318 1476 2375 privato
1507 2320 1660 2376 studio,

90 2394 302 2439 communi
333 2395 521 2438 omnium
549 2408 636 2438 non
666 2394 803 2438 dicam
833 2395 976 2439 favore
1007 2398 1050 2439 et
1081 2409 1255 2439 assensu
1285 2399 1350 2440 set
1380 2397 1587 2441 desiderio
1619 2402 1662 2442 et

91 2472 391 2516 acclamatione
410 2471 660 2527 Arnoldum,
693 2472 880 2516 eiusdem
911 2473 1137 2517 aecclesiae
1157 2474 1361 2518 maiorem
1381 2475 1657 2532 prepositum,

89 2550 231 2606 regiae
267 2551 408 2595 curiae
446 2549 762 2606 cancellarium,
801 2551 940 2594 virum
969 2552 1114 2608 utique
1143 2552 1332 2596 moribus
1363 2556 1405 2596 et
1433 2552 1658 2609 natalibus,

91 2628 237 2672 ordine
277 2631 320 2672 et
358 2631 494 2673 aetate
530 2631 572 2672 et
603 2628 739 2671 omnis
768 2628 1018 2685 prudentiae
1046 2629 1210 2673 ratione
1242 2630 1491 2674 sacerdotali
1521 2629 1657 2674 officio

91 2709 409 2763 congruentem,
449 2707 521 2763 qui
550 2706 662 2750 vitae
697 2706 848 2750 merito
881 2709 923 2749 et
953 2705 1167 2750 doctrinae
1198 2707 1376 2751 scientia
1403 2711 1492 2751 tam
1521 2708 1658 2765 possit

89 2784 290 2841 prodesse
336 2798 460 2841 quam
506 2797 688 2841 preesse.
759 2783 896 2827 Tanta
934 2783 1090 2841 quippe
1126 2785 1208 2828 fuit
1246 2785 1422 2829 actionis
1459 2785 1573 2830 illius
1610 2787 1656 2830 in

186 2890 218 2925 1.
255 2888 512 2926 holosericum.
640 2889 675 2925 2.
712 2888 813 2925 striis
850 2889 994 2935 magnis
1033 2892 1215 2926 ornatum.
1341 2891 1375 2926 3.
1412 2890 1654 2937 duplicatum.

89 2948 126 2985 4.
150 2947 338 2985 Arnoldus
361 2949 380 2985 I
402 2948 564 2996 archiep.
589 2948 717 2986 Colon.
742 2948 835 2986 obiit
861 2949 951 2985 1151
976 2948 1067 2995 Apr.
1089 2949 1122 2985 3.
1220 2949 1255 2986 5.
1278 2949 1402 2987 Iacob.
1424 2951 1456 2996 1,
1478 2951 1535 2988 17.
