1924 3288
578 215 778 246 WIBALDI
795 214 1029 246 -nmsroLA
1063 214 1132 245 152.
1556 201 1641 246 257

69 308 196 353 matis
229 309 476 365 occasione,
523 313 570 352 ut
608 310 854 367 plerumque
893 309 985 353 fieri
1024 309 1149 364 solet,
1197 309 1504 365 disturbentur,
1546 310 1645 365 quia
1670 311 1788 348 1149?

69 385 269 445 profecto,
301 387 411 430 sicut
440 387 549 430 iram
570 387 650 431 Dei
674 392 860 432 meretur
882 389 954 444 qui
980 388 1160 431 seminat
1179 388 1291 431 inter
1311 387 1464 431 fratres
1487 387 1645 431 discor-

70 465 207 520 diam,
245 465 306 509 sic
335 479 413 508 nos
444 466 624 521 gratiam
657 480 682 509 a
713 466 802 510 Deo
836 470 1079 523 accepturos
1113 480 1353 523 speramus,
1391 479 1488 509 cum
1519 466 1645 509 semi-

69 556 218 586 namus
250 543 360 586 inter
389 543 541 588 fratres
573 545 851 587 concordiam.
900 544 1075 588 Noverit
1105 544 1236 600 igitur
1266 544 1520 588 universitas
1543 543 1645 588 fide-

69 620 174 664 lium
217 624 477 677 nostrorum,
526 622 705 678 qualiter
745 622 943 665 dilectum
983 622 1117 665 filium
1158 625 1352 665 nostrum
1390 622 1650 666 Reinherum'

70 686 331 757 prepositum
375 699 426 743 de
462 699 677 755 Eresburg
724 703 765 743 et
812 701 1134 744 ministerialem
1174 704 1366 744 nostrum
1405 700 1647 744 Elvericum

70 777 267 821 comitem
305 777 356 821 de
395 777 618 821 Horhusen
666 778 719 821 ad
764 792 913 835 pacem
961 782 1002 822 et
1046 779 1313 822 concordiam
1357 779 1646 823 revocavimus

70 869 148 913 pro
178 859 301 913 pacto
334 856 592 899 decimarum
622 856 674 899 de
705 856 814 900 Nien
847 861 889 901 et
919 857 1100 913 Keflike,
1135 871 1214 913 que
1246 858 1461 914 pertinent
1491 857 1545 900 ad
1576 870 1646 900 cu-

71 933 251 977 stodiam
271 933 536 978 Corbeiensis
568 934 806 978 aecclesiae.
850 935 937 978 Has
970 936 1178 991 siquidem
1211 935 1394 979 decimas
1416 949 1512 979 cum
1533 936 1648 979 omni

70 1015 259 1070 tempore
289 1015 428 1056 custos
450 1012 714 1056 Corbeiensis
744 1013 876 1057 libere
906 1013 1124 1057 habuisset
1154 1014 1199 1056 in
1229 1027 1359 1057 manu
1387 1028 1464 1057 sua
1484 1018 1526 1057 et
1546 1028 1646 1058 ven-

71 1090 190 1134 deret
202 1090 270 1134 vel
291 1094 531 1147 exponeret,
554 1091 622 1134 cui
637 1091 817 1147 volebat,
840 1091 1059 1135 Elvericus
1082 1096 1273 1149 tempore
1294 1093 1438 1135 domni
1459 1093 1648 1136 Heinrici
1672 1100 1765 1135 1146

72 1168 270 1212 senioris*
307 1169 614 1226 predecessoris
652 1171 786 1214 nostri
824 1170 904 1213 1100
943 1170 1145 1226 obtinuit,
1184 1174 1232 1213 ut
1264 1171 1433 1214 easdem
1465 1171 1647 1215 decimas

73 1246 269 1290 dimidias
307 1261 390 1290 uno
429 1251 594 1291 tantum
637 1262 744 1291 anno
776 1249 1014 1292 redimeret.
1079 1248 1167 1300 Quo
1200 1262 1416 1305 concesso,
1456 1250 1648 1305 sequenti
1674 1255 1764 1291 1147

73 1338 182 1369 anno
221 1325 364 1368 multis
402 1326 595 1382 precibus
634 1340 659 1369 a
695 1327 817 1370 nobis
850 1331 892 1370 et
923 1341 948 1370 a
979 1327 1150 1370 custode
1181 1327 1284 1370 item
1315 1328 1649 1385 redemptionem

73 1403 299 1447 earundem
330 1404 588 1447 decimarum
617 1405 876 1462 impetravit,
909 1418 987 1448 nec
1019 1405 1070 1448 de
1102 1408 1225 1462 pacto
1259 1406 1482 1463 quicquam
1514 1406 1649 1449 adhuc

73 1482 264 1538 quesivit.
313 1482 460 1526 Tercio
486 1482 758 1526 nihilominus
782 1497 905 1539 anno,
937 1485 983 1526 in
1016 1488 1139 1541 pacto
1171 1484 1474 1541 redemptionis
1508 1499 1577 1528 eas
1605 1498 1649 1528 se
1676 1488 1768 1524 1148

74 1574 99 1603 a
129 1560 281 1603 domno
303 1559 500 1603 Heinrico
524 1561 820 1618 predecessore
843 1566 987 1605 nostro
1021 1563 1244 1619 recepisse,
1272 1561 1522 1606 affirmabat.
1572 1562 1650 1606 Cui

47 1622 50 1625 v
74 1650 169 1681 cum
199 1638 578 1682 contradiceremus
603 1642 645 1682 et
666 1643 839 1696 pactum
863 1654 953 1684 esse
976 1654 1240 1696 negaremus,
1273 1641 1394 1684 nobis
1415 1641 1650 1685 reclaman-

74 1716 200 1772 tibus,
231 1716 450 1759 iudiciario
483 1717 628 1760 ordine
661 1731 713 1761 ex
741 1718 832 1761 iure
854 1720 1117 1775 comparium
1139 1733 1310 1762 suorum
1333 1723 1505 1776 pactum
1526 1733 1650 1762 suum

75 1795 119 1837 in
149 1794 306 1838 eisdem
338 1795 511 1838 decimis
545 1809 731 1839 asserere
763 1796 942 1852 volebat,
976 1800 1040 1839 set
1071 1797 1170 1853 quia
1201 1797 1279 1840 hoc
1310 1796 1403 1840 fieri
1432 1797 1649 1854 prohibui-

75 1885 182 1928 mus,
215 1872 335 1929 quasi
365 1873 575 1915 iusticiam
609 1887 729 1916 suam
759 1875 797 1918 ei
820 1875 1093 1930 auferremUS,
1127 1872 1223 1917 diu¹
1243 1875 1507 1932 multumque
1528 1875 1648 1918 nobis

75 1950 275 1994 molestus
308 1954 410 1993 erat.
459 1950 650 2007 Denique
682 1965 777 1994 cum
808 1952 851 1995 in
885 1953 1206 1996 determinanda
1236 1953 1315 1996 hac
1343 1967 1469 1996 causa
1488 1953 1650 1996 nullam

76 2029 189 2072 viam
219 2029 408 2072 invenire
440 2042 671 2085 possemus,
703 2033 751 2072 ut
781 2044 866 2087 pax
898 2034 940 2074 et
971 2031 1194 2074 concordia
1223 2032 1335 2075 inter
1367 2046 1462 2075 eum
1493 2035 1534 2075 et
1554 2046 1649 2088 pre-

76 2107 259 2164 positum
282 2107 333 2150 de
354 2107 594 2150 Eresburch
615 2107 853 2164 haberetur,
883 2109 1123 2152 huiusmodi
1144 2110 1314 2153 tandem
1337 2110 1509 2153 consilio
1532 2110 1650 2153 litem

77 2185 334 2229 diremimus.
382 2185 449 2228 Ex
475 2185 648 2227 consilio
670 2185 858 2230 fidelium
883 2190 1123 2230 nostrorum
1145 2188 1478 2245 redemptionem
1500 2202 1650 2232 earun-

78 2263 173 2307 dem
205 2264 462 2307 decimarum
492 2263 604 2306 inter
634 2263 748 2320 ipsos
782 2264 1015 2320 divisimus,
1047 2269 1094 2308 ut
1114 2266 1384 2309 medietatem
1404 2280 1534 2309 unam
1555 2280 1650 2323 pre-

78 2342 239 2398 positus
282 2342 332 2385 de
370 2342 604 2396 Eresburg,
650 2341 826 2385 alteram
864 2344 1135 2387 medietatem
1173 2344 1390 2387 Elvericus
1432 2345 1649 2387 annuatim

77 2433 210 2477 usque
242 2420 295 2463 ad
325 2420 452 2463 finem
482 2422 648 2462 tantum
679 2420 791 2463 vitae
824 2434 923 2464 suae
954 2422 1173 2477 redimat,
1195 2422 1274 2465 hac
1306 2423 1564 2478 conditione,
1604 2427 1651 2465 ut

77 2498 121 2541 in
159 2498 305 2553 vigilia
345 2498 480 2541 sancti
511 2494 672 2541 Iacobi²
712 2501 887 2554 uterque
926 2513 1069 2542 eorum
1108 2501 1271 2543 custodi
1312 2500 1554 2544 Corbeiensi
1593 2502 1651 2544 30

79 2575 233 2619 solidos
270 2589 347 2632 pro
395 2576 568 2619 decimis
615 2575 715 2632 perb
751 2577 946 2633 proprios
982 2578 1156 2620 nuncios
1203 2578 1511 2632 transmittant3
1555 2581 1651 2635 post

78 2652 205 2696 finem
239 2667 337 2697 vero
369 2654 481 2697 vitae
519 2654 702 2697 Elverici
739 2654 943 2697 medietas
984 2655 1240 2698 decimarum
1279 2656 1332 2699 ad
1370 2670 1541 2700 manum
1580 2670 1651 2699 011-

80 2731 211 2775 stodis
233 2731 495 2776 Corbeiensis
526 2732 659 2776 libera
689 2732 845 2776 redeat.
896 2731 952 2775 Ut
983 2736 1123 2776 autem
1155 2733 1258 2777 haec
1288 2734 1532 2777 constitutio
1562 2738 1649 2777 tam

177 2861 205 2882 a.
233 2852 286 2882 sefi
308 2853 411 2882 eadem
433 2864 523 2882 manu
545 2855 686 2891 scriplum
709 2858 753 2882 est
774 2863 861 2891 super
883 2851 1027 2882 Heinrici.
1112 2852 1140 2882 b.
1167 2861 1199 2892 (p
1222 2865 1246 2882 c.

177 2916 210 2951 1.
243 2916 371 2961 Itaque
396 2927 471 2952 non
497 2920 659 2961 constat,
686 2927 773 2951 num
799 2926 832 2950 a.
853 2916 944 2951 1148
969 2927 1014 2951 an
1040 2927 1073 2951 a..
1094 2916 1185 2951 1149
1210 2916 1296 2952 data
1321 2916 1412 2952 haec
1438 2916 1563 2953 tabula
1588 2918 1647 2954 sit.

81 2972 135 3011 Cf.
164 2975 318 3010 Erhardi
343 2976 503 3021 Rogesta
530 2976 779 3022 Westphaliae
806 2976 851 3011 II.
879 2976 925 3011 25
950 2986 984 3010 n.
1007 2976 1107 3011 1725.
1207 2978 1241 3012 2.
1269 2977 1350 3012 Iuli.
1368 2977 1425 3012 24.

151 3039 256 3074 «luni,
279 3042 467 3071 Bibliotheca
489 3043 511 3070 1.
1319 3043 1362 3078 17
