<?xml version="1.0" encoding="UTF-8"?>
<!DOCTYPE html PUBLIC "-//W3C//DTD XHTML 1.0 Transitional//EN"
    "http://www.w3.org/TR/xhtml1/DTD/xhtml1-transitional.dtd">
<html xmlns="http://www.w3.org/1999/xhtml" xml:lang="en" lang="en">
 <head>
  <title>
</title>
<meta http-equiv="Content-Type" content="text/html;charset=utf-8" />
  <meta name='ocr-system' content='tesseract 3.04.00' />
  <meta name='ocr-capabilities' content='ocr_page ocr_carea ocr_par ocr_line ocrx_word'/>
</head>
<body>
  <div class='ocr_page' id='page_1' title='image "bibliothecarerum01wattuoft_0555.png"; bbox 0 0 1924 3288; ppageno 0'>
   <div class='ocr_carea' id='block_1_1' title="bbox 532 160 1647 205">
    <p class='ocr_par' dir='ltr' id='par_1_1' title="bbox 532 160 1647 205">
     <span class='ocr_line' id='line_1_1' title="bbox 532 160 1647 205; baseline 0.004 -4"><span class='ocrx_word' id='word_1_1' title='bbox 532 170 730 202; x_wconf 74' lang='lat' dir='ltr'>wmALm</span> <span class='ocrx_word' id='word_1_2' title='bbox 758 170 1008 203; x_wconf 63' lang='lat' dir='ltr'>unsa-omn</span> <span class='ocrx_word' id='word_1_3' title='bbox 1034 170 1106 202; x_wconf 81' lang='lat'>402.</span> <span class='ocrx_word' id='word_1_4' title='bbox 1130 170 1201 202; x_wconf 84' lang='lat'>403.</span> <span class='ocrx_word' id='word_1_5' title='bbox 1561 160 1647 205; x_wconf 79' lang='lat'>537</span> 
     </span>
    </p>
   </div>
   <div class='ocr_carea' id='block_1_2' title="bbox 86 263 1654 1655">
    <p class='ocr_par' dir='ltr' id='par_1_2' title="bbox 86 263 1654 1655">
     <span class='ocr_line' id='line_1_2' title="bbox 87 263 1650 326; baseline 0.003 -17"><span class='ocrx_word' id='word_1_6' title='bbox 87 263 331 323; x_wconf 84' lang='lat' dir='ltr'>temporalis</span> <span class='ocrx_word' id='word_1_7' title='bbox 363 278 490 311; x_wconf 83' lang='lat' dir='ltr'>aurae</span> <span class='ocrx_word' id='word_1_8' title='bbox 518 264 687 311; x_wconf 91' lang='lat' dir='ltr'>flatibus</span> <span class='ocrx_word' id='word_1_9' title='bbox 718 266 942 324; x_wconf 79' lang='lat' dir='ltr'>agitentur,</span> <span class='ocrx_word' id='word_1_10' title='bbox 972 281 1063 324; x_wconf 87' lang='lat' dir='ltr'>nos,</span> <span class='ocrx_word' id='word_1_11' title='bbox 1094 266 1139 311; x_wconf 93' lang='lat' dir='ltr'>in</span> <span class='ocrx_word' id='word_1_12' title='bbox 1165 266 1278 312; x_wconf 88' lang='lat' dir='ltr'>illius</span> <span class='ocrx_word' id='word_1_13' title='bbox 1298 270 1418 326; x_wconf 85' lang='lat' dir='ltr'>petre</span> <span class='ocrx_word' id='word_1_14' title='bbox 1439 267 1650 314; x_wconf 84' lang='lat' dir='ltr'><strong>soliditate</strong></span> 
     </span>
     <span class='ocr_line' id='line_1_3' title="bbox 86 341 1651 403; baseline 0.001 -13"><span class='ocrx_word' id='word_1_15' title='bbox 86 341 272 399; x_wconf 77' lang='lat' dir='ltr'>fundati,</span> <span class='ocrx_word' id='word_1_16' title='bbox 311 357 418 400; x_wconf 90' lang='lat' dir='ltr'>quae</span> <span class='ocrx_word' id='word_1_17' title='bbox 455 344 500 388; x_wconf 93' lang='lat' dir='ltr'>in</span> <span class='ocrx_word' id='word_1_18' title='bbox 536 345 808 389; x_wconf 82' lang='lat' dir='ltr'>fundamento</span> <span class='ocrx_word' id='word_1_19' title='bbox 847 346 1002 390; x_wconf 89' lang='lat' dir='ltr'>meruit</span> <span class='ocrx_word' id='word_1_20' title='bbox 1033 345 1257 390; x_wconf 80' lang='lat' dir='ltr'>aecclesiae</span> <span class='ocrx_word' id='word_1_21' title='bbox 1288 346 1502 403; x_wconf 86' lang='lat' dir='ltr'>collocari,</span> <span class='ocrx_word' id='word_1_22' title='bbox 1543 347 1651 392; x_wconf 89' lang='lat' dir='ltr'>sicut</span> 
     </span>
     <span class='ocr_line' id='line_1_4' title="bbox 86 421 1651 471; baseline 0.003 -5"><span class='ocrx_word' id='word_1_23' title='bbox 86 433 172 467; x_wconf 86' lang='lat' dir='ltr'>non</span> <span class='ocrx_word' id='word_1_24' title='bbox 202 421 400 466; x_wconf 80' lang='lat' dir='ltr'><strong>debemus</strong></span> <span class='ocrx_word' id='word_1_25' title='bbox 430 423 492 467; x_wconf 90' lang='lat' dir='ltr'>ita</span> <span class='ocrx_word' id='word_1_26' title='bbox 521 436 599 468; x_wconf 93' lang='lat' dir='ltr'>nec</span> <span class='ocrx_word' id='word_1_27' title='bbox 627 423 819 468; x_wconf 84' lang='lat' dir='ltr'>volumus</span> <span class='ocrx_word' id='word_1_28' title='bbox 851 424 965 468; x_wconf 89' lang='lat' dir='ltr'>omni</span> <span class='ocrx_word' id='word_1_29' title='bbox 995 427 1120 468; x_wconf 86' lang='lat' dir='ltr'>vento</span> <span class='ocrx_word' id='word_1_30' title='bbox 1151 425 1411 469; x_wconf 70' lang='lat' dir='ltr'>circumferri</span> <span class='ocrx_word' id='word_1_31' title='bbox 1436 425 1651 471; x_wconf 88' lang='lat' dir='ltr'>doctrinae</span> 
     </span>
     <span class='ocr_line' id='line_1_5' title="bbox 87 499 1650 562; baseline 0.003 -18"><span class='ocrx_word' id='word_1_32' title='bbox 87 501 162 544; x_wconf 87' lang='lat' dir='ltr'>aut</span> <span class='ocrx_word' id='word_1_33' title='bbox 190 499 216 544; x_wconf 69' lang='lat' dir='ltr'>a</span> <span class='ocrx_word' id='word_1_34' title='bbox 245 513 460 545; x_wconf 89' lang='lat' dir='ltr'>sacrorum</span> <span class='ocrx_word' id='word_1_35' title='bbox 490 514 697 545; x_wconf 87' lang='lat' dir='ltr'>canonum</span> <span class='ocrx_word' id='word_1_36' title='bbox 716 501 968 546; x_wconf 81' lang='lat' dir='ltr'>rectitudine</span> <span class='ocrx_word' id='word_1_37' title='bbox 994 502 1180 561; x_wconf 91' lang='lat' dir='ltr'>impulsu</span> <span class='ocrx_word' id='word_1_38' title='bbox 1202 503 1340 560; x_wconf 88' lang='lat' dir='ltr'>aliquo</span> <span class='ocrx_word' id='word_1_39' title='bbox 1361 503 1542 560; x_wconf 83' lang='lat' dir='ltr'>deviare,</span> <span class='ocrx_word' id='word_1_40' title='bbox 1573 518 1650 562; x_wconf 90' lang='lat' dir='ltr'>per</span> 
     </span>
     <span class='ocr_line' id='line_1_6' title="bbox 86 578 1651 637; baseline 0.003 -15"><span class='ocrx_word' id='word_1_41' title='bbox 86 578 301 636; x_wconf 79' lang='lat' dir='ltr'>presentia</span> <span class='ocrx_word' id='word_1_42' title='bbox 328 579 447 624; x_wconf 85' lang='lat' dir='ltr'>vobis</span> <span class='ocrx_word' id='word_1_43' title='bbox 479 580 636 637; x_wconf 91' lang='lat' dir='ltr'>scripta</span> <span class='ocrx_word' id='word_1_44' title='bbox 665 579 926 636; x_wconf 83' lang='lat' dir='ltr'>mandamus,</span> <span class='ocrx_word' id='word_1_45' title='bbox 960 584 1163 637; x_wconf 88' lang='lat' dir='ltr'>quatenus</span> <span class='ocrx_word' id='word_1_46' title='bbox 1195 594 1344 626; x_wconf 90' lang='lat' dir='ltr'>causae</span> <span class='ocrx_word' id='word_1_47' title='bbox 1372 582 1445 626; x_wconf 87' lang='lat' dir='ltr'>isti</span> <span class='ocrx_word' id='word_1_48' title='bbox 1463 582 1651 627; x_wconf 89' lang='lat' dir='ltr'>favorem</span> 
     </span>
     <span class='ocr_line' id='line_1_7' title="bbox 86 655 1651 715; baseline 0.004 -15"><span class='ocrx_word' id='word_1_49' title='bbox 86 655 263 700; x_wconf 87' lang='lat' dir='ltr'>ulterius</span> <span class='ocrx_word' id='word_1_50' title='bbox 293 670 377 701; x_wconf 93' lang='lat' dir='ltr'>non</span> <span class='ocrx_word' id='word_1_51' title='bbox 407 658 617 715; x_wconf 90' lang='lat' dir='ltr'>prestetis,</span> <span class='ocrx_word' id='word_1_52' title='bbox 649 661 691 702; x_wconf 90' lang='lat' dir='ltr'>et</span> <span class='ocrx_word' id='word_1_53' title='bbox 723 658 835 715; x_wconf 91' lang='lat' dir='ltr'>apud</span> <span class='ocrx_word' id='word_1_54' title='bbox 863 658 1134 703; x_wconf 89' lang='lat' dir='ltr'>karissimum</span> <span class='ocrx_word' id='word_1_55' title='bbox 1164 658 1298 703; x_wconf 85' lang='lat' dir='ltr'>filium</span> <span class='ocrx_word' id='word_1_56' title='bbox 1327 664 1517 705; x_wconf 90' lang='lat' dir='ltr'>nostrum</span> <span class='ocrx_word' id='word_1_57' title='bbox 1540 660 1651 715; x_wconf 91' lang='lat' dir='ltr'>F(ri-</span> 
     </span>
     <span class='ocr_line' id='line_1_8' title="bbox 87 734 1651 795; baseline 0.003 -16"><span class='ocrx_word' id='word_1_58' title='bbox 87 734 312 792; x_wconf 86' lang='lat' dir='ltr'>dericum),</span> <span class='ocrx_word' id='word_1_59' title='bbox 351 749 475 793; x_wconf 89' lang='lat' dir='ltr'>quem</span> <span class='ocrx_word' id='word_1_60' title='bbox 504 735 619 780; x_wconf 89' lang='lat' dir='ltr'>Deus</span> <span class='ocrx_word' id='word_1_61' title='bbox 649 736 728 780; x_wconf 92' lang='lat' dir='ltr'>hoc</span> <span class='ocrx_word' id='word_1_62' title='bbox 756 739 946 794; x_wconf 88' lang='lat' dir='ltr'>tempore</span> <span class='ocrx_word' id='word_1_63' title='bbox 981 751 1058 795; x_wconf 91' lang='lat' dir='ltr'>pro</span> <span class='ocrx_word' id='word_1_64' title='bbox 1097 738 1303 783; x_wconf 85' lang='lat' dir='ltr'>servanda</span> <span class='ocrx_word' id='word_1_65' title='bbox 1334 738 1528 784; x_wconf 85' lang='lat' dir='ltr'>libertate</span> <span class='ocrx_word' id='word_1_66' title='bbox 1559 753 1651 784; x_wconf 89' lang='lat' dir='ltr'>aec-</span> 
     </span>
     <span class='ocr_line' id='line_1_9' title="bbox 87 811 1651 872; baseline 0.004 -16"><span class='ocrx_word' id='word_1_67' title='bbox 87 811 239 857; x_wconf 86' lang='lat' dir='ltr'>clesiae</span> <span class='ocrx_word' id='word_1_68' title='bbox 275 813 320 856; x_wconf 89' lang='lat' dir='ltr'>in</span> <span class='ocrx_word' id='word_1_69' title='bbox 358 814 629 858; x_wconf 87' lang='lat' dir='ltr'>eminentiam</span> <span class='ocrx_word' id='word_1_70' title='bbox 666 815 787 871; x_wconf 86' lang='lat' dir='ltr'>regni</span> <span class='ocrx_word' id='word_1_71' title='bbox 817 815 976 872; x_wconf 83' lang='lat' dir='ltr'>evexit,</span> <span class='ocrx_word' id='word_1_72' title='bbox 1018 814 1182 861; x_wconf 85' lang='lat' dir='ltr'>efficere</span> <span class='ocrx_word' id='word_1_73' title='bbox 1211 818 1364 861; x_wconf 87' lang='lat' dir='ltr'>vestris</span> <span class='ocrx_word' id='word_1_74' title='bbox 1396 817 1651 863; x_wconf 80' lang='lat' dir='ltr'>exhortatio-</span> 
     </span>
     <span class='ocr_line' id='line_1_10' title="bbox 86 890 1653 952; baseline 0.004 -17"><span class='ocrx_word' id='word_1_75' title='bbox 86 890 211 935; x_wconf 85' lang='lat' dir='ltr'>nibus</span> <span class='ocrx_word' id='word_1_76' title='bbox 241 891 465 949; x_wconf 84' lang='lat' dir='ltr'>studeatis,</span> <span class='ocrx_word' id='word_1_77' title='bbox 503 896 552 937; x_wconf 95' lang='lat' dir='ltr'>ut</span> <span class='ocrx_word' id='word_1_78' title='bbox 582 896 624 937; x_wconf 89' lang='lat' dir='ltr'>et</span> <span class='ocrx_word' id='word_1_79' title='bbox 652 893 744 951; x_wconf 90' lang='lat' dir='ltr'>ipse</span> <span class='ocrx_word' id='word_1_80' title='bbox 775 893 801 937; x_wconf 75' lang='lat' dir='ltr'>a</span> <span class='ocrx_word' id='word_1_81' title='bbox 830 907 907 937; x_wconf 89' lang='lat' dir='ltr'>sua</span> <span class='ocrx_word' id='word_1_82' title='bbox 936 908 1062 952; x_wconf 88' lang='lat' dir='ltr'>super</span> <span class='ocrx_word' id='word_1_83' title='bbox 1099 895 1178 939; x_wconf 92' lang='lat' dir='ltr'>hoc</span> <span class='ocrx_word' id='word_1_84' title='bbox 1213 895 1445 940; x_wconf 89' lang='lat' dir='ltr'>intentione</span> <span class='ocrx_word' id='word_1_85' title='bbox 1477 896 1653 941; x_wconf 80' lang='lat' dir='ltr'>desistat</span> 
     </span>
     <span class='ocr_line' id='line_1_11' title="bbox 89 970 1652 1031; baseline 0.004 -18"><span class='ocrx_word' id='word_1_86' title='bbox 89 971 133 1013; x_wconf 88' lang='lat' dir='ltr'>et</span> <span class='ocrx_word' id='word_1_87' title='bbox 160 972 307 1014; x_wconf 89' lang='lat' dir='ltr'>contra</span> <span class='ocrx_word' id='word_1_88' title='bbox 335 970 474 1014; x_wconf 92' lang='lat' dir='ltr'>Deum</span> <span class='ocrx_word' id='word_1_89' title='bbox 511 974 553 1015; x_wconf 91' lang='lat' dir='ltr'>et</span> <span class='ocrx_word' id='word_1_90' title='bbox 590 975 736 1016; x_wconf 90' lang='lat' dir='ltr'>contra</span> <span class='ocrx_word' id='word_1_91' title='bbox 766 985 907 1016; x_wconf 89' lang='lat' dir='ltr'>sacros</span> <span class='ocrx_word' id='word_1_92' title='bbox 939 972 1127 1029; x_wconf 87' lang='lat' dir='ltr'>ordines,</span> <span class='ocrx_word' id='word_1_93' title='bbox 1168 977 1315 1017; x_wconf 90' lang='lat' dir='ltr'>contra</span> <span class='ocrx_word' id='word_1_94' title='bbox 1344 975 1484 1030; x_wconf 88' lang='lat' dir='ltr'>regiae</span> <span class='ocrx_word' id='word_1_95' title='bbox 1516 975 1652 1031; x_wconf 85' lang='lat' dir='ltr'>digni-</span> 
     </span>
     <span class='ocr_line' id='line_1_12' title="bbox 87 1047 1652 1111; baseline 0.004 -19"><span class='ocrx_word' id='word_1_96' title='bbox 87 1048 188 1092; x_wconf 88' lang='lat' dir='ltr'>tatis</span> <span class='ocrx_word' id='word_1_97' title='bbox 219 1047 403 1093; x_wconf 86' lang='lat' dir='ltr'>officium</span> <span class='ocrx_word' id='word_1_98' title='bbox 433 1049 570 1094; x_wconf 88' lang='lat' dir='ltr'>eidem</span> <span class='ocrx_word' id='word_1_99' title='bbox 600 1063 750 1094; x_wconf 87' lang='lat' dir='ltr'>causae</span> <span class='ocrx_word' id='word_1_100' title='bbox 770 1050 958 1094; x_wconf 87' lang='lat' dir='ltr'>favorem</span> <span class='ocrx_word' id='word_1_101' title='bbox 979 1064 1101 1094; x_wconf 89' lang='lat' dir='ltr'>suum</span> <span class='ocrx_word' id='word_1_102' title='bbox 1119 1064 1205 1095; x_wconf 90' lang='lat' dir='ltr'>non</span> <span class='ocrx_word' id='word_1_103' title='bbox 1224 1051 1401 1096; x_wconf 88' lang='lat' dir='ltr'>ulterius</span> <span class='ocrx_word' id='word_1_104' title='bbox 1421 1053 1652 1111; x_wconf 86' lang='lat' dir='ltr'>impendat,</span> 
     </span>
     <span class='ocr_line' id='line_1_13' title="bbox 87 1126 1652 1187; baseline 0.004 -17"><span class='ocrx_word' id='word_1_105' title='bbox 87 1129 154 1170; x_wconf 88' lang='lat' dir='ltr'>set</span> <span class='ocrx_word' id='word_1_106' title='bbox 183 1126 409 1172; x_wconf 87' lang='lat' dir='ltr'>aecclesiae</span> <span class='ocrx_word' id='word_1_107' title='bbox 428 1127 763 1185; x_wconf 83' lang='lat' dir='ltr'>Madeburgensi,</span> <span class='ocrx_word' id='word_1_108' title='bbox 795 1129 904 1172; x_wconf 89' lang='lat' dir='ltr'>sicut</span> <span class='ocrx_word' id='word_1_109' title='bbox 934 1131 976 1172; x_wconf 91' lang='lat' dir='ltr'>et</span> <span class='ocrx_word' id='word_1_110' title='bbox 1007 1129 1101 1173; x_wconf 82' lang='lat' dir='ltr'>aljis</span> <span class='ocrx_word' id='word_1_111' title='bbox 1133 1129 1344 1174; x_wconf 87' lang='lat' dir='ltr'>aecclesiis</span> <span class='ocrx_word' id='word_1_112' title='bbox 1374 1132 1495 1187; x_wconf 86' lang='lat' dir='ltr'>regni</span> <span class='ocrx_word' id='word_1_113' title='bbox 1518 1132 1544 1175; x_wconf 78' lang='lat' dir='ltr'>a</span> <span class='ocrx_word' id='word_1_114' title='bbox 1562 1131 1652 1176; x_wconf 93' lang='lat' dir='ltr'>Deo</span> 
     </span>
     <span class='ocr_line' id='line_1_14' title="bbox 89 1203 1653 1265; baseline 0.004 -17"><span class='ocrx_word' id='word_1_115' title='bbox 89 1203 170 1248; x_wconf 91' lang='lat' dir='ltr'>sibi</span> <span class='ocrx_word' id='word_1_116' title='bbox 200 1206 424 1262; x_wconf 79' lang='lat' dir='ltr'>commissi,</span> <span class='ocrx_word' id='word_1_117' title='bbox 455 1205 631 1250; x_wconf 90' lang='lat' dir='ltr'>liberam</span> <span class='ocrx_word' id='word_1_118' title='bbox 659 1206 902 1251; x_wconf 87' lang='lat' dir='ltr'>facultatem</span> <span class='ocrx_word' id='word_1_119' title='bbox 923 1221 1047 1265; x_wconf 90' lang='lat' dir='ltr'>quem</span> <span class='ocrx_word' id='word_1_120' title='bbox 1067 1207 1248 1252; x_wconf 88' lang='lat' dir='ltr'>voluerit</span> <span class='ocrx_word' id='word_1_121' title='bbox 1267 1209 1495 1253; x_wconf 90' lang='lat' dir='ltr'>secundum</span> <span class='ocrx_word' id='word_1_122' title='bbox 1514 1210 1653 1255; x_wconf 89' lang='lat' dir='ltr'>Deum</span> 
     </span>
     <span class='ocr_line' id='line_1_15' title="bbox 89 1282 1653 1346; baseline 0.004 -19"><span class='ocrx_word' id='word_1_123' title='bbox 89 1282 270 1339; x_wconf 87' lang='lat' dir='ltr'>eligendi</span> <span class='ocrx_word' id='word_1_124' title='bbox 298 1284 528 1342; x_wconf 89' lang='lat' dir='ltr'>relinquat,</span> <span class='ocrx_word' id='word_1_125' title='bbox 569 1288 611 1330; x_wconf 91' lang='lat' dir='ltr'>et</span> <span class='ocrx_word' id='word_1_126' title='bbox 641 1285 886 1330; x_wconf 89' lang='lat' dir='ltr'>electionem</span> <span class='ocrx_word' id='word_1_127' title='bbox 915 1286 1053 1344; x_wconf 88' lang='lat' dir='ltr'>ipsam</span> <span class='ocrx_word' id='word_1_128' title='bbox 1090 1287 1361 1344; x_wconf 88' lang='lat' dir='ltr'>postmodum</span> <span class='ocrx_word' id='word_1_129' title='bbox 1389 1287 1533 1333; x_wconf 84' lang='lat' dir='ltr'>favore</span> <span class='ocrx_word' id='word_1_130' title='bbox 1563 1303 1653 1346; x_wconf 90' lang='lat' dir='ltr'>suo,</span> 
     </span>
     <span class='ocr_line' id='line_1_16' title="bbox 89 1361 1654 1424; baseline 0.003 -18"><span class='ocrx_word' id='word_1_131' title='bbox 89 1361 198 1406; x_wconf 87' lang='lat' dir='ltr'>sicut</span> <span class='ocrx_word' id='word_1_132' title='bbox 217 1362 336 1407; x_wconf 87' lang='lat' dir='ltr'>decet</span> <span class='ocrx_word' id='word_1_133' title='bbox 354 1364 620 1408; x_wconf 90' lang='lat' dir='ltr'>maiestatem</span> <span class='ocrx_word' id='word_1_134' title='bbox 639 1365 812 1421; x_wconf 85' lang='lat' dir='ltr'>regiam,</span> <span class='ocrx_word' id='word_1_135' title='bbox 843 1368 1135 1423; x_wconf 88' lang='lat' dir='ltr'>prosequatur.</span> <span class='ocrx_word' id='word_1_136' title='bbox 1182 1365 1269 1409; x_wconf 91' lang='lat' dir='ltr'>Nos</span> <span class='ocrx_word' id='word_1_137' title='bbox 1290 1379 1404 1422; x_wconf 88' lang='lat' dir='ltr'>vero,</span> <span class='ocrx_word' id='word_1_138' title='bbox 1437 1367 1486 1423; x_wconf 87' lang='lat' dir='ltr'>si,</span> <span class='ocrx_word' id='word_1_139' title='bbox 1520 1367 1654 1424; x_wconf 69' lang='lat' dir='ltr'>quod*</span> 
     </span>
     <span class='ocr_line' id='line_1_17' title="bbox 88 1439 1654 1500; baseline 0.004 -16"><span class='ocrx_word' id='word_1_140' title='bbox 88 1439 141 1484; x_wconf 87' lang='lat' dir='ltr'>de</span> <span class='ocrx_word' id='word_1_141' title='bbox 171 1454 300 1499; x_wconf 88' lang='lat' dir='ltr'>supra</span> <span class='ocrx_word' id='word_1_142' title='bbox 336 1442 448 1486; x_wconf 87' lang='lat' dir='ltr'>dicto</span> <span class='ocrx_word' id='word_1_143' title='bbox 484 1443 615 1487; x_wconf 79' lang='lat' dir='ltr'>fratre</span> <span class='ocrx_word' id='word_1_144' title='bbox 653 1445 797 1486; x_wconf 87' lang='lat' dir='ltr'>nostro</span> <span class='ocrx_word' id='word_1_145' title='bbox 835 1443 973 1487; x_wconf 88' lang='lat' dir='ltr'>facere</span> <span class='ocrx_word' id='word_1_146' title='bbox 1013 1444 1184 1500; x_wconf 90' lang='lat' dir='ltr'>nititur,</span> <span class='ocrx_word' id='word_1_147' title='bbox 1221 1444 1459 1489; x_wconf 87' lang='lat' dir='ltr'>videremus</span> <span class='ocrx_word' id='word_1_148' title='bbox 1490 1446 1654 1490; x_wconf 88' lang='lat' dir='ltr'>ratione</span> 
     </span>
     <span class='ocr_line' id='line_1_18' title="bbox 87 1518 1654 1579; baseline 0.003 -16"><span class='ocrx_word' id='word_1_149' title='bbox 87 1518 240 1576; x_wconf 85' lang='lat' dir='ltr'>fulciri,</span> <span class='ocrx_word' id='word_1_150' title='bbox 271 1534 350 1564; x_wconf 90' lang='lat' dir='ltr'>nec</span> <span class='ocrx_word' id='word_1_151' title='bbox 377 1520 586 1565; x_wconf 84' lang='lat' dir='ltr'>voluntati</span> <span class='ocrx_word' id='word_1_152' title='bbox 616 1521 704 1565; x_wconf 87' lang='lat' dir='ltr'>eius</span> <span class='ocrx_word' id='word_1_153' title='bbox 734 1535 811 1566; x_wconf 90' lang='lat' dir='ltr'>nec</span> <span class='ocrx_word' id='word_1_154' title='bbox 830 1521 1104 1579; x_wconf 86' lang='lat' dir='ltr'>postulationi</span> <span class='ocrx_word' id='word_1_155' title='bbox 1123 1526 1288 1567; x_wconf 89' lang='lat' dir='ltr'>vestrae</span> <span class='ocrx_word' id='word_1_156' title='bbox 1309 1523 1555 1568; x_wconf 90' lang='lat' dir='ltr'>duceremus</span> <span class='ocrx_word' id='word_1_157' title='bbox 1577 1523 1654 1567; x_wconf 89' lang='lat' dir='ltr'>ali-</span> 
     </span>
     <span class='ocr_line' id='line_1_19' title="bbox 89 1599 1654 1655; baseline 0.003 -13"><span class='ocrx_word' id='word_1_158' title='bbox 89 1600 294 1654; x_wconf 89' lang='lat' dir='ltr'>quatenus</span> <span class='ocrx_word' id='word_1_159' title='bbox 324 1599 598 1655; x_wconf 82' lang='lat' dir='ltr'>obviandum3</span> <span class='ocrx_word' id='word_1_160' title='bbox 631 1602 778 1643; x_wconf 87' lang='lat' dir='ltr'>contra</span> <span class='ocrx_word' id='word_1_161' title='bbox 805 1599 944 1644; x_wconf 86' lang='lat' dir='ltr'>Deum</span> <span class='ocrx_word' id='word_1_162' title='bbox 975 1604 1116 1645; x_wconf 90' lang='lat' dir='ltr'>autem</span> <span class='ocrx_word' id='word_1_163' title='bbox 1147 1604 1188 1645; x_wconf 93' lang='lat' dir='ltr'>et</span> <span class='ocrx_word' id='word_1_164' title='bbox 1212 1615 1427 1646; x_wconf 89' lang='lat' dir='ltr'>sacrorum</span> <span class='ocrx_word' id='word_1_165' title='bbox 1446 1615 1654 1647; x_wconf 89' lang='lat' dir='ltr'>canonum</span> 
     </span>
    </p>
   </div>
   <div class='ocr_carea' id='block_1_3' title="bbox 88 1676 1650 1813">
    <p class='ocr_par' dir='ltr' id='par_1_3' title="bbox 88 1676 1650 1813">
     <span class='ocr_line' id='line_1_20' title="bbox 88 1676 1650 1737; baseline 0.003 -17"><span class='ocrx_word' id='word_1_166' title='bbox 88 1676 324 1721; x_wconf 87' lang='lat' dir='ltr'>sanctiones</span> <span class='ocrx_word' id='word_1_167' title='bbox 354 1677 460 1721; x_wconf 89' lang='lat' dir='ltr'>nulli</span> <span class='ocrx_word' id='word_1_168' title='bbox 490 1678 658 1722; x_wconf 90' lang='lat' dir='ltr'>omnino</span> <span class='ocrx_word' id='word_1_169' title='bbox 694 1678 895 1735; x_wconf 89' lang='lat' dir='ltr'>peticioni</span> <span class='ocrx_word' id='word_1_170' title='bbox 929 1692 1152 1737; x_wconf 87' lang='lat' dir='ltr'>possumus</span> <span class='ocrx_word' id='word_1_171' title='bbox 1183 1680 1359 1737; x_wconf 89' lang='lat' dir='ltr'>prebere</span> <span class='ocrx_word' id='word_1_172' title='bbox 1389 1693 1650 1725; x_wconf 88' lang='lat' dir='ltr'>consensum.</span> 
     </span>
     <span class='ocr_line' id='line_1_21' title="bbox 88 1752 905 1813; baseline 0.001 -15"><span class='ocrx_word' id='word_1_173' title='bbox 88 1752 201 1798; x_wconf 89' lang='lat' dir='ltr'>Data</span> <span class='ocrx_word' id='word_1_174' title='bbox 231 1753 399 1811; x_wconf 86' lang='lat' dir='ltr'>Signiae</span> <span class='ocrx_word' id='word_1_175' title='bbox 433 1758 486 1800; x_wconf 91' lang='grc'>16</span> <span class='ocrx_word' id='word_1_176' title='bbox 518 1755 609 1799; x_wconf 88' lang='lat' dir='ltr'>Kal.</span> <span class='ocrx_word' id='word_1_177' title='bbox 634 1755 905 1813; x_wconf 86' lang='lat' dir='ltr'>Septembris.</span> 
     </span>
    </p>
   </div>
   <div class='ocr_carea' id='block_1_4' title="bbox 726 1844 1010 1853">
    <p class='ocr_par' dir='ltr' id='par_1_4' title="bbox 726 1844 1010 1853">
     <span class='ocr_line' id='line_1_22' title="bbox 726 1844 1010 1853; baseline 0 1435"><span class='ocrx_word' id='word_1_178' title='bbox 726 1844 1010 1853; x_wconf 95' lang='lat' dir='ltr'> </span> 
     </span>
    </p>
   </div>
   <div class='ocr_carea' id='block_1_5' title="bbox 90 1896 1654 2192">
    <p class='ocr_par' dir='ltr' id='par_1_5' title="bbox 90 1896 1654 2192">
     <span class='ocr_line' id='line_1_23' title="bbox 90 1896 1654 1960; baseline 0.001 -17"><span class='ocrx_word' id='word_1_179' title='bbox 90 1896 210 1944; x_wconf 86' lang='lat'>403.</span> <span class='ocrx_word' id='word_1_180' title='bbox 237 1898 454 1957; x_wconf 74' lang='lat' dir='ltr'>Euyenius</span> <span class='ocrx_word' id='word_1_181' title='bbox 482 1898 555 1943; x_wconf 91' lang='grc' dir='ltr'>ΙΠ</span> <span class='ocrx_word' id='word_1_182' title='bbox 577 1915 699 1958; x_wconf 80' lang='lat' dir='ltr'>papa</span> <span class='ocrx_word' id='word_1_183' title='bbox 731 1899 920 1943; x_wconf 82' lang='lat' dir='ltr'>Wibaldo</span> <span class='ocrx_word' id='word_1_184' title='bbox 958 1901 1165 1958; x_wconf 73' lang='lat' dir='ltr'>neyotium</span> <span class='ocrx_word' id='word_1_185' title='bbox 1203 1902 1294 1956; x_wconf 89' lang='lat' dir='ltr'>dat,</span> <span class='ocrx_word' id='word_1_186' title='bbox 1333 1908 1380 1944; x_wconf 81' lang='lat' dir='ltr'>ut</span> <span class='ocrx_word' id='word_1_187' title='bbox 1407 1902 1654 1960; x_wconf 70' lang='lat' dir='ltr'>Adelqotum</span> 
     </span>
     <span class='ocr_line' id='line_1_24' title="bbox 240 1977 1653 2036; baseline 0.002 -16"><span class='ocrx_word' id='word_1_188' title='bbox 240 1979 473 2036; x_wconf 76' lang='lat' dir='ltr'>episcopum</span> <span class='ocrx_word' id='word_1_189' title='bbox 493 1978 726 2021; x_wconf 77' lang='lat' dir='ltr'>Curiensem</span> <span class='ocrx_word' id='word_1_190' title='bbox 741 1977 956 2021; x_wconf 76' lang='lat' dir='ltr'>Friderico</span> <span class='ocrx_word' id='word_1_191' title='bbox 973 1978 1002 2021; x_wconf 96' lang='lat' dir='ltr'><strong><em>I</em></strong></span> <span class='ocrx_word' id='word_1_192' title='bbox 1013 1980 1103 2036; x_wconf 74' lang='lat' dir='ltr'>reyi</span> <span class='ocrx_word' id='word_1_193' title='bbox 1123 1980 1394 2035; x_wconf 76' lang='lat' dir='ltr'>commendet5</span> <span class='ocrx_word' id='word_1_194' title='bbox 1417 1981 1558 2023; x_wconf 83' lang='lat' dir='ltr'>curiae</span> <span class='ocrx_word' id='word_1_195' title='bbox 1583 1980 1653 2023; x_wconf 84' lang='lat' dir='ltr'>Ul-</span> 
     </span>
     <span class='ocr_line' id='line_1_25' title="bbox 236 2057 1652 2115; baseline 0.002 -17"><span class='ocrx_word' id='word_1_196' title='bbox 236 2057 385 2099; x_wconf 77' lang='lat' dir='ltr'>mensis</span> <span class='ocrx_word' id='word_1_197' title='bbox 416 2057 574 2099; x_wconf 85' lang='lat' dir='ltr'>decreto</span> <span class='ocrx_word' id='word_1_198' title='bbox 593 2057 755 2099; x_wconf 79' lang='lat' dir='ltr'>resistat</span> <span class='ocrx_word' id='word_1_199' title='bbox 761 2073 777 2112; x_wconf 80' lang='lat'>,-</span> <span class='ocrx_word' id='word_1_200' title='bbox 807 2058 897 2114; x_wconf 74' lang='lat' dir='ltr'>reqi</span> <span class='ocrx_word' id='word_1_201' title='bbox 916 2058 1083 2111; x_wconf 79' lang='lat' dir='ltr'>nuntiet,</span> <span class='ocrx_word' id='word_1_202' title='bbox 1117 2057 1329 2100; x_wconf 77' lang='lat' dir='ltr'>Romanos</span> <span class='ocrx_word' id='word_1_203' title='bbox 1341 2065 1514 2115; x_wconf 82' lang='lat' dir='ltr'>praeter</span> <span class='ocrx_word' id='word_1_204' title='bbox 1532 2073 1652 2101; x_wconf 79' lang='lat' dir='ltr'>sena-</span> 
     </span>
     <span class='ocr_line' id='line_1_26' title="bbox 238 2134 1652 2192; baseline 0.001 -15"><span class='ocrx_word' id='word_1_205' title='bbox 238 2142 345 2177; x_wconf 82' lang='lat' dir='ltr'>tores</span> <span class='ocrx_word' id='word_1_206' title='bbox 366 2141 404 2177; x_wconf 89' lang='lat' dir='ltr'>et</span> <span class='ocrx_word' id='word_1_207' title='bbox 423 2135 603 2177; x_wconf 64' lang='lat' dir='ltr'>consules</span> <span class='ocrx_word' id='word_1_208' title='bbox 624 2136 746 2177; x_wconf 78' lang='lat' dir='ltr'>etiam</span> <span class='ocrx_word' id='word_1_209' title='bbox 765 2135 1057 2192; x_wconf 75' lang='lat' dir='ltr'>imperatorem</span> <span class='ocrx_word' id='word_1_210' title='bbox 1078 2142 1287 2178; x_wconf 79' lang='lat' dir='ltr'>creaturos</span> <span class='ocrx_word' id='word_1_211' title='bbox 1308 2151 1402 2178; x_wconf 81' lang='lat' dir='ltr'>esse.</span> <span class='ocrx_word' id='word_1_212' title='bbox 1442 2134 1514 2188; x_wconf 88' lang='lat' dir='ltr'>(M.</span> <span class='ocrx_word' id='word_1_213' title='bbox 1533 2134 1652 2189; x_wconf 88' lang='grc'><strong>383.)</strong></span> 
     </span>
    </p>
   </div>
   <div class='ocr_carea' id='block_1_6' title="bbox 89 2223 1653 2909">
    <p class='ocr_par' dir='ltr' id='par_1_6' title="bbox 89 2223 1653 2360">
     <span class='ocr_line' id='line_1_27' title="bbox 207 2223 1653 2281; baseline 0.001 -13"><span class='ocrx_word' id='word_1_214' title='bbox 207 2223 423 2279; x_wconf 89' lang='lat' dir='ltr'>Eugenius</span> <span class='ocrx_word' id='word_1_215' title='bbox 454 2224 675 2281; x_wconf 87' lang='lat' dir='ltr'>episcopus</span> <span class='ocrx_word' id='word_1_216' title='bbox 706 2237 851 2268; x_wconf 90' lang='lat' dir='ltr'>servus</span> <span class='ocrx_word' id='word_1_217' title='bbox 882 2237 1098 2267; x_wconf 85' lang='lat' dir='ltr'>servorum</span> <span class='ocrx_word' id='word_1_218' title='bbox 1128 2223 1209 2268; x_wconf 89' lang='lat' dir='ltr'>Dei</span> <span class='ocrx_word' id='word_1_219' title='bbox 1246 2223 1396 2268; x_wconf 89' lang='lat' dir='ltr'>dilecto</span> <span class='ocrx_word' id='word_1_220' title='bbox 1434 2223 1520 2269; x_wconf 90' lang='lat' dir='ltr'>filio</span> <span class='ocrx_word' id='word_1_221' title='bbox 1551 2224 1653 2269; x_wconf 88' lang='lat' dir='ltr'>Cor-</span> 
     </span>
     <span class='ocr_line' id='line_1_28' title="bbox 89 2299 1378 2360; baseline -0.002 -12"><span class='ocrx_word' id='word_1_222' title='bbox 89 2302 248 2348; x_wconf 87' lang='lat' dir='ltr'>beiensi</span> <span class='ocrx_word' id='word_1_223' title='bbox 279 2302 421 2346; x_wconf 89' lang='lat' dir='ltr'>abbati</span> <span class='ocrx_word' id='word_1_224' title='bbox 451 2299 628 2346; x_wconf 87' lang='lat' dir='ltr'>salutem</span> <span class='ocrx_word' id='word_1_225' title='bbox 659 2305 701 2346; x_wconf 90' lang='lat' dir='ltr'>et</span> <span class='ocrx_word' id='word_1_226' title='bbox 731 2302 1005 2360; x_wconf 87' lang='lat' dir='ltr'>apostolicam</span> <span class='ocrx_word' id='word_1_227' title='bbox 1035 2302 1378 2346; x_wconf 88' lang='lat' dir='ltr'>benedictionem.</span> 
     </span>
    </p>

    <p class='ocr_par' dir='ltr' id='par_1_7' title="bbox 89 2380 1653 2909">
     <span class='ocr_line' id='line_1_29' title="bbox 207 2380 1651 2438; baseline 0 -13"><span class='ocrx_word' id='word_1_228' title='bbox 207 2380 273 2425; x_wconf 89' lang='lat' dir='ltr'>De</span> <span class='ocrx_word' id='word_1_229' title='bbox 304 2394 481 2437; x_wconf 88' lang='lat' dir='ltr'>quorum</span> <span class='ocrx_word' id='word_1_230' title='bbox 511 2394 620 2438; x_wconf 88' lang='lat' dir='ltr'>pura</span> <span class='ocrx_word' id='word_1_231' title='bbox 650 2380 869 2424; x_wconf 90' lang='lat' dir='ltr'>devotione</span> <span class='ocrx_word' id='word_1_232' title='bbox 908 2380 1064 2437; x_wconf 90' lang='lat' dir='ltr'>absque</span> <span class='ocrx_word' id='word_1_233' title='bbox 1101 2380 1361 2425; x_wconf 89' lang='lat' dir='ltr'>dubitatione</span> <span class='ocrx_word' id='word_1_234' title='bbox 1392 2380 1651 2438; x_wconf 83' lang='lat' dir='ltr'>confidimus,</span> 
     </span>
     <span class='ocr_line' id='line_1_30' title="bbox 91 2458 1653 2517; baseline 0 -14"><span class='ocrx_word' id='word_1_235' title='bbox 91 2459 151 2504; x_wconf 89' lang='lat' dir='ltr'>eis</span> <span class='ocrx_word' id='word_1_236' title='bbox 181 2458 437 2503; x_wconf 86' lang='lat' dir='ltr'>confidenter</span> <span class='ocrx_word' id='word_1_237' title='bbox 468 2459 787 2515; x_wconf 87' lang='lat' dir='ltr'>committimus,</span> <span class='ocrx_word' id='word_1_238' title='bbox 820 2458 930 2515; x_wconf 89' lang='lat' dir='ltr'>quod</span> <span class='ocrx_word' id='word_1_239' title='bbox 961 2459 1085 2514; x_wconf 89' lang='lat' dir='ltr'>digno</span> <span class='ocrx_word' id='word_1_240' title='bbox 1116 2460 1307 2517; x_wconf 91' lang='lat' dir='ltr'>cupimus</span> <span class='ocrx_word' id='word_1_241' title='bbox 1339 2458 1504 2504; x_wconf 85' lang='lat' dir='ltr'>effectui</span> <span class='ocrx_word' id='word_1_242' title='bbox 1533 2473 1653 2503; x_wconf 91' lang='lat' dir='ltr'>man-</span> 
     </span>
     <span class='ocr_line' id='line_1_31' title="bbox 89 2537 1652 2596; baseline -0.001 -14"><span class='ocrx_word' id='word_1_243' title='bbox 89 2538 234 2596; x_wconf 88' lang='lat' dir='ltr'>cipari.</span> <span class='ocrx_word' id='word_1_244' title='bbox 281 2537 382 2582; x_wconf 88' lang='lat' dir='ltr'>Inde</span> <span class='ocrx_word' id='word_1_245' title='bbox 415 2540 498 2594; x_wconf 89' lang='lat' dir='ltr'>est,</span> <span class='ocrx_word' id='word_1_246' title='bbox 539 2537 650 2594; x_wconf 90' lang='lat' dir='ltr'>quod</span> <span class='ocrx_word' id='word_1_247' title='bbox 688 2537 854 2580; x_wconf 88' lang='lat' dir='ltr'>caritati</span> <span class='ocrx_word' id='word_1_248' title='bbox 890 2540 987 2581; x_wconf 88' lang='lat' dir='ltr'>tuae</span> <span class='ocrx_word' id='word_1_249' title='bbox 1028 2550 1197 2581; x_wconf 91' lang='lat' dir='ltr'>causam</span> <span class='ocrx_word' id='word_1_250' title='bbox 1227 2537 1476 2582; x_wconf 89' lang='lat' dir='ltr'>venerabilis</span> <span class='ocrx_word' id='word_1_251' title='bbox 1507 2538 1652 2582; x_wconf 86' lang='lat' dir='ltr'>fratris</span> 
     </span>
     <span class='ocr_line' id='line_1_32' title="bbox 89 2614 1652 2673; baseline 0 -13"><span class='ocrx_word' id='word_1_252' title='bbox 89 2616 224 2660; x_wconf 88' lang='lat' dir='ltr'>nostri</span> <span class='ocrx_word' id='word_1_253' title='bbox 252 2615 483 2672; x_wconf 88' lang='lat' dir='ltr'>A(delgoti)</span> <span class='ocrx_word' id='word_1_254' title='bbox 515 2614 727 2659; x_wconf 89' lang='lat' dir='ltr'>Curiensis</span> <span class='ocrx_word' id='word_1_255' title='bbox 760 2615 946 2673; x_wconf 91' lang='lat' dir='ltr'>episcopi</span> <span class='ocrx_word' id='word_1_256' title='bbox 983 2615 1183 2659; x_wconf 88' lang='lat' dir='ltr'>attentius</span> <span class='ocrx_word' id='word_1_257' title='bbox 1215 2615 1410 2660; x_wconf 85' lang='lat' dir='ltr'>duximus</span> <span class='ocrx_word' id='word_1_258' title='bbox 1442 2629 1652 2660; x_wconf 91' lang='lat' dir='ltr'>commen-</span> 
     </span>
     <span class='ocr_line' id='line_1_33' title="bbox 91 2694 1651 2752; baseline -0.001 -13"><span class='ocrx_word' id='word_1_259' title='bbox 91 2695 291 2739; x_wconf 85' lang='lat' dir='ltr'>dandam:</span> <span class='ocrx_word' id='word_1_260' title='bbox 339 2697 541 2752; x_wconf 91' lang='lat' dir='ltr'>quatenus</span> <span class='ocrx_word' id='word_1_261' title='bbox 574 2718 628 2723; x_wconf 86' lang='lat'>—</span> <span class='ocrx_word' id='word_1_262' title='bbox 661 2696 733 2737; x_wconf 83' lang='lat' dir='ltr'>tuo</span> <span class='ocrx_word' id='word_1_263' title='bbox 773 2697 815 2738; x_wconf 91' lang='lat' dir='ltr'>et</span> <span class='ocrx_word' id='word_1_264' title='bbox 851 2694 1031 2738; x_wconf 85' lang='lat' dir='ltr'>fratrum</span> <span class='ocrx_word' id='word_1_265' title='bbox 1070 2697 1308 2738; x_wconf 90' lang='lat' dir='ltr'>nostrorum</span> <span class='ocrx_word' id='word_1_266' title='bbox 1346 2694 1651 2752; x_wconf 91' lang='lat' dir='ltr'>episcoporum,</span> 
     </span>
     <span class='ocr_line' id='line_1_34' title="bbox 91 2770 1653 2829; baseline 0.001 -14"><span class='ocrx_word' id='word_1_267' title='bbox 91 2772 163 2829; x_wconf 90' lang='lat' dir='ltr'>qui</span> <span class='ocrx_word' id='word_1_268' title='bbox 194 2772 247 2816; x_wconf 90' lang='lat' dir='ltr'>ad</span> <span class='ocrx_word' id='word_1_269' title='bbox 275 2772 491 2817; x_wconf 89' lang='lat' dir='ltr'>karissimi</span> <span class='ocrx_word' id='word_1_270' title='bbox 519 2770 597 2816; x_wconf 83' lang='lat' dir='ltr'>filii</span> <span class='ocrx_word' id='word_1_271' title='bbox 626 2772 760 2816; x_wconf 89' lang='lat' dir='ltr'>nostri</span> <span class='ocrx_word' id='word_1_272' title='bbox 779 2771 1018 2828; x_wconf 91' lang='lat' dir='ltr'>F(riderici)</span> <span class='ocrx_word' id='word_1_273' title='bbox 1038 2771 1322 2816; x_wconf 89' lang='lat' dir='ltr'>Romanorum</span> <span class='ocrx_word' id='word_1_274' title='bbox 1350 2772 1462 2828; x_wconf 88' lang='lat' dir='ltr'>regis</span> <span class='ocrx_word' id='word_1_275' title='bbox 1493 2773 1653 2816; x_wconf 88' lang='lat' dir='ltr'>curiam</span> 
     </span>
     <span class='ocr_line' id='line_1_35' title="bbox 91 2850 1652 2909; baseline 0.001 -15"><span class='ocrx_word' id='word_1_276' title='bbox 91 2851 397 2909; x_wconf 68' lang='lat' dir='ltr'>convenerintb,</span> <span class='ocrx_word' id='word_1_277' title='bbox 434 2850 608 2896; x_wconf 91' lang='lat' dir='ltr'>consilio</span> <span class='ocrx_word' id='word_1_278' title='bbox 647 2853 689 2894; x_wconf 90' lang='lat' dir='ltr'>et</span> <span class='ocrx_word' id='word_1_279' title='bbox 725 2850 881 2895; x_wconf 82' lang='lat' dir='ltr'>auxilio</span> <span class='ocrx_word' id='word_1_280' title='bbox 910 2851 1042 2896; x_wconf 89' lang='lat' dir='ltr'>fretus</span> <span class='ocrx_word' id='word_1_281' title='bbox 1074 2876 1128 2881; x_wconf 94' lang='lat'>——</span> <span class='ocrx_word' id='word_1_282' title='bbox 1160 2863 1238 2896; x_wconf 89' lang='lat' dir='ltr'>nec</span> <span class='ocrx_word' id='word_1_283' title='bbox 1266 2850 1484 2896; x_wconf 88' lang='lat' dir='ltr'>inhoneste</span> <span class='ocrx_word' id='word_1_284' title='bbox 1512 2850 1652 2896; x_wconf 86' lang='lat' dir='ltr'>verbis</span> 
     </span>
    </p>
   </div>
   <div class='ocr_carea' id='block_1_7' title="bbox 187 2942 719 2989">
    <p class='ocr_par' dir='ltr' id='par_1_8' title="bbox 187 2942 719 2989">
     <span class='ocr_line' id='line_1_36' title="bbox 187 2942 719 2989; baseline -0.002 -11"><span class='ocrx_word' id='word_1_285' title='bbox 187 2955 214 2978; x_wconf 78' lang='lat' dir='ltr'>a.</span> <span class='ocrx_word' id='word_1_286' title='bbox 242 2946 315 2989; x_wconf 85' lang='lat' dir='ltr'>quid</span> <span class='ocrx_word' id='word_1_287' title='bbox 335 2959 361 2979; x_wconf 85' lang='lat' dir='ltr'>c.</span> <span class='ocrx_word' id='word_1_288' title='bbox 457 2947 487 2980; x_wconf 89' lang='lat' dir='ltr'>b.</span> <span class='ocrx_word' id='word_1_289' title='bbox 509 2942 672 2979; x_wconf 65' lang='lat' dir='ltr'>conveneff</span> <span class='ocrx_word' id='word_1_290' title='bbox 693 2958 719 2977; x_wconf 85' lang='lat' dir='ltr'>c.</span> 
     </span>
    </p>
   </div>
   <div class='ocr_carea' id='block_1_8' title="bbox 1673 272 1803 362">
    <p class='ocr_par' dir='ltr' id='par_1_9' title="bbox 1673 272 1803 362">
     <span class='ocr_line' id='line_1_37' title="bbox 1692 272 1785 310; baseline 0.011 -1"><span class='ocrx_word' id='word_1_291' title='bbox 1692 272 1785 310; x_wconf 85' lang='lat'>1152</span> 
     </span>
     <span class='ocr_line' id='line_1_38' title="bbox 1673 322 1803 362; baseline 0.008 -9"><span class='ocrx_word' id='word_1_292' title='bbox 1673 322 1748 362; x_wconf 85' lang='lat' dir='ltr'>Aug.</span> <span class='ocrx_word' id='word_1_293' title='bbox 1762 322 1803 354; x_wconf 88' lang='grc'>17</span> 
     </span>
    </p>
   </div>
   <div class='ocr_carea' id='block_1_9' title="bbox 1676 2237 1814 2327">
    <p class='ocr_par' dir='ltr' id='par_1_10' title="bbox 1676 2237 1814 2327">
     <span class='ocr_line' id='line_1_39' title="bbox 1703 2237 1795 2274; baseline 0.011 -1"><span class='ocrx_word' id='word_1_294' title='bbox 1703 2237 1795 2274; x_wconf 84' lang='grc'>1152</span> 
     </span>
     <span class='ocr_line' id='line_1_40' title="bbox 1676 2286 1814 2327; baseline 0.007 -9"><span class='ocrx_word' id='word_1_295' title='bbox 1676 2286 1759 2327; x_wconf 86' lang='lat' dir='ltr'>Sept.</span> <span class='ocrx_word' id='word_1_296' title='bbox 1774 2288 1814 2319; x_wconf 85' lang='lat'>20</span> 
     </span>
    </p>
   </div>
  </div>
 </body>
</html>
