1924 3288
291 168 382 214 524
738 182 938 214 wmALm
965 182 1213 215 urrerem
1239 183 1310 215 892.
1332 183 1402 215 ses.

174 280 268 318 1152
295 275 447 320 affectu
476 276 530 320 ad
558 277 700 323 sinum
729 280 931 334 paternae
959 277 1241 331 miserationis
1270 281 1436 324 vestrae
1462 278 1744 338 confugimus,
1759 293 1847 339 vpe-

293 354 416 398 dibus
447 355 684 398 sanctitatis
714 358 879 399 vestrae
898 355 1114 400 humiliter
1131 355 1391 414 provolutae,
1422 356 1668 414 supplicitei·
1688 361 1851 410 stem
1864 364 1924 426 ,a

292 431 464 476 tritione
493 432 668 489 spiritus
696 433 832 477 nostri
856 432 1120 478 clementiam
1138 437 1324 478 vestram
1343 434 1621 492 obsecrantes,
1651 436 1847 493 quatinus

295 522 423 554 causa
452 509 534 554 Dei
570 513 613 554 et
650 510 810 554 domini
845 511 980 555 nostri
1018 511 1340 570 archiepiscopi,
1381 512 1453 568 qui
1489 526 1565 557 nos
1601 512 1847 560 clementiae

291 590 457 631 vestrae
493 587 717 645 perintime
753 589 1078 646 commendavit,
1115 590 1279 634 litteras
1316 593 1478 635 vestras
1516 590 1571 635 ad
1605 591 1848 650 episcopum

290 663 719 710 Patherburnensem¹
748 666 940 722 dirigatis
979 681 1157 725 eumque
1183 668 1365 724 rogetis,
1402 670 1451 712 ut
1486 681 1563 712 sua
1599 669 1846 715 auctoritate

290 741 527 799 confirmet,
564 757 618 787 ne
653 757 730 788 nos
773 744 948 789 ulterius
978 745 1196 801 infestent,
1237 748 1279 790 et
1316 759 1422 803 quae
1450 746 1542 791 iure
1570 746 1846 804 possidemus,

289 820 536 864 inconvulsa
570 825 857 878 permaneant.
918 823 1077 867 Valete.
1127 822 1299 868 Patrem
1342 827 1534 868 nostrum
1578 824 1847 871 karissimum

291 899 506 943 sanctitati
535 902 699 943 vestrae
728 900 952 957 perintime
981 901 1335 957 commendamus,
1366 904 1410 946 et
1436 904 1486 946 ut
1511 902 1554 947 ei
1581 902 1627 947 in
1655 902 1847 949 omnibus

291 976 496 1032 angustiis
528 977 615 1021 suis
646 977 1001 1035 condescendatis,
1033 979 1186 1023 obnixe
1214 993 1424 1035 rogamus.

293 1117 411 1166 393.
435 1119 648 1164 Wibaldus
681 1120 873 1179 Euqenio
904 1122 975 1166 III
1002 1138 1145 1180 papae
1183 1122 1392 1180 Sifridum
1427 1124 1612 1167 abbatem
1654 1123 1847 1178 Ulleslten‘e

437 1213 626 1254 mensem,
659 1200 711 1243 ab
741 1198 981 1243 Hermanno
1013 1201 1203 1258 episcopo
1233 1200 1430 1244 Verdensi
1466 1201 1700 1260 eoepwlsmn,
1740 1217 1848 1247 com·

436 1276 613 1319 mendat.
1633 1276 1706 1333 (M.
1727 1268 1846 1334 364.)

172 1368 265 1406 1152
407 1363 651 1409 Reverendo
680 1365 727 1409 in
749 1365 916 1410 Christo
945 1367 1059 1424 patri
1088 1379 1162 1410 suo
1184 1368 1226 1410 et
1245 1366 1413 1410 domino
1432 1366 1656 1423 E(ugenio)
1677 1371 1848 1432 sanctae

288 1443 502 1487 Romanae
533 1442 758 1487 aecclesiae
787 1457 950 1487 summo
969 1443 1158 1501 pontifici
1186 1444 1317 1488 frater
1337 1443 1586 1501 W(ibaldus)
1605 1445 1689 1491 Dei
1710 1446 1849 1502 gratia

287 1521 346 1578 id,
379 1520 491 1578 quod
523 1524 587 1565 est
614 1521 660 1564 in
690 1521 892 1566 aecclesia
921 1522 1137 1579 catholica,
1169 1522 1340 1578 exiguas
1361 1522 1569 1568 orationes
1590 1526 1633 1568 et
1651 1523 1848 1577 devotum

287 1598 518 1644 servitium.

405 1675 536 1720 Lator
574 1677 854 1734 presentium,
892 1676 1155 1722 Corbeiensis
1193 1676 1419 1722 aecclesiae
1452 1676 1587 1735 filiuS,
1624 1682 1767 1725 noster
1800 1679 1847 1726 in

289 1753 471 1799 Domino
503 1754 663 1810 collega
693 1757 735 1799 et
763 1755 973 1799 confrater
1004 1754 1184 1799 Sifridus
1222 1755 1372 1811 abbas,
1411 1760 1650 1814 assumptus
1684 1757 1847 1810 fuitde

289 1832 544 1876 monasterio
583 1831 825 1877 Corbeiensi
861 1833 907 1877 in
945 1833 1221 1891 prelationem
1259 1833 1451 1878 abbatiae
1487 1834 1539 1878 de
1573 1831 1846 1891 Ullesheim‘;

289 1924 418 1968 quam
449 1910 577 1954 etiam
608 1911 934 1955 amministravit
961 1911 1049 1955 iam
1080 1911 1201 1956 annis
1220 1910 1316 1969 plus
1347 1925 1474 1969 quam
1503 1911 1721 1960 duodecim
1750 1925 1847 1959 cum

289 1988 515 2047 disciplina
545 1991 587 2033 et
617 1992 840 2044 augmento
872 1990 938 2033 sui
969 1989 1127 2034 ordinis
1159 1993 1202 2034 et
1219 2003 1359 2033 rerum
1386 1989 1684 2048 temporalium
1710 1990 1846 2036 incre-

287 2069 444 2123 mento,
475 2066 537 2110 ita
565 2070 613 2110 ut
641 2067 930 2111 testimonium
958 2068 1132 2112 haberet
1162 2067 1214 2111 ab
1240 2067 1306 2111 his
1327 2067 1469 2124 etiam,
1500 2068 1573 2125 qui
1600 2068 1702 2113 foris
1733 2071 1844 2113 sunt.

288 2145 412 2190 Hunc
441 2144 618 2188 domnus
649 2143 947 2200 H(ermannus)
978 2144 1202 2189 Ferdensis
1242 2146 1482 2204 episcopus,
1520 2146 1567 2190 in
1601 2146 1718 2191 cuius
1742 2159 1846 2209 ¹par-

288 2222 433 2268 rochia
462 2222 575 2266 idem
594 2223 895 2267 monasterium
917 2223 1122 2279 consistit,
1153 2223 1244 2268 sine
1263 2223 1480 2268 vocatione
1503 2226 1546 2268 et
1564 2224 1656 2269 sine
1673 2223 1846 2281 audien-

289 2301 363 2357 tia,
396 2301 487 2345 sine
517 2300 680 2356 iuditio,
711 2314 797 2344 non
827 2302 1076 2358 convictum,
1105 2314 1191 2345 non
1221 2301 1469 2358 confessum,
1500 2301 1552 2346 de
1580 2301 1750 2347 abbatia
1769 2315 1847 2353 sua

289 2378 452 2437 expulit
491 2381 533 2422 et
571 2378 763 2423 omnibus
799 2379 1045 2423 monasterii
1078 2379 1203 2424 rebus
1233 2379 1329 2438 plus
1360 2393 1486 2437 quam
1513 2393 1590 2437 per
1620 2379 1719 2425 anni
1748 2393 1845 2439 spa-

288 2458 400 2502 cium
430 2457 516 2501 iam
545 2456 753 2514 spoliavit.
800 2456 882 2501 Pro
914 2471 996 2514 qua
1024 2471 1071 2502 re
1089 2471 1175 2502 non
1195 2457 1330 2502 solum
1361 2457 1386 2502 a
1410 2457 1531 2502 nobis
1550 2471 1697 2502 verum
1717 2458 1846 2504 etiam

288 2536 314 2580 a
341 2534 582 2580 reverendis
613 2534 890 2579 confratribus
920 2536 1090 2592 nostris,
1120 2536 1249 2580 totius
1274 2535 1362 2580 fere
1383 2534 1590 2580 Saxoniae
1610 2535 1844 2593 abbatibus,

286 2613 527 2670 frequenter
564 2615 608 2657 et
643 2611 825 2656 officiose
863 2614 1162 2670 commonitus,
1206 2626 1284 2658 nec
1326 2613 1547 2657 restituere
1583 2627 1661 2658 nec
1699 2614 1844 2660 ordine

287 2691 486 2736 canonico
517 2693 698 2734 tractare
726 2690 867 2748 ipsum
897 2691 1147 2736 confratrem
1177 2695 1368 2736 nostrum
1396 2691 1541 2735 voluit.
1589 2691 1764 2750 Insuper
1789 2691 1845 2737 ad

287 2768 562 2813 intolerabilis
575 2767 849 2812 contumeliae
870 2769 1082 2813 cumulum
1103 2770 1305 2826 quosdam
1323 2769 1721 2828 pseudomonachos,
1739 2782 1842 2826 quos

287 2847 501 2905 predictus
540 2846 667 2891 abbas
704 2849 878 2904 propter
916 2847 1209 2892 enormitatem
1238 2847 1348 2893 vitae
1378 2861 1478 2892 suae
1508 2847 1560 2892 de
1589 2840 1842 2892 monasterio

382 2936 414 2971 1.
440 2933 705 2971 Bernhardum.
799 2934 834 2971 2.
858 2933 1024 2971 Ueltzen.
