1924 3288
191 462 283 498 1148

169 512 295 543 ο.Μαή.

179 2491 270 2527 1148

174 2541 279 2581 Apul

322 193 407 238 154
783 205 981 237 wmALm
1010 204 1259 236 EPISTOLAE
1286 203 1336 235 79.
1357 204 1407 235 so.

323 298 402 345 7-9.
434 300 642 345 Wibaldus
661 301 852 359 Euqenio
870 300 945 344 III
947 315 1093 358 papae
1123 301 1174 343 de
1193 300 1461 344 Fuldensium
1490 301 1696 347 discordia
1721 302 1870 346 sor-thie.

1656 377 1729 432 (M.
1754 377 1871 433 143.)

435 454 786 499 Reverentissimo
823 454 937 512 patri
975 467 1050 498 suo
1082 457 1124 499 et
1153 455 1321 498 domino
1350 454 1573 511 E(ugenio)
1602 455 1677 499 uni
1705 459 1750 500 et
1775 455 1870 500 uni-

317 532 469 576 versali
498 531 685 590 pontifici
721 532 852 576 frater
876 531 1123 588 Wfibaldus)
1154 532 1234 576 Dei
1271 533 1408 588 gratia
1446 536 1489 577 et
1516 536 1658 577 vestra
1683 533 1728 577 id
1758 533 1873 590 quod

318 613 382 654 est
409 610 455 653 in
485 610 687 654 aecclesia
715 609 938 666 catholica,
979 609 1245 655 dilectionem
1273 614 1322 655 ut
1349 610 1482 669 patri,
1518 610 1805 656 obedientiam
1824 613 1874 656 et

317 687 533 731 servitium
561 690 610 731 ut
640 687 821 731 domino.

431 764 660 822 Postquam
698 765 750 809 ab
789 765 987 822 equitatis
1024 768 1189 810 vestrae
1225 778 1401 810 censura
1429 765 1629 820 A(lolfus)
1659 711 1870 823 quondam

313 842 347 886 F
349 842 534 887 uldenffls
573 843 701 887 abbas
741 844 852 901 apud
883 844 1097 888 Treverim
1134 843 1347 901 depositus
1384 843 1484 900 fuit,
1523 843 1744 889 Fuldensis
1774 856 1868 889 aec-

314 920 441 964 clesia
475 934 691 977 nunquam
726 921 772 965 in
808 921 1045 977 generalem
1083 921 1347 966 concordiam
1381 921 1527 976 rediit3
1567 922 1766 979 quoniam
1792 921 1867 979 hii,

314 998 386 1055 qui
423 1011 519 1042 cum
550 999 700 1043 abbate
731 1002 774 1042 et
801 1013 880 1057 pro
911 999 1061 1043 abbate
1091 1002 1314 1056 steterant,
1353 1012 1495 1044 omnes
1523 999 1612 1044 fere
1641 1000 1694 1044 de
1721 1012 1868 1045 mona-

314 1076 441 1120 sterio
473 1076 638 1134 expulsi
668 1080 778 1132 sunt,
810 1080 853 1120 et
878 1077 1062 1121 maxime
1081 1077 1158 1133 illi,
1191 1077 1263 1134 qui
1283 1077 1457 1121 alicuius
1478 1077 1874 1123 amministrationis

313 1153 451 1198 officia
488 1168 514 1198 a
547 1154 683 1210 longis
713 1158 826 1199 retro
856 1155 1115 1212 temporibus
1144 1155 1298 1199 habere
1326 1155 1587 1199 videbantur.
1633 1154 1753 1207 Quod
1780 1155 1868 1200 dis-

313 1232 517 1276 sensionis
553 1233 712 1277 malum
748 1234 794 1277 in
831 1236 996 1277 tantum
1034 1233 1184 1289 crevit,
1223 1236 1272 1277 ut
1307 1233 1418 1276 lator
1450 1233 1709 1290 presentium
1736 1233 1873 1278 stater·

311 1310 459 1366 Dudo,
499 1323 595 1354 cum
625 1311 788 1356 litteras
818 1314 984 1356 vestrae
1011 1311 1208 1354 iussionis
1250 1311 1303 1354 de
1340 1311 1531 1355 facienda
1566 1310 1766 1355 electione
1793 1311 1875 1356 ‹lo-›-

312 1387 455 1444 disset,
486 1401 586 1432 mox
615 1389 662 1432 in
690 1392 814 1446 porta
842 1389 1087 1433 monasterii
1110 1391 1257 1446 captus
1277 1389 1345 1432 sit.
1391 1388 1477 1432 Nos
1499 1399 1663 1445 quoque
1682 1389 1709 1432 a
1725 1391 1874 1434 vestra

311 1466 556 1510 celsitudine
575 1466 754 1510 Fuldam
783 1468 927 1511 venire
955 1467 1074 1522 iussi,
1105 1480 1302 1510 revocare
1331 1467 1446 1524 ipsos
1477 1466 1531 1510 ad
1559 1479 1721 1524 pacem,
1752 1467 1796 1511 et
1818 1468 1873 1513 ut

309 1544 461 1588 fratres
494 1557 590 1588 suos
619 1545 666 1588 in
696 1545 1015 1601 congregatione
1044 1545 1300 1601 reciperent,
1338 1537 1523 1588 studiose
1552 1543 1866 1602 temptavimus,

310 1625 375 1666 set
403 1621 652 1666 facientibus
682 1623 865 1680 peccatis
895 1622 1001 1666 nihil
1020 1622 1285 1680 profecimus.
1332 1621 1439 1674 Quia
1457 1622 1586 1678 igitur
1607 1622 1662 1666 ad
1679 1625 1870 1667 vestram

309 1700 638 1745 moderationem
668 1701 872 1758 pertinet,
903 1704 952 1744 ut
979 1700 1115 1744 instar
1144 1700 1311 1744 divinae
1339 1700 1576 1757 potenciae,
1607 1713 1714 1756 quae
1743 1703 1866 1744 sanat

309 1778 510 1823 contritos
548 1778 672 1822 corde
712 1781 755 1822 et
792 1778 939 1834 alligat
978 1778 1253 1822 contriciones
1291 1791 1455 1834 eorum,
1497 1777 1684 1821 omnium
1719 1788 1864 1822 curam

308 1869 403 1901 cum
432 1856 721 1900 misericordia
749 1856 960 1912 habeatis,
991 1855 1229 1914 providete,
1260 1869 1315 1899 ne
1345 1855 1587 1899 aberrantes
1617 1868 1714 1900 oves
1743 1855 1865 1914 lupo-

306 1947 402 1978 rum
438 1934 646 1978 morsibus
683 1934 918 1978 lacerentur
956 1937 998 1978 et
1037 1933 1240 1978 aecclesia
1268 1933 1509 1989 FuldensiS,
1547 1946 1655 1989 quae
1690 1932 1872 1990 amplis*

308 2012 416 2056 sima
449 2015 514 2056 est
544 2015 586 2056 et
616 2012 703 2056 suis
735 2012 888 2069 spaciis
920 2015 962 2055 et
990 2014 1133 2056 vestra
1163 2010 1335 2069 speciali
1365 2011 1649 2055 dominatione
1678 2013 1723 2055 et
1750 2010 1863 2056 ordi-

307 2091 488 2146 natione,
519 2103 596 2147 per
625 2103 700 2133 vos
729 2090 784 2133 in·
803 2103 908 2147 pace
939 2103 987 2134 ac
1006 2089 1209 2145 religione
1235 2089 1462 2133 reformata
1483 2089 1612 2133 totius
1632 2088 1870 2134 honestatis·

306 2168 589 2226 principatum
619 2167 816 2211 obtineat.

308 2310 390 2358 80.
423 2311 639 2369 Euqenius
664 2310 739 2354 ΠΙ
751 2327 875 2368 papa
904 2311 1100 2354 Heinrico
1130 2311 1416 2354 Romanorum
1442 2310 1532 2367 reyi
1559 2311 1789 2368 respondet,
1817 2327 1862 2356 aa

425 2390 576 2447 Aqneti
605 2389 790 2431 ducissae
819 2389 1021 2431 Polom‘ae
1052 2404 1171 2446 opem
1199 2389 1381 2444 latwrum
1411 2403 1504 2430 esse.
1674 2386 1747 2441 (M.
1769 2387 1860 2443 64.)

424 2477 639 2534 Eugenius
671 2477 890 2534 episcopus
922 2491 1067 2521 servus
1098 2490 1314 2521 servorum
1339 2475 1420 2520 Dei
1450 2475 1600 2520 dilecto
1628 2476 1675 2520 in
1694 2475 1869 2522 christo-

305 2555 392 2600 filio
413 2555 609 2600 Heinrico
639 2554 793 2598 iuniori
813 2554 1096 2598 Romanorum
1125 2555 1230 2610 regi,
1259 2553 1436 2598 illustris
1461 2553 1728 2611 imperatoris
1748 2554 1860 2600 Cun-

306 2633 400 2678 radi
429 2632 530 2689 filio,
562 2632 739 2690 salutem
770 2635 812 2675 et
842 2632 1114 2689 apostolicam
1144 2631 1487 2676 benedictionem.

423 2709 607 2755 Litteras
642 2713 685 2754 et
712 2709 887 2753 nuncios
925 2713 1020 2753 tuos
1059 2710 1201 2754 debita
1230 2709 1486 2765 benignitate
1522 2709 1781 2766 suscepimus
1817 2713 1860 2754 et

306 2802 450 2833 eorum
488 2801 633 2846 preces
670 2786 892 2842 diligenter
923 2787 1188 2831 attendimus.
1250 2777 1477 2831 Personam
1506 2786 1713 2842 siquidem
1740 2789 1865 2831 tuam⁴

305 2879 406 2910 vera
434 2866 481 2909 in
500 2865 680 2910 Domino
706 2864 880 2908 caritate
900 2864 1112 2919 diligimus
1143 2868 1198 2920 et,
1228 2865 1274 2908 in
1305 2864 1454 2921 quibus
1474 2864 1702 2907 secundum
1720 2863 1857 2908 Deum

305 2957 542 3002 possumus,
562 2947 763 3001 paternae
783 2941 1015 2986 devotionis
1035 2955 1255 3000 memores,
1275 2941 1466 2987 volumus
1486 2940 1701 2987 honorare.
1738 2941 1855 2986 Ideo-
