<?xml version="1.0" encoding="UTF-8"?>
<!DOCTYPE html PUBLIC "-//W3C//DTD XHTML 1.0 Transitional//EN"
    "http://www.w3.org/TR/xhtml1/DTD/xhtml1-transitional.dtd">
<html xmlns="http://www.w3.org/1999/xhtml" xml:lang="en" lang="en">
 <head>
  <title>
</title>
<meta http-equiv="Content-Type" content="text/html;charset=utf-8" />
  <meta name='ocr-system' content='tesseract 3.04.00' />
  <meta name='ocr-capabilities' content='ocr_page ocr_carea ocr_par ocr_line ocrx_word'/>
</head>
<body>
  <div class='ocr_page' id='page_1' title='image "bibliothecarerum01wattuoft_0066.png"; bbox 0 0 1930 3242; ppageno 0'>
   <div class='ocr_carea' id='block_1_1' title="bbox 151 300 245 337">
    <p class='ocr_par' dir='ltr' id='par_1_1' title="bbox 151 300 245 337">
     <span class='ocr_line' id='line_1_1' title="bbox 151 300 245 337; baseline 0 0"><span class='ocrx_word' id='word_1_1' title='bbox 151 300 245 337; x_wconf 81' lang='lat'>1146</span> 
     </span>
    </p>
   </div>
   <div class='ocr_carea' id='block_1_2' title="bbox 138 350 322 385">
    <p class='ocr_par' dir='ltr' id='par_1_2' title="bbox 138 350 322 385">
     <span class='ocr_line' id='line_1_2' title="bbox 138 350 322 385; baseline 0.027 -5"><span class='ocrx_word' id='word_1_2' title='bbox 138 350 214 381; x_wconf 82' lang='lat' dir='ltr'><strong>Iuni.</strong></span> <span class='ocrx_word' id='word_1_3' title='bbox 225 351 266 381; x_wconf 80' lang='lat'><strong>26</strong></span> <span class='ocrx_word' id='word_1_4' title='bbox 313 376 322 385; x_wconf 87' lang='lat'><strong>.</strong></span> 
     </span>
    </p>
   </div>
   <div class='ocr_carea' id='block_1_3' title="bbox 152 1165 263 1196">
    <p class='ocr_par' dir='ltr' id='par_1_3' title="bbox 152 1165 263 1196">
     <span class='ocr_line' id='line_1_3' title="bbox 152 1165 263 1196; baseline -0.009 0"><span class='ocrx_word' id='word_1_5' title='bbox 152 1165 207 1196; x_wconf 90' lang='lat' dir='ltr'><strong>Iul.</strong></span> <span class='ocrx_word' id='word_1_6' title='bbox 224 1166 263 1196; x_wconf 82' lang='lat'><strong>12</strong></span> 
     </span>
    </p>
   </div>
   <div class='ocr_carea' id='block_1_4' title="bbox 288 191 1430 237">
    <p class='ocr_par' dir='ltr' id='par_1_4' title="bbox 288 191 1430 237">
     <span class='ocr_line' id='line_1_4' title="bbox 288 191 1430 237; baseline -0.002 -2"><span class='ocrx_word' id='word_1_7' title='bbox 288 191 346 236; x_wconf 90' lang='lat'><strong>48</strong></span> <span class='ocrx_word' id='word_1_8' title='bbox 704 202 1105 237; x_wconf 68' lang='lat' dir='ltr'><strong>cnnonocfflrnus</strong></span> <span class='ocrx_word' id='word_1_9' title='bbox 1136 202 1430 234; x_wconf 61' lang='lat' dir='ltr'><strong>comnmissis</strong></span> 
     </span>
    </p>
   </div>
   <div class='ocr_carea' id='block_1_5' title="bbox 285 295 1900 2222">
    <p class='ocr_par' dir='ltr' id='par_1_5' title="bbox 286 295 1900 1133">
     <span class='ocr_line' id='line_1_5' title="bbox 287 295 1846 356; baseline 0 -14"><span class='ocrx_word' id='word_1_10' title='bbox 287 298 402 342; x_wconf 87' lang='lat' dir='ltr'><strong>mino</strong></span> <span class='ocrx_word' id='word_1_11' title='bbox 432 298 556 356; x_wconf 91' lang='lat' dir='ltr'><strong>pleno</strong></span> <span class='ocrx_word' id='word_1_12' title='bbox 587 298 827 343; x_wconf 83' lang='lat' dir='ltr'><strong>ardentibus</strong></span> <span class='ocrx_word' id='word_1_13' title='bbox 855 297 995 353; x_wconf 89' lang='lat' dir='ltr'><strong>lignis,</strong></span> <span class='ocrx_word' id='word_1_14' title='bbox 1027 300 1100 340; x_wconf 89' lang='lat' dir='ltr'><strong>aut</strong></span> <span class='ocrx_word' id='word_1_15' title='bbox 1120 297 1262 353; x_wconf 84' lang='lat' dir='ltr'><strong>etiam,</strong></span> <span class='ocrx_word' id='word_1_16' title='bbox 1293 297 1404 353; x_wconf 91' lang='lat' dir='ltr'><strong>quod</strong></span> <span class='ocrx_word' id='word_1_17' title='bbox 1424 299 1490 341; x_wconf 86' lang='lat' dir='ltr'><strong>est</strong></span> <span class='ocrx_word' id='word_1_18' title='bbox 1507 295 1846 355; x_wconf 64' lang='lat' dir='ltr'><strong>comparabilium,</strong></span> 
     </span>
     <span class='ocr_line' id='line_1_6' title="bbox 289 375 1847 432; baseline 0 -12"><span class='ocrx_word' id='word_1_19' title='bbox 289 389 326 420; x_wconf 78' lang='lat' dir='ltr'><strong>sl</strong></span> <span class='ocrx_word' id='word_1_20' title='bbox 364 375 427 420; x_wconf 89' lang='lat' dir='ltr'><strong>sol</strong></span> <span class='ocrx_word' id='word_1_21' title='bbox 464 376 666 420; x_wconf 88' lang='lat' dir='ltr'><strong>obductus</strong></span> <span class='ocrx_word' id='word_1_22' title='bbox 696 375 875 419; x_wconf 88' lang='lat' dir='ltr'><strong>nubibus</strong></span> <span class='ocrx_word' id='word_1_23' title='bbox 905 389 981 432; x_wconf 89' lang='lat' dir='ltr'><strong>per</strong></span> <span class='ocrx_word' id='word_1_24' title='bbox 1013 375 1216 431; x_wconf 89' lang='lat' dir='ltr'><strong>quosdam</strong></span> <span class='ocrx_word' id='word_1_25' title='bbox 1246 375 1458 419; x_wconf 81' lang='lat' dir='ltr'><strong>anfractus</strong></span> <span class='ocrx_word' id='word_1_26' title='bbox 1489 375 1655 419; x_wconf 77' lang='lat' dir='ltr'><strong>emittat</strong></span> <span class='ocrx_word' id='word_1_27' title='bbox 1682 375 1730 420; x_wconf 83' lang='lat' dir='ltr'><strong>in</strong></span> <span class='ocrx_word' id='word_1_28' title='bbox 1757 377 1847 420; x_wconf 75' lang='lat' dir='ltr'><strong>ter·-</strong></span> 
     </span>
     <span class='ocr_line' id='line_1_7' title="bbox 288 451 1847 510; baseline -0.001 -13"><span class='ocrx_word' id='word_1_29' title='bbox 288 467 381 497; x_wconf 88' lang='lat' dir='ltr'><strong>ram</strong></span> <span class='ocrx_word' id='word_1_30' title='bbox 422 453 568 509; x_wconf 89' lang='lat' dir='ltr'><strong>longos</strong></span> <span class='ocrx_word' id='word_1_31' title='bbox 605 453 726 498; x_wconf 89' lang='lat' dir='ltr'><strong>valde</strong></span> <span class='ocrx_word' id='word_1_32' title='bbox 765 467 861 496; x_wconf 89' lang='lat' dir='ltr'><strong>suos</strong></span> <span class='ocrx_word' id='word_1_33' title='bbox 901 452 1167 510; x_wconf 79' lang='lat' dir='ltr'><strong>splendentes</strong></span> <span class='ocrx_word' id='word_1_34' title='bbox 1205 453 1486 497; x_wconf 88' lang='lat' dir='ltr'><strong>deductiones.</strong></span> <span class='ocrx_word' id='word_1_35' title='bbox 1549 452 1735 497; x_wconf 81' lang='lat' dir='ltr'><strong>Tandem</strong></span> <span class='ocrx_word' id='word_1_36' title='bbox 1768 451 1847 496; x_wconf 77' lang='lat' dir='ltr'><strong>lux</strong></span> 
     </span>
     <span class='ocr_line' id='line_1_8' title="bbox 287 529 1846 588; baseline -0.001 -13"><span class='ocrx_word' id='word_1_37' title='bbox 287 532 382 588; x_wconf 90' lang='lat' dir='ltr'><strong>ipsa</strong></span> <span class='ocrx_word' id='word_1_38' title='bbox 410 545 464 575; x_wconf 88' lang='lat' dir='ltr'><strong>ne</strong></span> <span class='ocrx_word' id='word_1_39' title='bbox 494 531 544 575; x_wconf 90' lang='lat' dir='ltr'><strong>de</strong></span> <span class='ocrx_word' id='word_1_40' title='bbox 574 530 754 574; x_wconf 90' lang='lat' dir='ltr'><strong>Domino</strong></span> <span class='ocrx_word' id='word_1_41' title='bbox 784 530 1030 587; x_wconf 88' lang='lat' dir='ltr'><strong>procederet</strong></span> <span class='ocrx_word' id='word_1_42' title='bbox 1057 544 1101 574; x_wconf 86' lang='lat' dir='ltr'><strong>se</strong></span> <span class='ocrx_word' id='word_1_43' title='bbox 1122 531 1339 586; x_wconf 78' lang='lat' dir='ltr'><strong>continuit,</strong></span> <span class='ocrx_word' id='word_1_44' title='bbox 1371 533 1414 574; x_wconf 89' lang='lat' dir='ltr'><strong>et</strong></span> <span class='ocrx_word' id='word_1_45' title='bbox 1432 530 1519 574; x_wconf 90' lang='lat' dir='ltr'><strong>iam</strong></span> <span class='ocrx_word' id='word_1_46' title='bbox 1537 543 1707 587; x_wconf 71' lang='lat' dir='ltr'><strong>egressa</strong></span> <span class='ocrx_word' id='word_1_47' title='bbox 1724 529 1846 588; x_wconf 81' lang='lat' dir='ltr'><strong>quasi</strong></span> 
     </span>
     <span class='ocr_line' id='line_1_9' title="bbox 287 606 1848 666; baseline -0.001 -13"><span class='ocrx_word' id='word_1_48' title='bbox 287 609 535 653; x_wconf 83' lang='lat' dir='ltr'><strong>nebularum</strong></span> <span class='ocrx_word' id='word_1_49' title='bbox 563 609 609 652; x_wconf 92' lang='lat' dir='ltr'><strong>in</strong></span> <span class='ocrx_word' id='word_1_50' title='bbox 637 608 794 651; x_wconf 87' lang='lat' dir='ltr'><strong>formas</strong></span> <span class='ocrx_word' id='word_1_51' title='bbox 823 621 868 652; x_wconf 92' lang='lat' dir='ltr'><strong>se</strong></span> <span class='ocrx_word' id='word_1_52' title='bbox 888 607 1081 664; x_wconf 88' lang='lat' dir='ltr'><strong>conlegit.</strong></span> <span class='ocrx_word' id='word_1_53' title='bbox 1129 608 1280 665; x_wconf 89' lang='lat' dir='ltr'><strong>Sicque</strong></span> <span class='ocrx_word' id='word_1_54' title='bbox 1300 612 1512 666; x_wconf 87' lang='lat' dir='ltr'><strong>postremo</strong></span> <span class='ocrx_word' id='word_1_55' title='bbox 1532 608 1751 653; x_wconf 85' lang='lat' dir='ltr'><strong>dominum</strong></span> <span class='ocrx_word' id='word_1_56' title='bbox 1769 606 1848 652; x_wconf 62' lang='lat' dir='ltr'><strong>So·</strong></span> 
     </span>
     <span class='ocr_line' id='line_1_10' title="bbox 288 684 1900 742; baseline 0.001 -12"><span class='ocrx_word' id='word_1_57' title='bbox 288 687 438 742; x_wconf 88' lang='lat' dir='ltr'><strong>baoth,</strong></span> <span class='ocrx_word' id='word_1_58' title='bbox 474 690 615 730; x_wconf 86' lang='lat' dir='ltr'><strong>tamen</strong></span> <span class='ocrx_word' id='word_1_59' title='bbox 645 685 841 741; x_wconf 74' lang='lat' dir='ltr'><strong>viritim⁵,</strong></span> <span class='ocrx_word' id='word_1_60' title='bbox 880 686 1025 730; x_wconf 91' lang='lat' dir='ltr'><strong>sedere</strong></span> <span class='ocrx_word' id='word_1_61' title='bbox 1062 686 1108 730; x_wconf 91' lang='lat' dir='ltr'><strong>in</strong></span> <span class='ocrx_word' id='word_1_62' title='bbox 1145 687 1280 730; x_wconf 88' lang='lat' dir='ltr'><strong>curuli</strong></span> <span class='ocrx_word' id='word_1_63' title='bbox 1309 687 1411 731; x_wconf 87' lang='lat' dir='ltr'><strong>satis</strong></span> <span class='ocrx_word' id='word_1_64' title='bbox 1443 687 1669 731; x_wconf 81' lang='lat' dir='ltr'><strong>admodum</strong></span> <span class='ocrx_word' id='word_1_65' title='bbox 1695 684 1849 731; x_wconf 80' lang='lat' dir='ltr'><strong>humili</strong></span> <span class='ocrx_word' id='word_1_66' title='bbox 1898 700 1900 706; x_wconf 92' lang='lat'>·</span> 
     </span>
     <span class='ocr_line' id='line_1_11' title="bbox 287 762 1846 821; baseline -0.001 -12"><span class='ocrx_word' id='word_1_67' title='bbox 287 765 407 809; x_wconf 81' lang='lat' dir='ltr'><strong>vidit.</strong></span> <span class='ocrx_word' id='word_1_68' title='bbox 455 763 561 808; x_wconf 87' lang='lat' dir='ltr'><strong>Cum</strong></span> <span class='ocrx_word' id='word_1_69' title='bbox 589 766 736 807; x_wconf 89' lang='lat' dir='ltr'><strong>neuter</strong></span> <span class='ocrx_word' id='word_1_70' title='bbox 766 763 954 819; x_wconf 86' lang='lat' dir='ltr'><strong>ipsorum</strong></span> <span class='ocrx_word' id='word_1_71' title='bbox 985 763 1039 807; x_wconf 91' lang='lat' dir='ltr'><strong>ad</strong></span> <span class='ocrx_word' id='word_1_72' title='bbox 1069 763 1248 808; x_wconf 85' lang='lat' dir='ltr'><strong>alterum</strong></span> <span class='ocrx_word' id='word_1_73' title='bbox 1269 764 1408 821; x_wconf 90' lang='lat' dir='ltr'><strong>aliquo</strong></span> <span class='ocrx_word' id='word_1_74' title='bbox 1428 767 1617 810; x_wconf 88' lang='lat' dir='ltr'><strong>uteretur</strong></span> <span class='ocrx_word' id='word_1_75' title='bbox 1637 762 1846 820; x_wconf 80' lang='lat' dir='ltr'><strong>affamine,-</strong></span> 
     </span>
     <span class='ocr_line' id='line_1_12' title="bbox 286 841 1847 900; baseline 0.001 -14"><span class='ocrx_word' id='word_1_76' title='bbox 286 842 349 886; x_wconf 80' lang='lat' dir='ltr'><strong>isb</strong></span> <span class='ocrx_word' id='word_1_77' title='bbox 371 845 510 886; x_wconf 89' lang='lat' dir='ltr'><strong>autem</strong></span> <span class='ocrx_word' id='word_1_78' title='bbox 530 841 760 884; x_wconf 91' lang='lat' dir='ltr'><strong>Dominum</strong></span> <span class='ocrx_word' id='word_1_79' title='bbox 778 841 910 884; x_wconf 92' lang='lat' dir='ltr'><strong>multo</strong></span> <span class='ocrx_word' id='word_1_80' title='bbox 930 841 1086 885; x_wconf 92' lang='lat' dir='ltr'><strong>intuitu</strong></span> <span class='ocrx_word' id='word_1_81' title='bbox 1105 842 1462 887; x_wconf 85' lang='lat' dir='ltr'><strong>animadvertente</strong></span> <span class='ocrx_word' id='word_1_82' title='bbox 1471 850 1499 899; x_wconf 79' lang='lat'><strong>⁶,</strong></span> <span class='ocrx_word' id='word_1_83' title='bbox 1529 843 1624 900; x_wconf 83' lang='lat' dir='ltr'><strong>ipso</strong></span> <span class='ocrx_word' id='word_1_84' title='bbox 1643 845 1689 887; x_wconf 86' lang='lat' dir='ltr'><strong>et</strong></span> <span class='ocrx_word' id='word_1_85' title='bbox 1704 841 1847 887; x_wconf 74' lang='lat' dir='ltr'><strong>mima</strong></span> 
     </span>
     <span class='ocr_line' id='line_1_13' title="bbox 286 918 1848 985; baseline 0.002 -23"><span class='ocrx_word' id='word_1_86' title='bbox 286 920 332 963; x_wconf 92' lang='lat' dir='ltr'><strong>id</strong></span> <span class='ocrx_word' id='word_1_87' title='bbox 368 919 638 975; x_wconf 87' lang='lat' dir='ltr'><strong>adtendente,</strong></span> <span class='ocrx_word' id='word_1_88' title='bbox 675 918 806 962; x_wconf 86' lang='lat' dir='ltr'><strong>frater</strong></span> <span class='ocrx_word' id='word_1_89' title='bbox 843 919 890 962; x_wconf 92' lang='lat' dir='ltr'><strong>in</strong></span> <span class='ocrx_word' id='word_1_90' title='bbox 925 918 1016 963; x_wconf 92' lang='lat' dir='ltr'><strong>loco</strong></span> <span class='ocrx_word' id='word_1_91' title='bbox 1048 933 1123 963; x_wconf 91' lang='lat' dir='ltr'><strong>suo</strong></span> <span class='ocrx_word' id='word_1_92' title='bbox 1153 920 1267 964; x_wconf 87' lang='lat' dir='ltr'><strong>visus</strong></span> <span class='ocrx_word' id='word_1_93' title='bbox 1298 924 1363 965; x_wconf 90' lang='lat' dir='ltr'><strong>est</strong></span> <span class='ocrx_word' id='word_1_94' title='bbox 1393 924 1506 965; x_wconf 88' lang='lat' dir='ltr'><strong>stare</strong></span> <span class='ocrx_word' id='word_1_95' title='bbox 1535 922 1730 985; x_wconf 75' lang='lat' dir='ltr'><strong>repente,</strong></span> <span class='ocrx_word' id='word_1_96' title='bbox 1765 931 1848 964; x_wconf 72' lang='lat' dir='ltr'><strong>noo</strong></span> 
     </span>
     <span class='ocr_line' id='line_1_14' title="bbox 286 996 1849 1056; baseline 0.001 -15"><span class='ocrx_word' id='word_1_97' title='bbox 286 998 464 1041; x_wconf 80' lang='lat' dir='ltr'><strong>miratus</strong></span> <span class='ocrx_word' id='word_1_98' title='bbox 501 997 683 1052; x_wconf 84' lang='lat' dir='ltr'><strong>modice,</strong></span> <span class='ocrx_word' id='word_1_99' title='bbox 725 996 827 1053; x_wconf 86' lang='lat' dir='ltr'><strong>quid</strong></span> <span class='ocrx_word' id='word_1_100' title='bbox 864 1000 906 1041; x_wconf 89' lang='lat' dir='ltr'><strong>et</strong></span> <span class='ocrx_word' id='word_1_101' title='bbox 943 997 989 1041; x_wconf 92' lang='lat' dir='ltr'><strong>id</strong></span> <span class='ocrx_word' id='word_1_102' title='bbox 1025 998 1285 1054; x_wconf 87' lang='lat' dir='ltr'><strong>portentuosi</strong></span> <span class='ocrx_word' id='word_1_103' title='bbox 1321 1002 1466 1055; x_wconf 89' lang='lat' dir='ltr'><strong>posset</strong></span> <span class='ocrx_word' id='word_1_104' title='bbox 1504 996 1734 1054; x_wconf 76' lang='lat' dir='ltr'><strong>significari</strong></span> <span class='ocrx_word' id='word_1_105' title='bbox 1769 1008 1849 1056; x_wconf 68' lang='lat' dir='ltr'><strong>par</strong></span> 
     </span>
     <span class='ocr_line' id='line_1_15' title="bbox 286 1074 868 1133; baseline -0.003 -14"><span class='ocrx_word' id='word_1_106' title='bbox 286 1078 524 1133; x_wconf 92' lang='lat' dir='ltr'><strong>temporum</strong></span> <span class='ocrx_word' id='word_1_107' title='bbox 553 1074 868 1118; x_wconf 81' lang='lat' dir='ltr'><strong>successionem.</strong></span> 
     </span>
    </p>

    <p class='ocr_par' dir='ltr' id='par_1_6' title="bbox 285 1151 1851 2222">
     <span class='ocr_line' id='line_1_16' title="bbox 404 1151 1851 1210; baseline 0.001 -14"><span class='ocrx_word' id='word_1_108' title='bbox 404 1152 564 1196; x_wconf 90' lang='lat' dir='ltr'><strong>Eodem</strong></span> <span class='ocrx_word' id='word_1_109' title='bbox 597 1165 704 1196; x_wconf 90' lang='lat' dir='ltr'><strong>anno</strong></span> <span class='ocrx_word' id='word_1_110' title='bbox 736 1152 782 1195; x_wconf 89' lang='lat' dir='ltr'><strong>in</strong></span> <span class='ocrx_word' id='word_1_111' title='bbox 810 1151 889 1196; x_wconf 89' lang='lat' dir='ltr'><strong>hac</strong></span> <span class='ocrx_word' id='word_1_112' title='bbox 916 1152 1023 1196; x_wconf 88' lang='lat' dir='ltr'><strong>feria</strong></span> <span class='ocrx_word' id='word_1_113' title='bbox 1053 1155 1186 1208; x_wconf 80' lang='lat' dir='ltr'><strong>sexta,</strong></span> <span class='ocrx_word' id='word_1_114' title='bbox 1218 1166 1297 1209; x_wconf 90' lang='lat' dir='ltr'><strong>que</strong></span> <span class='ocrx_word' id='word_1_115' title='bbox 1326 1156 1392 1197; x_wconf 93' lang='lat' dir='ltr'><strong>est</strong></span> <span class='ocrx_word' id='word_1_116' title='bbox 1418 1154 1448 1197; x_wconf 91' lang='lat'>4</span> <span class='ocrx_word' id='word_1_117' title='bbox 1475 1153 1572 1197; x_wconf 89' lang='lat' dir='ltr'><strong>Idus</strong></span> <span class='ocrx_word' id='word_1_118' title='bbox 1598 1153 1711 1210; x_wconf 75' lang='lat' dir='ltr'><strong>Iulii,</strong></span> <span class='ocrx_word' id='word_1_119' title='bbox 1739 1155 1851 1198; x_wconf 78' lang='lat' dir='ltr'><strong>tem·</strong></span> 
     </span>
     <span class='ocr_line' id='line_1_17' title="bbox 286 1230 1849 1288; baseline 0.001 -14"><span class='ocrx_word' id='word_1_120' title='bbox 286 1244 389 1288; x_wconf 89' lang='lat' dir='ltr'><strong>pore</strong></span> <span class='ocrx_word' id='word_1_121' title='bbox 417 1230 641 1274; x_wconf 90' lang='lat' dir='ltr'><strong>meridiani</strong></span> <span class='ocrx_word' id='word_1_122' title='bbox 669 1230 806 1274; x_wconf 87' lang='lat' dir='ltr'><strong>visum</strong></span> <span class='ocrx_word' id='word_1_123' title='bbox 837 1233 902 1274; x_wconf 84' lang='lat' dir='ltr'><strong>est</strong></span> <span class='ocrx_word' id='word_1_124' title='bbox 931 1230 1180 1287; x_wconf 85' lang='lat' dir='ltr'><strong>quibusdam</strong></span> <span class='ocrx_word' id='word_1_125' title='bbox 1209 1230 1438 1287; x_wconf 85' lang='lat' dir='ltr'><strong>religiosis,</strong></span> <span class='ocrx_word' id='word_1_126' title='bbox 1471 1231 1679 1288; x_wconf 89' lang='lat' dir='ltr'><strong>quendam</strong></span> <span class='ocrx_word' id='word_1_127' title='bbox 1706 1230 1849 1276; x_wconf 83' lang='lat' dir='ltr'><strong>virum</strong></span> 
     </span>
     <span class='ocr_line' id='line_1_18' title="bbox 287 1307 1847 1365; baseline 0.001 -12"><span class='ocrx_word' id='word_1_128' title='bbox 287 1308 596 1353; x_wconf 83' lang='lat' dir='ltr'><strong>candidissimis</strong></span> <span class='ocrx_word' id='word_1_129' title='bbox 625 1307 811 1352; x_wconf 87' lang='lat' dir='ltr'><strong>vestibus</strong></span> <span class='ocrx_word' id='word_1_130' title='bbox 843 1308 1042 1351; x_wconf 88' lang='lat' dir='ltr'><strong>amictum</strong></span> <span class='ocrx_word' id='word_1_131' title='bbox 1070 1307 1116 1350; x_wconf 92' lang='lat' dir='ltr'><strong>in</strong></span> <span class='ocrx_word' id='word_1_132' title='bbox 1146 1307 1326 1352; x_wconf 90' lang='lat' dir='ltr'><strong>ediciore</strong></span> <span class='ocrx_word' id='word_1_133' title='bbox 1355 1308 1447 1352; x_wconf 91' lang='lat' dir='ltr'><strong>loco</strong></span> <span class='ocrx_word' id='word_1_134' title='bbox 1471 1308 1700 1354; x_wconf 73' lang='lat' dir='ltr'><strong>sanctuarii</strong></span> <span class='ocrx_word' id='word_1_135' title='bbox 1718 1311 1847 1365; x_wconf 73' lang='lat' dir='ltr'><strong>stare,</strong></span> 
     </span>
     <span class='ocr_line' id='line_1_19' title="bbox 286 1385 1848 1444; baseline 0 -13"><span class='ocrx_word' id='word_1_136' title='bbox 286 1399 432 1431; x_wconf 83' lang='lat' dir='ltr'><strong>versus</strong></span> <span class='ocrx_word' id='word_1_137' title='bbox 463 1386 667 1430; x_wconf 84' lang='lat' dir='ltr'><strong>orientem</strong></span> <span class='ocrx_word' id='word_1_138' title='bbox 697 1385 837 1429; x_wconf 88' lang='lat' dir='ltr'><strong>oculos</strong></span> <span class='ocrx_word' id='word_1_139' title='bbox 859 1388 901 1429; x_wconf 89' lang='lat' dir='ltr'><strong>et</strong></span> <span class='ocrx_word' id='word_1_140' title='bbox 919 1385 1083 1429; x_wconf 87' lang='lat' dir='ltr'><strong>vultum</strong></span> <span class='ocrx_word' id='word_1_141' title='bbox 1103 1385 1366 1442; x_wconf 86' lang='lat' dir='ltr'><strong>dirigentem,</strong></span> <span class='ocrx_word' id='word_1_142' title='bbox 1396 1390 1575 1444; x_wconf 87' lang='lat' dir='ltr'><strong>utraque</strong></span> <span class='ocrx_word' id='word_1_143' title='bbox 1593 1400 1722 1431; x_wconf 88' lang='lat' dir='ltr'><strong>manu</strong></span> <span class='ocrx_word' id='word_1_144' title='bbox 1739 1386 1848 1430; x_wconf 78' lang='lat' dir='ltr'><strong>lam-</strong></span> 
     </span>
     <span class='ocr_line' id='line_1_20' title="bbox 287 1463 1849 1522; baseline 0 -14"><span class='ocrx_word' id='word_1_145' title='bbox 287 1464 439 1521; x_wconf 87' lang='lat' dir='ltr'><strong>padem</strong></span> <span class='ocrx_word' id='word_1_146' title='bbox 476 1463 708 1508; x_wconf 83' lang='lat' dir='ltr'><strong>clarissime</strong></span> <span class='ocrx_word' id='word_1_147' title='bbox 747 1463 964 1507; x_wconf 87' lang='lat' dir='ltr'><strong>ardentem</strong></span> <span class='ocrx_word' id='word_1_148' title='bbox 1001 1466 1044 1507; x_wconf 87' lang='lat' dir='ltr'><strong>et</strong></span> <span class='ocrx_word' id='word_1_149' title='bbox 1077 1466 1299 1507; x_wconf 87' lang='lat' dir='ltr'><strong>tenentem.</strong></span> <span class='ocrx_word' id='word_1_150' title='bbox 1362 1463 1468 1508; x_wconf 88' lang='lat' dir='ltr'><strong>Cum</strong></span> <span class='ocrx_word' id='word_1_151' title='bbox 1498 1465 1559 1508; x_wconf 89' lang='lat' dir='ltr'><strong>sic</strong></span> <span class='ocrx_word' id='word_1_152' title='bbox 1587 1463 1849 1522; x_wconf 74' lang='lat' dir='ltr'><strong>aliquamdiu</strong></span> 
     </span>
     <span class='ocr_line' id='line_1_21' title="bbox 286 1539 1848 1600; baseline 0 -14"><span class='ocrx_word' id='word_1_153' title='bbox 286 1546 399 1586; x_wconf 88' lang='lat' dir='ltr'><strong>stare</strong></span> <span class='ocrx_word' id='word_1_154' title='bbox 427 1542 651 1598; x_wconf 84' lang='lat' dir='ltr'><strong>videretur,</strong></span> <span class='ocrx_word' id='word_1_155' title='bbox 682 1541 845 1584; x_wconf 90' lang='lat' dir='ltr'><strong>modice</strong></span> <span class='ocrx_word' id='word_1_156' title='bbox 873 1540 1100 1598; x_wconf 86' lang='lat' dir='ltr'><strong>proclivior</strong></span> <span class='ocrx_word' id='word_1_157' title='bbox 1124 1540 1352 1595; x_wconf 68' lang='lat' dir='ltr'><strong>levefactus</strong></span> <span class='ocrx_word' id='word_1_158' title='bbox 1365 1539 1388 1598; x_wconf 89' lang='lat'><strong>¹,</strong></span> <span class='ocrx_word' id='word_1_159' title='bbox 1421 1542 1542 1598; x_wconf 88' lang='lat' dir='ltr'><strong>quasi</strong></span> <span class='ocrx_word' id='word_1_160' title='bbox 1561 1542 1728 1600; x_wconf 84' lang='lat' dir='ltr'><strong>lapsum</strong></span> <span class='ocrx_word' id='word_1_161' title='bbox 1746 1541 1848 1586; x_wconf 79' lang='lat' dir='ltr'><strong>snb-</strong></span> 
     </span>
     <span class='ocr_line' id='line_1_22' title="bbox 287 1618 1848 1676; baseline 0.001 -13"><span class='ocrx_word' id='word_1_162' title='bbox 287 1623 478 1676; x_wconf 81' lang='lat' dir='ltr'><strong>acturuS,</strong></span> <span class='ocrx_word' id='word_1_163' title='bbox 518 1619 662 1666; x_wconf 85' lang='lat' dir='ltr'><strong>ambas</strong></span> <span class='ocrx_word' id='word_1_164' title='bbox 700 1619 874 1663; x_wconf 84' lang='lat' dir='ltr'><strong>dextera</strong></span> <span class='ocrx_word' id='word_1_165' title='bbox 906 1618 1096 1662; x_wconf 88' lang='lat' dir='ltr'><strong>lucernas</strong></span> <span class='ocrx_word' id='word_1_166' title='bbox 1128 1619 1316 1674; x_wconf 83' lang='lat' dir='ltr'><strong>sustulit3</strong></span> <span class='ocrx_word' id='word_1_167' title='bbox 1356 1619 1515 1676; x_wconf 88' lang='lat' dir='ltr'><strong>hocque</strong></span> <span class='ocrx_word' id='word_1_168' title='bbox 1544 1620 1670 1664; x_wconf 90' lang='lat' dir='ltr'><strong>modo</strong></span> <span class='ocrx_word' id='word_1_169' title='bbox 1699 1619 1848 1664; x_wconf 78' lang='lat' dir='ltr'><strong>divum</strong></span> 
     </span>
     <span class='ocr_line' id='line_1_23' title="bbox 286 1695 1845 1754; baseline -0.001 -12"><span class='ocrx_word' id='word_1_170' title='bbox 286 1697 472 1742; x_wconf 88' lang='lat' dir='ltr'><strong>deseruit</strong></span> <span class='ocrx_word' id='word_1_171' title='bbox 501 1700 544 1741; x_wconf 88' lang='lat' dir='ltr'><strong>et</strong></span> <span class='ocrx_word' id='word_1_172' title='bbox 571 1700 680 1741; x_wconf 84' lang='lat' dir='ltr'><strong>tecto</strong></span> <span class='ocrx_word' id='word_1_173' title='bbox 710 1697 860 1754; x_wconf 89' lang='lat' dir='ltr'><strong>templi</strong></span> <span class='ocrx_word' id='word_1_174' title='bbox 889 1710 934 1741; x_wconf 90' lang='lat' dir='ltr'><strong>se</strong></span> <span class='ocrx_word' id='word_1_175' title='bbox 964 1697 1142 1753; x_wconf 75' lang='lat' dir='ltr'><strong>subegit,</strong></span> <span class='ocrx_word' id='word_1_176' title='bbox 1173 1697 1276 1740; x_wconf 88' lang='lat' dir='ltr'><strong>adeo</strong></span> <span class='ocrx_word' id='word_1_177' title='bbox 1307 1701 1538 1754; x_wconf 83' lang='lat' dir='ltr'><strong>mansuete,</strong></span> <span class='ocrx_word' id='word_1_178' title='bbox 1569 1701 1619 1742; x_wconf 87' lang='lat' dir='ltr'><strong>ut</strong></span> <span class='ocrx_word' id='word_1_179' title='bbox 1646 1700 1690 1742; x_wconf 83' lang='lat' dir='ltr'><strong>et</strong></span> <span class='ocrx_word' id='word_1_180' title='bbox 1718 1695 1845 1741; x_wconf 77' lang='lat' dir='ltr'><strong>lumi-</strong></span> 
     </span>
     <span class='ocr_line' id='line_1_24' title="bbox 286 1773 1845 1834; baseline 0 -15"><span class='ocrx_word' id='word_1_181' title='bbox 286 1775 410 1819; x_wconf 90' lang='lat' dir='ltr'><strong>nibus</strong></span> <span class='ocrx_word' id='word_1_182' title='bbox 429 1775 698 1831; x_wconf 87' lang='lat' dir='ltr'><strong>intromissis,</strong></span> <span class='ocrx_word' id='word_1_183' title='bbox 727 1774 898 1818; x_wconf 89' lang='lat' dir='ltr'><strong>flamma</strong></span> <span class='ocrx_word' id='word_1_184' title='bbox 916 1788 1062 1818; x_wconf 89' lang='lat' dir='ltr'><strong>eorum</strong></span> <span class='ocrx_word' id='word_1_185' title='bbox 1081 1775 1302 1819; x_wconf 84' lang='lat' dir='ltr'><strong>manifeste</strong></span> <span class='ocrx_word' id='word_1_186' title='bbox 1323 1775 1689 1834; x_wconf 70' lang='lat' dir='ltr'><strong>contemplaretur.</strong></span> <span class='ocrx_word' id='word_1_187' title='bbox 1770 1773 1845 1820; x_wconf 78' lang='lat' dir='ltr'><strong>Bis</strong></span> 
     </span>
     <span class='ocr_line' id='line_1_25' title="bbox 285 1852 1845 1910; baseline 0.001 -14"><span class='ocrx_word' id='word_1_188' title='bbox 285 1853 556 1897; x_wconf 91' lang='lat' dir='ltr'><strong>nihilominus</strong></span> <span class='ocrx_word' id='word_1_189' title='bbox 585 1853 678 1910; x_wconf 89' lang='lat' dir='ltr'><strong>ipso</strong></span> <span class='ocrx_word' id='word_1_190' title='bbox 709 1866 817 1896; x_wconf 88' lang='lat' dir='ltr'><strong>anno</strong></span> <span class='ocrx_word' id='word_1_191' title='bbox 847 1856 1005 1896; x_wconf 90' lang='lat' dir='ltr'><strong>tectum</strong></span> <span class='ocrx_word' id='word_1_192' title='bbox 1033 1853 1182 1910; x_wconf 89' lang='lat' dir='ltr'><strong>templi</strong></span> <span class='ocrx_word' id='word_1_193' title='bbox 1210 1853 1334 1896; x_wconf 91' lang='lat' dir='ltr'><strong>huius</strong></span> <span class='ocrx_word' id='word_1_194' title='bbox 1354 1853 1491 1897; x_wconf 86' lang='lat' dir='ltr'><strong>visum</strong></span> <span class='ocrx_word' id='word_1_195' title='bbox 1511 1857 1576 1898; x_wconf 90' lang='lat' dir='ltr'><strong>est</strong></span> <span class='ocrx_word' id='word_1_196' title='bbox 1595 1852 1845 1910; x_wconf 79' lang='lat' dir='ltr'><strong>quibusdam</strong></span> 
     </span>
     <span class='ocr_line' id='line_1_26' title="bbox 286 1929 1846 1988; baseline 0 -13"><span class='ocrx_word' id='word_1_197' title='bbox 286 1931 547 1975; x_wconf 86' lang='lat' dir='ltr'><strong>convicaneis</strong></span> <span class='ocrx_word' id='word_1_198' title='bbox 577 1930 733 1974; x_wconf 91' lang='lat' dir='ltr'><strong>nostris</strong></span> <span class='ocrx_word' id='word_1_199' title='bbox 763 1930 809 1973; x_wconf 94' lang='lat' dir='ltr'><strong>in</strong></span> <span class='ocrx_word' id='word_1_200' title='bbox 839 1929 1017 1974; x_wconf 62' lang='lat' dir='ltr'><strong>subffle</strong></span> <span class='ocrx_word' id='word_1_201' title='bbox 1047 1935 1299 1988; x_wconf 91' lang='lat' dir='ltr'><strong>porrectum,</strong></span> <span class='ocrx_word' id='word_1_202' title='bbox 1332 1945 1381 1976; x_wconf 86' lang='lat' dir='ltr'><strong>ac</strong></span> <span class='ocrx_word' id='word_1_203' title='bbox 1401 1944 1567 1976; x_wconf 87' lang='lat' dir='ltr'><strong>crucem</strong></span> <span class='ocrx_word' id='word_1_204' title='bbox 1586 1943 1758 1975; x_wconf 88' lang='lat' dir='ltr'><strong>auream</strong></span> <span class='ocrx_word' id='word_1_205' title='bbox 1777 1942 1846 1975; x_wconf 80' lang='lat' dir='ltr'><strong>ce-</strong></span> 
     </span>
     <span class='ocr_line' id='line_1_27' title="bbox 285 2007 1846 2066; baseline 0.001 -14"><span class='ocrx_word' id='word_1_206' title='bbox 285 2008 385 2052; x_wconf 91' lang='lat' dir='ltr'><strong>litus</strong></span> <span class='ocrx_word' id='word_1_207' title='bbox 423 2008 630 2066; x_wconf 85' lang='lat' dir='ltr'><strong>elapsam,</strong></span> <span class='ocrx_word' id='word_1_208' title='bbox 668 2008 922 2051; x_wconf 88' lang='lat' dir='ltr'><strong>monasterio</strong></span> <span class='ocrx_word' id='word_1_209' title='bbox 958 2007 1174 2066; x_wconf 86' lang='lat' dir='ltr'><strong>illapsam,</strong></span> <span class='ocrx_word' id='word_1_210' title='bbox 1214 2010 1323 2054; x_wconf 85' lang='lat' dir='ltr'><strong>tanti</strong></span> <span class='ocrx_word' id='word_1_211' title='bbox 1358 2009 1554 2066; x_wconf 82' lang='lat' dir='ltr'><strong>fulgoris,</strong></span> <span class='ocrx_word' id='word_1_212' title='bbox 1591 2009 1739 2066; x_wconf 87' lang='lat' dir='ltr'><strong>quanti</strong></span> <span class='ocrx_word' id='word_1_213' title='bbox 1765 2019 1846 2053; x_wconf 79' lang='lat' dir='ltr'><strong>neo</strong></span> 
     </span>
     <span class='ocr_line' id='line_1_28' title="bbox 286 2085 1845 2143; baseline 0 -13"><span class='ocrx_word' id='word_1_214' title='bbox 286 2086 414 2130; x_wconf 84' lang='lat' dir='ltr'><strong>fuerit</strong></span> <span class='ocrx_word' id='word_1_215' title='bbox 448 2087 494 2130; x_wconf 94' lang='lat' dir='ltr'><strong>in</strong></span> <span class='ocrx_word' id='word_1_216' title='bbox 529 2086 704 2130; x_wconf 89' lang='lat' dir='ltr'><strong>meridie</strong></span> <span class='ocrx_word' id='word_1_217' title='bbox 735 2085 930 2143; x_wconf 88' lang='lat' dir='ltr'><strong>splendor</strong></span> <span class='ocrx_word' id='word_1_218' title='bbox 961 2086 1074 2130; x_wconf 93' lang='lat' dir='ltr'><strong>solis.</strong></span> <span class='ocrx_word' id='word_1_219' title='bbox 1138 2086 1212 2131; x_wconf 87' lang='lat' dir='ltr'><strong>Set</strong></span> <span class='ocrx_word' id='word_1_220' title='bbox 1240 2088 1351 2131; x_wconf 85' lang='lat' dir='ltr'><strong>infra</strong></span> <span class='ocrx_word' id='word_1_221' title='bbox 1381 2091 1423 2131; x_wconf 88' lang='lat' dir='ltr'><strong>et</strong></span> <span class='ocrx_word' id='word_1_222' title='bbox 1452 2087 1563 2130; x_wconf 89' lang='lat' dir='ltr'><strong>circa</strong></span> <span class='ocrx_word' id='word_1_223' title='bbox 1590 2086 1738 2131; x_wconf 87' lang='lat' dir='ltr'><strong>urbem</strong></span> <span class='ocrx_word' id='word_1_224' title='bbox 1766 2085 1845 2130; x_wconf 77' lang='lat' dir='ltr'><strong>ali-</strong></span> 
     </span>
     <span class='ocr_line' id='line_1_29' title="bbox 288 2163 1843 2222; baseline -0.001 -14"><span class='ocrx_word' id='word_1_225' title='bbox 288 2163 538 2221; x_wconf 89' lang='lat' dir='ltr'><strong>quantulum</strong></span> <span class='ocrx_word' id='word_1_226' title='bbox 565 2163 822 2219; x_wconf 88' lang='lat' dir='ltr'><strong>longiuscule</strong></span> <span class='ocrx_word' id='word_1_227' title='bbox 851 2167 940 2207; x_wconf 90' lang='lat' dir='ltr'><strong>tam</strong></span> <span class='ocrx_word' id='word_1_228' title='bbox 969 2164 1170 2209; x_wconf 84' lang='lat' dir='ltr'><strong>fratribus</strong></span> <span class='ocrx_word' id='word_1_229' title='bbox 1202 2179 1328 2222; x_wconf 86' lang='lat' dir='ltr'><strong>quam</strong></span> <span class='ocrx_word' id='word_1_230' title='bbox 1357 2168 1400 2208; x_wconf 88' lang='lat' dir='ltr'><strong>et</strong></span> <span class='ocrx_word' id='word_1_231' title='bbox 1429 2164 1523 2208; x_wconf 86' lang='lat' dir='ltr'><strong>aliis</strong></span> <span class='ocrx_word' id='word_1_232' title='bbox 1545 2163 1758 2208; x_wconf 84' lang='lat' dir='ltr'><strong>nonnullis</strong></span> <span class='ocrx_word' id='word_1_233' title='bbox 1778 2163 1843 2207; x_wconf 90' lang='lat' dir='ltr'><strong>in-</strong></span> 
     </span>
    </p>
   </div>
   <div class='ocr_carea' id='block_1_6' title="bbox 212 2241 1585 2300">
    <p class='ocr_par' dir='ltr' id='par_1_7' title="bbox 212 2241 1585 2300">
     <span class='ocr_line' id='line_1_30' title="bbox 212 2241 1585 2300; baseline 0.001 -16"><span class='ocrx_word' id='word_1_234' title='bbox 212 2271 222 2282; x_wconf 87' lang='lat'><strong>.</strong></span> <span class='ocrx_word' id='word_1_235' title='bbox 288 2242 534 2286; x_wconf 87' lang='lat' dir='ltr'><strong>estimabilis</strong></span> <span class='ocrx_word' id='word_1_236' title='bbox 564 2241 638 2285; x_wconf 85' lang='lat' dir='ltr'><strong>lux</strong></span> <span class='ocrx_word' id='word_1_237' title='bbox 667 2242 759 2285; x_wconf 86' lang='lat' dir='ltr'><strong>visa</strong></span> <span class='ocrx_word' id='word_1_238' title='bbox 789 2245 853 2285; x_wconf 87' lang='lat' dir='ltr'><strong>est</strong></span> <span class='ocrx_word' id='word_1_239' title='bbox 883 2241 1088 2286; x_wconf 87' lang='lat' dir='ltr'><strong>effulsisse</strong></span> <span class='ocrx_word' id='word_1_240' title='bbox 1117 2256 1244 2300; x_wconf 88' lang='lat' dir='ltr'><strong>super</strong></span> <span class='ocrx_word' id='word_1_241' title='bbox 1272 2242 1585 2286; x_wconf 86' lang='lat' dir='ltr'><strong>monasterium.</strong></span> 
     </span>
    </p>
   </div>
   <div class='ocr_carea' id='block_1_7' title="bbox 101 2404 264 2445">
    <p class='ocr_par' dir='ltr' id='par_1_8' title="bbox 101 2404 264 2445">
     <span class='ocr_line' id='line_1_31' title="bbox 101 2404 264 2445; baseline -0.012 -8"><span class='ocrx_word' id='word_1_242' title='bbox 101 2405 202 2445; x_wconf 83' lang='lat' dir='ltr'><strong>(Mart.</strong></span> <span class='ocrx_word' id='word_1_243' title='bbox 212 2404 264 2443; x_wconf 84' lang='lat'><strong>21)</strong></span> 
     </span>
    </p>
   </div>
   <div class='ocr_carea' id='block_1_8' title="bbox 159 2638 264 2676">
    <p class='ocr_par' dir='ltr' id='par_1_9' title="bbox 159 2638 264 2676">
     <span class='ocr_line' id='line_1_32' title="bbox 159 2638 264 2676; baseline 0 -8"><span class='ocrx_word' id='word_1_244' title='bbox 159 2638 233 2676; x_wconf 80' lang='lat' dir='ltr'><strong>Aug.</strong></span> <span class='ocrx_word' id='word_1_245' title='bbox 246 2638 264 2668; x_wconf 79' lang='lat'>8</span> 
     </span>
    </p>
   </div>
   <div class='ocr_carea' id='block_1_9' title="bbox 287 2315 1846 2765">
    <p class='ocr_par' dir='ltr' id='par_1_10' title="bbox 287 2315 1846 2532">
     <span class='ocr_line' id='line_1_33' title="bbox 405 2315 1844 2377; baseline -0.001 -14"><span class='ocrx_word' id='word_1_246' title='bbox 405 2319 495 2364; x_wconf 92' lang='lat' dir='ltr'><strong>Hoc</strong></span> <span class='ocrx_word' id='word_1_247' title='bbox 534 2333 642 2363; x_wconf 90' lang='lat' dir='ltr'><strong>anno</strong></span> <span class='ocrx_word' id='word_1_248' title='bbox 673 2320 834 2377; x_wconf 91' lang='lat' dir='ltr'><strong>sepius,</strong></span> <span class='ocrx_word' id='word_1_249' title='bbox 873 2322 916 2363; x_wconf 88' lang='lat' dir='ltr'><strong>et</strong></span> <span class='ocrx_word' id='word_1_250' title='bbox 943 2320 1189 2377; x_wconf 83' lang='lat' dir='ltr'><strong>priusquam</strong></span> <span class='ocrx_word' id='word_1_251' title='bbox 1219 2319 1394 2363; x_wconf 87' lang='lat' dir='ltr'><strong>domnus</strong></span> <span class='ocrx_word' id='word_1_252' title='bbox 1425 2315 1668 2363; x_wconf 77' lang='lat' dir='ltr'><strong>Heinricus⁸</strong></span> <span class='ocrx_word' id='word_1_253' title='bbox 1698 2317 1844 2375; x_wconf 74' lang='lat' dir='ltr'><strong>abbas,</strong></span> 
     </span>
     <span class='ocr_line' id='line_1_34' title="bbox 287 2393 1846 2455; baseline -0.001 -13"><span class='ocrx_word' id='word_1_254' title='bbox 287 2411 510 2453; x_wconf 84' lang='lat' dir='ltr'><strong>germanus</strong></span> <span class='ocrx_word' id='word_1_255' title='bbox 551 2397 748 2453; x_wconf 86' lang='lat' dir='ltr'><strong>Sigefridi</strong></span> <span class='ocrx_word' id='word_1_256' title='bbox 787 2397 1010 2454; x_wconf 90' lang='lat' dir='ltr'><strong>principis,</strong></span> <span class='ocrx_word' id='word_1_257' title='bbox 1053 2393 1351 2455; x_wconf 82' lang='lat' dir='ltr'><strong>deponeretur⁸</strong></span> <span class='ocrx_word' id='word_1_258' title='bbox 1387 2400 1430 2441; x_wconf 90' lang='lat' dir='ltr'><strong>et</strong></span> <span class='ocrx_word' id='word_1_259' title='bbox 1468 2399 1615 2453; x_wconf 89' lang='lat' dir='ltr'><strong>postea</strong></span> <span class='ocrx_word' id='word_1_260' title='bbox 1655 2395 1846 2441; x_wconf 68' lang='lat' dir='ltr'><strong>crebrius</strong></span> 
     </span>
     <span class='ocr_line' id='line_1_35' title="bbox 288 2473 1646 2532; baseline -0.002 -13"><span class='ocrx_word' id='word_1_261' title='bbox 288 2475 526 2520; x_wconf 82' lang='lat' dir='ltr'><strong>huiusmodi</strong></span> <span class='ocrx_word' id='word_1_262' title='bbox 555 2478 750 2532; x_wconf 87' lang='lat' dir='ltr'><strong>portenta</strong></span> <span class='ocrx_word' id='word_1_263' title='bbox 778 2475 912 2519; x_wconf 88' lang='lat' dir='ltr'><strong>videri</strong></span> <span class='ocrx_word' id='word_1_264' title='bbox 942 2475 1029 2519; x_wconf 84' lang='lat' dir='ltr'><strong>acsi</strong></span> <span class='ocrx_word' id='word_1_265' title='bbox 1059 2474 1326 2519; x_wconf 89' lang='lat' dir='ltr'><strong>elementarie</strong></span> <span class='ocrx_word' id='word_1_266' title='bbox 1356 2473 1646 2531; x_wconf 84' lang='lat' dir='ltr'><strong>opinabantur.</strong></span> 
     </span>
    </p>

    <p class='ocr_par' dir='ltr' id='par_1_11' title="bbox 287 2547 1844 2765">
     <span class='ocr_line' id='line_1_36' title="bbox 406 2547 1844 2611; baseline -0.001 -14"><span class='ocrx_word' id='word_1_267' title='bbox 406 2552 501 2611; x_wconf 89' lang='lat' dir='ltr'><strong>Ipse</strong></span> <span class='ocrx_word' id='word_1_268' title='bbox 539 2556 679 2598; x_wconf 86' lang='lat' dir='ltr'><strong>autem</strong></span> <span class='ocrx_word' id='word_1_269' title='bbox 717 2553 930 2610; x_wconf 87' lang='lat' dir='ltr'><strong>depositus</strong></span> <span class='ocrx_word' id='word_1_270' title='bbox 967 2567 1052 2598; x_wconf 94' lang='lat' dir='ltr'><strong>non</strong></span> <span class='ocrx_word' id='word_1_271' title='bbox 1086 2554 1188 2598; x_wconf 86' lang='lat' dir='ltr'><strong>satis</strong></span> <span class='ocrx_word' id='word_1_272' title='bbox 1226 2553 1380 2596; x_wconf 84' lang='lat' dir='ltr'><strong>usitato</strong></span> <span class='ocrx_word' id='word_1_273' title='bbox 1418 2564 1556 2607; x_wconf 88' lang='lat' dir='ltr'><strong>more,</strong></span> <span class='ocrx_word' id='word_1_274' title='bbox 1594 2547 1844 2596; x_wconf 79' lang='lat' dir='ltr'><strong>Heinricus‘</strong></span> 
     </span>
     <span class='ocr_line' id='line_1_37' title="bbox 287 2628 1842 2688; baseline -0.002 -13"><span class='ocrx_word' id='word_1_275' title='bbox 287 2632 547 2688; x_wconf 85' lang='lat' dir='ltr'><strong>prepositus,</strong></span> <span class='ocrx_word' id='word_1_276' title='bbox 585 2630 709 2675; x_wconf 84' lang='lat' dir='ltr'><strong>huius</strong></span> <span class='ocrx_word' id='word_1_277' title='bbox 747 2631 945 2676; x_wconf 87' lang='lat' dir='ltr'><strong>ecclesiae</strong></span> <span class='ocrx_word' id='word_1_278' title='bbox 980 2630 1091 2675; x_wconf 91' lang='lat' dir='ltr'><strong>filius</strong></span> <span class='ocrx_word' id='word_1_279' title='bbox 1129 2631 1312 2688; x_wconf 84' lang='lat' dir='ltr'><strong>primus,</strong></span> <span class='ocrx_word' id='word_1_280' title='bbox 1351 2631 1416 2673; x_wconf 90' lang='lat' dir='ltr'><strong>est</strong></span> <span class='ocrx_word' id='word_1_281' title='bbox 1443 2629 1489 2672; x_wconf 92' lang='lat' dir='ltr'><strong>in</strong></span> <span class='ocrx_word' id='word_1_282' title='bbox 1519 2628 1713 2673; x_wconf 83' lang='lat' dir='ltr'><strong>abbatem</strong></span> <span class='ocrx_word' id='word_1_283' title='bbox 1743 2641 1842 2674; x_wconf 86' lang='lat' dir='ltr'><strong>con-</strong></span> 
     </span>
     <span class='ocr_line' id='line_1_38' title="bbox 289 2706 1843 2765; baseline -0.001 -13"><span class='ocrx_word' id='word_1_284' title='bbox 289 2708 475 2765; x_wconf 86' lang='lat' dir='ltr'><strong>stitutus,</strong></span> <span class='ocrx_word' id='word_1_285' title='bbox 507 2711 571 2753; x_wconf 88' lang='lat' dir='ltr'><strong>set</strong></span> <span class='ocrx_word' id='word_1_286' title='bbox 598 2708 759 2753; x_wconf 91' lang='lat' dir='ltr'><strong>duobus</strong></span> <span class='ocrx_word' id='word_1_287' title='bbox 789 2709 1002 2754; x_wconf 89' lang='lat' dir='ltr'><strong>mensibus</strong></span> <span class='ocrx_word' id='word_1_288' title='bbox 1033 2712 1075 2754; x_wconf 89' lang='lat' dir='ltr'><strong>et</strong></span> <span class='ocrx_word' id='word_1_289' title='bbox 1104 2709 1283 2754; x_wconf 87' lang='lat' dir='ltr'><strong>emensis</strong></span> <span class='ocrx_word' id='word_1_290' title='bbox 1314 2707 1495 2764; x_wconf 88' lang='lat' dir='ltr'><strong>quinque</strong></span> <span class='ocrx_word' id='word_1_291' title='bbox 1525 2706 1684 2763; x_wconf 82' lang='lat' dir='ltr'><strong>diebus,</strong></span> <span class='ocrx_word' id='word_1_292' title='bbox 1715 2709 1780 2751; x_wconf 84' lang='lat' dir='ltr'><strong>est</strong></span> <span class='ocrx_word' id='word_1_293' title='bbox 1799 2709 1843 2751; x_wconf 86' lang='lat' dir='ltr'><strong>et</strong></span> 
     </span>
    </p>
   </div>
   <div class='ocr_carea' id='block_1_10' title="bbox 385 2866 1845 2987">
    <p class='ocr_par' dir='ltr' id='par_1_12' title="bbox 385 2866 1845 2987">
     <span class='ocr_line' id='line_1_39' title="bbox 385 2866 1845 2908; baseline 0.001 -9"><span class='ocrx_word' id='word_1_294' title='bbox 385 2877 412 2899; x_wconf 87' lang='lat' dir='ltr'><strong>a.</strong></span> <span class='ocrx_word' id='word_1_295' title='bbox 434 2880 522 2908; x_wconf 75' lang='lat' dir='ltr'><strong>nuper</strong></span> <span class='ocrx_word' id='word_1_296' title='bbox 541 2869 655 2900; x_wconf 85' lang='lat' dir='ltr'><strong>viritim</strong></span> <span class='ocrx_word' id='word_1_297' title='bbox 672 2871 775 2908; x_wconf 72' lang='lat' dir='ltr'><strong>posuit</strong></span> <span class='ocrx_word' id='word_1_298' title='bbox 794 2869 898 2900; x_wconf 74' lang='lat' dir='ltr'><strong>eadem</strong></span> <span class='ocrx_word' id='word_1_299' title='bbox 915 2880 1020 2900; x_wconf 69' lang='lat' dir='ltr'><strong>manus</strong></span> <span class='ocrx_word' id='word_1_300' title='bbox 1036 2868 1220 2907; x_wconf 77' lang='lat' dir='ltr'><strong>singillatim.</strong></span> <span class='ocrx_word' id='word_1_301' title='bbox 1278 2867 1308 2898; x_wconf 88' lang='lat' dir='ltr'><strong>b.</strong></span> <span class='ocrx_word' id='word_1_302' title='bbox 1329 2869 1374 2897; x_wconf 78' lang='lat' dir='ltr'><strong>sic</strong></span> <span class='ocrx_word' id='word_1_303' title='bbox 1395 2866 1464 2897; x_wconf 76' lang='lat' dir='ltr'><strong>eod.</strong></span> <span class='ocrx_word' id='word_1_304' title='bbox 1526 2875 1552 2896; x_wconf 83' lang='lat' dir='ltr'><strong>e.</strong></span> <span class='ocrx_word' id='word_1_305' title='bbox 1573 2866 1800 2898; x_wconf 66' lang='lat' dir='ltr'><strong>aniadvertmte</strong></span> <span class='ocrx_word' id='word_1_306' title='bbox 1813 2869 1845 2900; x_wconf 74' lang='lat' dir='ltr'><strong>e·&#39;</strong></span> 
     </span>
     <span class='ocr_line' id='line_1_40' title="bbox 385 2946 1427 2987; baseline -0.003 -2"><span class='ocrx_word' id='word_1_307' title='bbox 385 2950 419 2985; x_wconf 87' lang='lat'><strong>1.</strong></span> <span class='ocrx_word' id='word_1_308' title='bbox 443 2949 658 2987; x_wconf 81' lang='lat' dir='ltr'><strong>labefactus.</strong></span> <span class='ocrx_word' id='word_1_309' title='bbox 730 2951 763 2987; x_wconf 88' lang='grc'><strong>2.</strong></span> <span class='ocrx_word' id='word_1_310' title='bbox 789 2950 819 2987; x_wconf 94' lang='grc' dir='ltr'><strong>Ῑ.</strong></span> <span class='ocrx_word' id='word_1_311' title='bbox 889 2951 924 2986; x_wconf 90' lang='grc'><strong>3.</strong></span> <span class='ocrx_word' id='word_1_312' title='bbox 953 2950 1043 2987; x_wconf 81' lang='grc'>1146</span> <span class='ocrx_word' id='word_1_313' title='bbox 1066 2950 1170 2986; x_wconf 81' lang='lat' dir='ltr'><strong>Mart.</strong></span> <span class='ocrx_word' id='word_1_314' title='bbox 1189 2949 1246 2985; x_wconf 84' lang='lat'><strong>21.</strong></span> <span class='ocrx_word' id='word_1_315' title='bbox 1318 2947 1355 2983; x_wconf 82' lang='lat'><strong>4.</strong></span> <span class='ocrx_word' id='word_1_316' title='bbox 1379 2946 1427 2983; x_wconf 91' lang='lat'><strong>11.</strong></span> 
     </span>
    </p>
   </div>
  </div>
 </body>
</html>
