1924 3288
511 209 712 241 wmALm
740 208 990 241 nris'ronAn
1018 206 1202 238 198—200.
1554 193 1641 238 317

74 305 157 351 fide
175 304 389 361 fundatuS,
420 303 583 349 efficere
605 304 787 361 studeas,
818 318 872 348 ne
893 303 1092 348 adversus
1115 301 1388 361 apostolicam
1407 301 1641 346 Romanam

76 384 321 429 aecclesiam
349 383 589 427 huiusmodi
617 382 768 427 fluctus
798 383 1039 438 insurgant,
1071 381 1158 438 vel,
1198 381 1235 425 si
1263 381 1371 425 forte
1403 380 1640 437 aliquorum

74 463 284 521 pravitate
312 462 530 517 insurgere
560 461 761 519 ceperint,
793 475 888 505 cum
916 461 1009 505 aliis
1032 459 1230 504 ecclesiae
1250 458 1331 503 Dei
1350 458 1541 503 fidelibus
1561 472 1640 516 pro

74 540 234 585 viribus
272 542 316 584 et
350 539 576 597 prudentia
611 540 690 583 tibi
729 540 754 583 a
789 539 879 583 Deo
919 539 1073 583 collata
1111 551 1363 596 compescas.
1433 537 1522 582 Nec
1557 537 1642 580 ista

73 617 168 662 ideo
198 617 434 674 scribimus,
466 617 578 674 quod
608 618 784 661 domnus
814 631 928 675 papa
947 617 1015 661 vel
1045 630 1121 660 nos
1153 617 1205 661 de
1234 616 1389 674 prefati
1409 616 1520 672 regis
1542 628 1640 659 con-

74 696 231 740 stantia
260 695 452 740 dubitare
483 696 722 752 debeamus,
755 699 819 739 set
850 695 949 752 quia
978 695 1113 739 nostri
1143 695 1341 739 desiderii
1365 697 1442 751 est,
1473 697 1521 738 ut
1541 692 1641 738 affe-

74 777 207 831 ctum,
247 788 372 831 quem
409 777 599 831 tempore
638 774 853 830 colloquii,
894 774 1005 831 quod
1041 787 1137 817 cum
1174 787 1222 817 eo
1260 773 1502 829 habuimus,
1541 786 1642 828 erga

74 852 217 897 sedem
247 852 520 910 apostolicam
543 852 682 897 verbis
714 852 909 909 ostendit,
939 852 1002 896 ita
1032 851 1160 896 etiam
1191 851 1471 896 abundantius
1502 850 1642 909 operis

74 930 330 976 exhibitione
361 931 632 976 demonstret.

82 1067 196 1115 199.
221 1071 425 1115 Iohannes
453 1071 678 1114 monachus
707 1070 1033 1122 Fritlzeselensis,
1072 1069 1131 1112 ad
1158 1083 1295 1126 regem
1324 1069 1468 1121 iturus,
1502 1083 1528 1110 a
1558 1066 1643 1110 Wi-

224 1144 346 1187 baldo
376 1144 576 1186 ‘mandata
606 1150 736 1200 φοραί.
1427 1137 1499 1193 (Μ.
1527 1138 1642 1192 198.)

193 1232 359 1277 Domno
389 1231 617 1286 W(ibaldo)
657 1234 826 1275 sanctae
856 1230 1119 1275 Corbeiensis
1156 1229 1382 1274 aecclesiae
1412 1228 1644 1273 venerabili

76 1310 219 1355 abbati
262 1311 392 1354 frater
428 1309 667 1364 I(ohannes)
717 1323 813 1353 cum
856 1309 1052 1353 universo
1090 1307 1410 1352 Fritheselensis
1457 1303 1643 1351 cenobii¹

75 1388 262 1445 collegio,
294 1389 331 1433 si
361 1389 462 1446 quid
490 1388 603 1433 valet
634 1402 686 1432 ex
718 1388 857 1431 animo
889 1390 931 1432 et
961 1387 1085 1431 corde
1116 1386 1320 1430 devotius.

194 1466 312 1511 Sicut
341 1467 504 1511 diutina
534 1466 723 1511 absentia
742 1469 884 1510 vestra
912 1464 1149 1520 tristiciam,
1182 1465 1242 1508 sic
1272 1465 1317 1508 in
1347 1477 1451 1522 pace
1481 1463 1642 1507 reditus

74 1542 235 1590 vestm-²
267 1545 458 1589 omnibus
493 1545 614 1589 nobis
645 1545 863 1600 generavit
890 1543 1088 1588 leticiam.
1133 1543 1256 1586 Nunc
1284 1556 1384 1586 vero
1417 1542 1469 1586 ad
1499 1555 1643 1597 regem

75 1637 142 1668 me
161 1624 333 1680 iturum,
356 1626 498 1667 vestra
519 1624 686 1667 noverit
714 1622 981 1676 excellentia3
1015 1625 1057 1666 et
1088 1622 1125 1665 si
1156 1621 1267 1678 quod
1296 1621 1404 1664 forte
1425 1620 1643 1675 iniungere

74 1701 179 1746 mihi
208 1701 414 1759 placuerit
441 1702 670 1758 negotium,
706 1715 782 1759 per
812 1701 995 1758 aliquem
1024 1703 1211 1744 vestrum
1241 1698 1405 1743 fidelem
1438 1699 1643 1742 directum

76 1780 130 1823 ad
159 1794 226 1823 me
257 1780 503 1836 quantocius
533 1780 723 1823 noverim
743 1779 944 1822 nuncium
954 1785 981 1822 ¹¹.
1025 1777 1300 1822 Sanctitatem
1320 1780 1506 1822 vestram
1527 1777 1642 1821 Deus

76 1858 339 1915 omnipotens
368 1857 621 1902 incolumem
650 1857 869 1901 custodiat.

79 2000 196 2048 200.
223 2002 433 2046 Wibaldus
453 2002 628 2046 Iohanni
651 2001 851 2045 ‘monach-o
874 2000 1160 2043 Fritheselensi
1181 2000 1364 2053 mandat,
1396 2000 1505 2042 utin
1526 2000 1644 2042 caria

224 2075 341 2132 reyia
369 2075 598 2118 rationibus
626 2075 710 2117 suis
741 2073 936 2117 consulat.
1427 2069 1499 2125 (M.
1527 2070 1642 2124 199.)

194 2163 342 2208 Frater
362 2162 581 2208 Wibaldus
601 2162 682 2207 Dei
712 2162 848 2219 gratia
868 2161 926 2217 id,
959 2161 1070 2217 quod
1100 2164 1164 2205 est
1192 2160 1238 2204 in
1270 2159 1472 2204 aecclesia
1501 2159 1643 2204 catho-

75 2242 171 2299 lica,
203 2241 354 2286 dilecto
384 2241 507 2285 fratri
537 2243 580 2284 et
599 2240 732 2284 amico
754 2253 828 2283 suo
850 2238 1024 2283 Iohanni
1046 2242 1087 2282 et
1106 2238 1301 2282 universo
1323 2238 1643 2282 Fritheselensis

78 2320 277 2365 ecclesiae
307 2318 530 2364 conventui
561 2318 734 2374 exiguas
765 2318 975 2362 orationes
1007 2320 1049 2361 et
1079 2317 1276 2360 devotum
1307 2316 1538 2360 servitium.

194 2397 356 2443 Memor
392 2411 484 2442 esse
519 2396 642 2440 debet
673 2396 841 2440 dilectio
871 2399 965 2450 tua,
1006 2394 1185 2451 qualiter
1213 2409 1291 2439 nos
1321 2395 1501 2438 multum
1530 2394 1641 2437 reni-

76 2478 212 2521 tentes
243 2479 286 2520 et
313 2475 575 2520 amarissime
595 2473 742 2518 flentes
764 2473 818 2517 ad
838 2472 1149 2530 suscipiendum
1168 2474 1357 2529 regimen
1378 2472 1642 2516 Corbeiensis

77 2554 270 2599 abbatiae
299 2554 606 2598 instantissima
626 2551 898 2610 persuasione
924 2550 1182 2608 compulisti;
1215 2554 1257 2595 et
1286 2554 1383 2608 post
1412 2550 1642 2607 susceptio-

76 2646 186 2689 nem,
218 2635 442 2689 antequam
471 2645 624 2689 panem
655 2644 750 2674 cum
772 2628 1090 2673 Corbeiensibus
1114 2631 1390 2683 gustaremus,
1423 2628 1641 2671 studiosis-

77 2710 183 2754 simo
214 2710 387 2754 consilio
417 2724 493 2754 nos
523 2709 742 2763 induxisti,
779 2711 827 2751 ut
854 2721 932 2764 pro
964 2706 1202 2764 optinendis
1233 2705 1445 2750 aecclesiis
1476 2706 1528 2749 de
1558 2705 1642 2749 Ka-

172 2803 199 2825 a.
227 2795 272 2824 sic
293 2800 338 2825 est
359 2796 389 2824 in
411 2794 479 2824 cod.
498 2800 653 2832 corruptus
676 2794 770 2822 locus.

172 2853 205 2888 1.
231 2850 433 2888 Fredesloh
457 2851 553 2887 inter
578 2850 769 2887 Corbeiam
794 2851 833 2885 et
856 2847 1069 2885 Nordheim.
1163 2848 1198 2883 2.
1224 2846 1413 2884 corbeiam
1440 2857 1487 2883 ex
1510 2846 1640 2884 Stabu-

78 2909 172 2947 lensi
203 2911 441 2958 monasterio3
475 2910 538 2947 ubi
570 2910 630 2946 die
656 2910 676 2946 7
702 2908 802 2954 Sept.
822 2908 914 2944 1149
939 2906 1150 2945 Wibaldum
1182 2905 1296 2944 fuisse
1327 2906 1568 2954 intelligimus
1593 2917 1640 2944 cx

78 2980 138 3016 ep.
156 2971 225 3007 201
250 2969 346 3007 infra
368 2981 405 3017 p.
422 2970 492 3007 319
512 2973 550 3007 et
566 2971 648 3007 320.

1665 304 1759 340 1149

1663 363 1690 385 c.
1706 353 1772 384 Oct.

1698 1238 1791 1274 1149

1667 1287 1732 1319 Oet.
1744 1287 1820 1318 Nov.

1697 2169 1791 2205 1149

1668 2218 1733 2250 Oct.
1744 2219 1820 2249 Nov.
