1924 3288
285 193 374 237 320
730 207 928 238 wmALm
956 206 1206 239 nms'roLAE
1233 208 1304 239 201.
1328 209 1398 240 202.

167 302 259 339 1149
285 300 560 344 abduxerunt.
622 300 741 353 Quod
778 314 874 345 cum
913 301 1047 346 adhuc
1081 302 1128 346 in
1159 302 1399 348 Stabulensi
1427 304 1685 350 monasterio
1710 300 1840 364 positi

167 351 252 392 sm
284 378 633 434 cognovissemus,
663 378 893 436 plurimum
923 393 976 425 ex
1006 380 1145 424 animo
1176 380 1397 438 doluimus,
1426 383 1611 428 maxime
1629 395 1727 428 cum
1742 395 1841 442 pre-

284 455 397 499 dicta
425 455 581 499 femina
611 459 654 500 et
684 457 773 501 eius
803 457 987 502 fautores
1018 472 1096 516 per
1122 461 1255 502 totam
1273 462 1432 503 terram
1450 459 1751 518 predicassent,
1779 460 1841 519 id,

284 533 395 590 quod
422 533 580 577 factum
610 537 720 590 erat,
760 538 905 579 vestra
933 539 1098 591 gestum
1126 535 1257 581 fuisse
1285 537 1520 593 voluntate;
1551 538 1663 596 quod
1689 551 1768 583 nos
1797 541 1843 584 et

284 624 427 654 omnes
458 611 623 656 honesti
650 612 734 656 viri
753 626 1017 670 nequaquam
1037 614 1206 658 credere
1225 615 1451 672 potuimus.
1499 615 1727 674 Siquidem,
1757 615 1843 661 clo-

283 689 542 733 mentissime
572 702 711 746 cesar,
741 690 859 735 iussu
887 695 1028 736 vestro
1060 705 1109 736 ac
1137 692 1292 736 iudicio
1321 693 1562 752 principum
1589 695 1841 751 vestrorum,

282 780 531 822 magnorum
567 767 713 824 utique
759 772 802 813 et
837 769 1066 814 multorum
1102 770 1308 828 virorum,
1349 785 1427 829 per
1464 771 1677 830 privilegii
1709 771 1842 817 vestri

283 844 563 902 donationem,
589 859 667 903 per
688 847 948 891 auctoritatis
967 851 1133 892 vestrae
1152 848 1329 905 litteras,
1359 846 1629 895 Kaminatam
1646 862 1841 909 perpro-

283 922 424 979 prium
457 922 644 979 legatum
679 927 867 969 vestrum
902 926 1191 982 transmissas,
1236 926 1579 972 Kaminatensem
1623 928 1841 974 ecclesiam

281 999 546 1045 introivimus
559 999 583 1057 ¹,
615 1005 658 1046 et
684 1002 806 1047 iuxta
834 1004 1024 1061 precepti
1051 1004 1182 1048 vestri
1210 1007 1399 1049 tenorem
1437 1006 1624 1051 divinam
1651 1005 1714 1052 ibi
1741 1004 1841 1052 reli-

283 1077 462 1135 gionem,
485 1079 510 1123 a
528 1079 673 1124 multis
693 1080 885 1138 inpediti,
908 1081 1138 1126 reformare
1157 1082 1456 1127 inchoavimus.
1503 1083 1581 1128 Illa
1598 1097 1713 1141 vero,
1733 1097 1841 1142 quae

283 1155 495 1200 abbatissa
524 1157 608 1201 dici
637 1171 715 1202 nec
745 1158 869 1203 debet
898 1172 976 1203 nec
1005 1163 1157 1217 potest,
1188 1173 1266 1218 pro
1298 1174 1346 1204 eo
1378 1161 1489 1218 quod
1517 1175 1596 1207 nec
1622 1162 1670 1207 in
1687 1161 1843 1207 sancti-

282 1234 508 1278 monialem
535 1248 615 1280 nee
642 1236 689 1279 in
721 1236 978 1281 abbatissam
1009 1237 1060 1281 ab
1090 1237 1176 1281 ullo
1207 1238 1403 1296 episcopo
1433 1238 1572 1284 velata
1599 1239 1669 1284 vel
1698 1252 1844 1285 conses-

282 1315 400 1356 crata
427 1313 509 1356 fuit
539 1316 582 1357 et
609 1314 882 1371 professionis
916 1328 1014 1358 suae
1042 1314 1232 1358 habitum
1251 1316 1410 1360 tociens
1430 1317 1476 1361 in
1495 1317 1664 1374 nigrum
1683 1320 1727 1362 ct
1743 1329 1843 1363 can·

282 1389 427 1433 didum
455 1394 592 1435 mutat
621 1394 664 1435 et
694 1392 841 1448 abicit,
881 1406 989 1436 anno
1026 1392 1114 1436 sere
1152 1393 1315 1449 integro
1353 1398 1578 1452 antequam
1606 1394 1843 1453 predictum

280 1466 419 1511 locum
447 1468 700 1513 intraremus
730 1483 806 1527 per
835 1469 1021 1526 legatum
1051 1470 1194 1514 domni
1217 1485 1353 1529 papae
1381 1469 1596 1530 deposita’
1615 1476 1660 1517 et
1684 1473 1738 1518 ab
1768 1472 1841 1517 ad-

281 1548 427 1589 vocato
467 1549 510 1590 et
545 1546 891 1591 ministerialibus
922 1547 1289 1592 Kaminatensibus
1328 1549 1380 1593 de
1414 1549 1505 1594 loco
1534 1550 1716 1608 turpiter
1742 1563 1843 1608 pro-

281 1619 426 1679 iecta³,
458 1636 554 1667 cum
582 1624 714 1668 nollet
736 1624 918 1681 obedire,
949 1625 1041 1669 fuit.
1164 1625 1440 1684 Quapropter,
1472 1628 1646 1684 genibus
1675 1630 1843 1674 vestrae

281 1700 516 1746 maiestatis
549 1703 691 1747 animo
723 1702 922 1759 advoluti,
954 1702 1220 1747 clementiam
1248 1708 1432 1748 vestram
1462 1705 1677 1751 humiliter
1702 1705 1843 1764 inplo-

282 1792 438 1835 ramuS,
459 1782 520 1835 ut,
543 1794 750 1825 memores
771 1788 877 1824 non·
898 1781 1021 1838 parvi
1041 1781 1230 1838 obsequii
1249 1783 1385 1826 nostri
1405 1786 1448 1827 et
1466 1797 1550 1828 non
1570 1797 1726 1842 parvae
1743 1782 1843 1829 fidei

283 1859 464 1913 nostrae,
496 1871 622 1914 quam
650 1858 770 1902 vobis
803 1862 845 1903 et
864 1864 993 1915 regno
1013 1863 1153 1904 vestro
1175 1859 1383 1905 indefesso
1404 1861 1542 1905 studio
1563 1861 1841 1918 exhibuimus,

284 1947 361 1977 nos
393 1934 445 1979 ab
475 1934 540 1979 his
570 1935 735 1980 iniuriis
768 1937 985 1981 defensare
1016 1951 1065 1982 ac
1094 1940 1313 1995 protegere
1343 1939 1586 1995 dignemini.
1677 1938 1843 2002 ,Venio-

284 2024 379 2055 mus
408 2026 590 2069 namque
610 2013 665 2057 ad
683 2027 758 2058 vos
779 2014 898 2058 iuxta
920 2018 1167 2073 preceptum
1186 2019 1373 2060 vestrum
1391 2016 1650 2074 Aquisgrani
1667 2017 1715 2062 in
1730 2016 1842 2062 nati-

284 2089 415 2134 vitate
444 2088 652 2147 Domini⁴,
685 2094 727 2135 et
757 2092 794 2135 si
825 2092 925 2149 quid
955 2093 1157 2138 omissum
1187 2097 1252 2138 est
1281 2094 1307 2138 a
1335 2094 1676 2152 Corbeiensibus,
1705 2097 1841 2140 totum

284 2166 330 2210 in
359 2168 496 2223 gratia
525 2172 667 2213 vestra
695 2169 940 2214 remanebit.

288 2290 405 2339 202.
429 2292 641 2338 Wibaldus
670 2295 911 2338 Ham-icum
947 2297 1087 2354 reyiae
1124 2298 1264 2340 curiae
1302 2298 1509 2340 notarium
1545 2296 1753 2352 hortatur,
1794 2304 1842 2342 ut

432 2366 510 2410 siba·
540 2364 697 2425 afflicto
729 2367 931 2410 auxilium
951 2368 1082 2426 ferat.
1624 2366 1697 2423 (M.
1721 2367 1839 2423 201.)

141 2466 232 2502 1149
402 2453 552 2499 Frater
580 2452 830 2509 W(ibaldus)
861 2455 943 2499 Dei
973 2457 1110 2512 gratia
1138 2456 1202 2513 id,
1235 2456 1344 2514 quod
1375 2459 1438 2501 est
1467 2457 1513 2500 in
1542 2456 1742 2502 aecclesia
1769 2469 1840 2501 ca-

111 2515 175 2547 ⁰⁰²
187 2516 263 2547 Νῦν·
285 2530 453 2588 tholica,
476 2531 627 2576 dilecto
646 2531 769 2576 fratri
790 2536 832 2576 et
853 2533 985 2577 amico
1007 2548 1082 2578 suo
1105 2533 1333 2590 H(einrico)
1354 2534 1495 2590 regiae
1515 2534 1655 2580 curiae
1674 2533 1838 2579 notario

286 2609 617 2654 benedictionem
647 2612 689 2654 et
717 2610 849 2654 vitam
878 2624 1010 2667 usque
1039 2611 1085 2654 in
1116 2611 1312 2656 seculum.

402 2686 643 2731 Eruditioni
671 2689 768 2731 tuae
799 2686 1048 2743 aliquotiens
1079 2689 1356 2745 iniunximus,
1394 2692 1442 2733 ut
1475 2688 1637 2733 litteras
1671 2691 1837 2735 nostras

285 2764 453 2809 domino
491 2768 635 2809 nostro
669 2764 760 2820 regi
797 2765 1067 2810 transmissas
1114 2767 1168 2810 ad
1212 2767 1386 2812 verbum
1431 2779 1681 2824 exponeres,
1726 2763 1837 2824 quod

380 2851 407 2873 a.
435 2852 496 2873 non
517 2842 640 2873 addidi.

379 2895 413 2930 1.
439 2894 531 2931 1147
550 2893 677 2941 Febr.;
693 2903 731 2930 v.
747 2891 948 2940 chronogr.
966 2894 1177 2932 Gorbeiens.
1193 2906 1304 2943 supra
1320 2906 1357 2942 p.
1369 2894 1426 2933 55.
1502 2895 1538 2932 2.
1563 2905 1594 2933 c.
1612 2895 1719 2933 Mart.
1730 2894 1833 2932 1146.

285 2952 320 2989 3.
344 2952 380 2989 d.
400 2954 445 2989 15
469 2953 563 2990 Iunii
590 2955 691 2991 1146.
786 2953 820 2990 4.
847 2954 894 2990 25
916 2953 1004 2991 Dec.
1029 2955 1131 2991 1149.
