1924 3262
499 197 699 229 wmALm
726 195 976 228 ums'ronffl
1007 195 1149 228 24—26.
1522 185 1606 229 103

41 296 139 339 mus
167 291 314 351 Poppo
345 293 396 337 de
415 292 761 337 Blanchenburch
792 295 835 337 et
863 291 941 336 filii
971 292 1060 336 01113
1089 304 1168 350 per
1194 291 1441 336 violentiam
1471 292 1607 337 eidem
1631 297 1726 378 1Dl46

41 371 186 417 abbati
215 370 491 428 abstulerunt,
529 371 815 429 experientiae
845 374 942 414 tuae
971 370 1221 414 mandamus
1253 373 1295 415 et
1324 371 1401 415 sub
1432 346 1666 428 optentuD

40 449 203 506 gratiae
238 453 409 494 nostrae
445 449 723 508 precipimus,
768 452 817 492 ut
853 448 996 493 omnia
1031 449 1077 492 in
1112 449 1324 505 integrum
1363 449 1403 494 01
1438 449 1607 494 restitui

39 527 184 573 facias.

44 669 126 718 25.
160 672 375 716 Com-adua
410 670 486 715 III
520 686 596 714 rex
639 669 831 715 Iudithae
876 672 1107 715 abbatissae
1153 670 1435 714 Hervordensi
1478 672 1606 729 siqni-

150 750 271 811 βοαί,
301 765 346 792 se
374 748 562 793 Wibaldo
592 749 822 803 mandasse,
855 756 902 791 ut
929 750 1177 792 monasterio
1203 748 1484 792 Hervordensi
1511 750 1606 793 sub-

158 828 307 872 veniat,
1419 825 1492 881 (M.
1516 826 1604 882 24.)

161 915 405 961 Cuonradus
431 915 514 960 Dei
543 915 681 971 gratia
705 915 992 960 Romanorum
1021 929 1099 959 rex
1119 915 1346 971 I(udithae)
1376 917 1608 962 venerabili
1633 915 1725 951 1146

41 994 278 1040 abbatissae
307 994 359 1038 (10
388 993 606 1038 Herevord
635 994 816 1050 gratiam
847 1007 967 1038 suam
999 996 1042 1037 et
1072 1007 1195 1037 omne
1226 994 1395 1038 bonum.
1640 964 1704 995 Dec

159 1072 277 1117 Sicut
306 1072 473 1116 divinae
502 1072 836 1130 preordinationi
865 1071 1027 1130 placuit
1057 1075 1099 1115 et
1120 1071 1385 1116 Corbeiensis
1407 1073 1608 1118 ecclesiae

37 1151 249 1196 unanimis
280 1154 323 1195 et
352 1163 524 1194 concors
556 1150 702 1194 electio
726 1150 970 1208 postulavit,
1001 1150 1142 1194 virum
1162 1150 1446 1194 venerabilem
1468 1155 1509 1195 et
1529 1166 1607 1209 pro

39 1243 116 1274 sua
143 1227 228 1274 fide
257 1231 300 1273 et
330 1229 482 1272 studiis
511 1229 632 1273 nobis
662 1242 876 1286 regnoque
905 1231 1050 1272 nostro
1071 1228 1345 1272 karissimum
1365 1228 1607 1274 Wiboldum

40 1307 332 1352 Stabulenscm
362 1307 569 1363 abbatem,
605 1307 705 1351 licet
733 1307 915 1351 invitum
947 1320 995 1351 ac
1026 1307 1099 1351 diu
1128 1306 1392 1364 multumque
1421 1308 1607 1352 reniten-

37 1389 144 1443 tem,
185 1386 438 1430 monasterio
476 1385 720 1430 Corbeiensi
762 1385 1028 1443 prefecimus.
1081 1385 1140 1430 Et
1183 1386 1382 1443 quoniam
1422 1386 1475 1430 ab
1513 1387 1607 1444 ipso

39 1464 190 1509 abbate
227 1467 270 1508 et
303 1463 536 1522 privilegiis
569 1463 769 1508 ecclesiae
799 1463 1064 1508 Corbeiensis
1096 1464 1339 1521 didicimus,
1381 1464 1608 1522 specialem

38 1542 258 1587 caritatem
295 1542 342 1586 in
378 1542 545 1586 divinae
584 1541 819 1586 dilectionis
858 1541 1020 1598 glutino
1059 1543 1172 1587 inter
1209 1546 1435 1599 utrumque
1469 1542 1608 1586 locum

37 1623 226 1665 vestrum
263 1623 308 1665 et
339 1620 528 1678 ipsorum
558 1619 742 1678 prelatos
774 1620 986 1676 extitisse,
1027 1623 1152 1677 atque
1184 1621 1238 1664 ad
1268 1621 1431 1666 abbatis
1463 1634 1608 1666 curam

37 1699 264 1757 pertinere,
303 1698 503 1756 quicquid
533 1698 559 1742 a
587 1701 630 1742 te
660 1698 815 1754 corrigi
844 1712 930 1742 non
958 1698 1086 1755 valet,
1121 1699 1278 1743 idcirco
1311 1699 1462 1744 dilecto
1492 1699 1607 1744 fideli

38 1780 183 1822 nostro
214 1776 350 1821 eidem
381 1776 524 1820 abbati
551 1776 825 1833 iniunximus,
855 1779 904 1821 ut
933 1777 1118 1821 defectus
1149 1778 1396 1822 monasterii
1425 1779 1489 1821 tui
1517 1781 1608 1822 tam

37 1856 152 1900 intus
193 1868 319 1912 quam
354 1854 458 1897 foris
497 1853 719 1910 diligenter
758 1855 784 1898 a
820 1858 862 1899 te
899 1858 941 1898 et
972 1855 998 1899 a
1026 1855 1110 1899 tuis
1141 1855 1348 1913 inquirat,
1389 1859 1432 1900 et
1460 1859 1605 1900 nostro

37 1934 170 1978 fretus
201 1932 423 1988 adiutorio,
454 1931 618 1975 consilii
649 1935 690 1976 et
720 1932 867 1976 auxilii
886 1946 1060 1977 manum
1079 1932 1259 1978 fideliter
1278 1934 1358 1978 tibi
1376 1935 1422 1978 in
1443 1935 1604 1979 cunctis

39 2010 392 2070 oportunitatibus
423 2010 508 2054 tuis
538 2010 742 2068 porrigat.
789 2010 995 2067 Quicquid
1024 2024 1124 2055 vero
1145 2011 1225 2056 tibi
1246 2025 1298 2055 ex
1318 2015 1464 2056 nostra
1482 2016 1604 2071 parte

38 2089 206 2146 dixerit,
239 2092 281 2133 et
309 2089 600 2133 incunctanter
630 2088 775 2133 credas
808 2091 862 2145 et,
895 2089 1004 2133 sicut
1033 2089 1085 2134 (10
1114 2092 1158 2133 te
1186 2089 1445 2148 confidimus,
1477 2105 1604 2149 opere

39 2166 268 2225 adimplere
297 2166 479 2211 studeas.

41 2309 124 2357 26.
161 2312 420 2355 Corbeienses
460 2310 769 2354 stabulensibus
806 2311 856 2354 de
891 2310 1079 2355 Wibaldo
1117 2313 1195 2355 sibi
1232 2313 1378 2356 abbate
1416 2328 1602 2356 concesso

153 2390 313 2448 ‚qratias
343 2394 503 2447 ayunt&
1415 2388 1487 2443 (M.
1514 2389 1601 2444 10.)

156 2477 350 2523 Deoanob
391 2481 433 2522 et
469 2477 709 2536 praeposito
746 2475 980 2534 ceterisque
1017 2477 1302 2522 dilectissimis
1341 2479 1522 2522 dominis
1561 2482 1824 2523 01114681-

38 2557 239 2601 fratribus
267 2559 435 2600 sanctae
457 2555 718 2600 Stabulensis
740 2554 940 2599 ecclesiae
955 2554 1165 2600 Walterus
1186 2557 1316 2613 prior,
1347 2556 1602 2601 Adelbertus
1628 2532 1764 2567 1¹47¹¹¹

39 2635 303 2693 praepositus
333 2637 529 2691 totusque
560 2636 786 2678 conventus
818 2632 1082 2678 Gorbeiensis
1114 2634 1332 2690 ecclesiae,
1370 2633 1602 2679 officiosum

40 2726 192 2756 munus
221 2712 432 2757 fraternae
462 2712 695 2757 dilectionis
728 2715 782 2767 et,
814 2712 852 2755 si
882 2712 983 2768 quid
1011 2715 1230 2769 praeterea
1256 2711 1381 2769 valet,
1413 2712 1602 2771 obsequii

42 2793 84 2835 et
112 2789 357 2835 devotionis.

137 2877 164 2898 a.
191 2874 220 2898 et
241 2868 319 2898 hanc
340 2874 367 2898 et
387 2875 552 2908 coquentem
573 2869 732 2908 epistolam
754 2867 910 2898 ediderunt
931 2869 1068 2898 Murteae
1089 2873 1117 2897 ei
1137 2867 1269 2899 Durand
1295 2880 1333 2899 ex
1353 2879 1407 2900 ms.
1423 2869 1600 2911 Corbeiensi,

42 2923 95 2962 qui
114 2933 152 2951 ex
172 2933 206 2951 eo
228 2927 354 2960 tempore
372 2923 496 2960 periisse
516 2922 643 2953 videtur.
704 2921 734 2952 b.
757 2933 807 2962 ap.
823 2923 960 2952 Martem
981 2922 1068 2952 verbo
1082 2920 1204 2953 Decano
1215 2924 1413 2963 praemissum
1434 2930 1479 2956 est
1491 2925 1599 2956 lemma

41 2975 114 3005 hoc.-
135 2974 332 3006 Gorbeienses
353 2975 592 3007 stabulensibus.
