1924 3288
317 212 407 255 470
821 226 1020 257 wmALm
1048 225 1270 258 nrrs'romx
1300 227 1372 258 340.

202 321 292 356 1151
316 316 394 361 fflii
429 318 619 376 prefatae
657 318 878 364 ecclesiae·
909 319 1196 366 clamaverunt
1232 322 1286 366 ad
1316 321 1546 368 Dominum
1581 336 1679 370 011111
1706 323 1881 375 mbule-

211 370 284 409 Apr.

220 2193 291 2224 Mai.

316 398 476 452 rentur,
507 400 556 440 ut
585 397 637 441 de
666 397 989 442 necessitatibus
1020 399 1107 443 suis
1138 400 1322 457 eriperet
1353 414 1423 444 008
1435 398 1458 444 ¹.
1505 400 1690 453 Quorum
1710 402 1882 451 devotas

315 487 460 531 preces
490 474 605 518 Deus
637 488 690 519 ex
721 475 862 519 abdito
893 476 1207 521 misericordiae
1237 492 1338 522 suae
1379 478 1630 535 exaudiens,
1665 479 1800 525 misit-
1820 480 1881 528 eis

316 552 515 608 spiritum
545 552 842 600 consolationis
874 556 916 597 et
944 555 1249 611 unanimitatis,
1280 558 1328 599 ut
1347 556 1443 613 pari
1463 559 1561 601 voto
1580 557 1763 614 parique¹
1784 570 1881 605 son-

315 629 450 673 tentia
479 632 522 673 et
552 642 736 674 consona
765 631 954 675 omnium
983 632 1283 680 acclamatione
1315 633 1519 689 eligerent
1548 634 1631 678 sibi
1650 634 1696 679 in
1714 637 1882 693 patrem

316 710 359 751 et
394 709 610 764 pastorem
650 708 886 752 animarum
924 722 1096 753 suarum
1132 713 1174 754 et
1212 710 1428 754 dominum
1468 711 1728 757 Coloniensis
1763 712 1881 760 urbis

315 783 573 841 Arnoldum,
605 785 794 829 eiusdem
822 786 963 831 urbis*
993 787 1197 831 maiorem
1226 789 1511 846 prepositum,
1541 792 1713 835 nostrae
1740 790 1882 839 curiae

316 862 632 919 cancellarium,
670 876 749 920 pro
788 877 836 908 eo
875 864 986 921 quod
1024 865 1113 909 eius
1151 866 1327 909 scientia
1357 869 1400 910 et
1427 860 1646 912 honestate
1675 867 1882 913 cum'Dei

316 940 526 984 adiutorio
558 943 601 984 et
629 945 771 985 vestra
799 941 1088 987 benedictione
1121 956 1170 986 ac
1195 947 1340 987 nostro
1367 944 1555 1002 presidio
1583 945 1813 1004 sperabant
1838 949 1882 992 et

314 1031 463 1075 pacem
492 1018 538 1062 in
567 1021 684 1062 terra
711 1020 900 1063 revocari
930 1023 973 1064 et
991 1020 1214 1064 latrocinia
1234 1021 1445 1066 coherceri
1466 1025 1508 1066 et
1526 1022 1749 1068 reformari
1765 1023 1880 1081 leges

316 1098 360 1140 et
387 1096 603 1140 honestari
631 1111 783 1140 mores.
845 1097 941 1155 Ipse
972 1102 1114 1142 autem
1143 1098 1256 1142 ultra
1285 1099 1536 1146 humilitatis
1557 1104 1601 1145 et
1619 1101 1882 1147 obedientiae

315 1173 482 1229 regulas
513 1177 579 1218 et⁰
599 1174 856 1219 reclamabat
886 1178 929 1219 et
957 1176 1231 1232 renitebatur,
1262 1190 1340 1234 pro
1371 1177 1474 1222 hoc‘¹
1496 1178 1607 1235 quod
1638 1178 1693 1223 ad
1716 1181 1881 1225 tantas·

317 1255 359 1296 et
387 1254 476 1295 tam
506 1251 761 1309 multiplices
790 1253 935 1296 ruinas
964 1253 1078 1296 intus
1108 1256 1150 1297 et
1168 1254 1272 1298 foris
1292 1255 1580 1300 resarciendas
1601 1270 1647 1301 80
1665 1254 1881 1303 infirmum

317 1332 359 1373 et
389 1329 570 1373 debilem
601 1330 904 1384 arbitrabatur;
947 1334 1008 1386 et,
1041 1345 1133 1375 sese
1161 1332 1271 1375 mori
1301 1332 1428 1377 malle
1457 1333 1526 1377 vel
1554 1333 1880 1392 inperpetuum

315 1407 485 1451 exulare
495 1406 520 1463 ¹,
553 1421 679 1463 quam
708 1410 889 1452 matrem
919 1422 1038 1452 suam
1061 1423 1105 1453 se
1124 1409 1287 1466 prelato
1319 1409 1371 1453 ab
1401 1410 1605 1468 improbis
1623 1410 1802 1456 lacerari
1830 1425 1881 1457 ac

315 1484 501 1528 subverti
509 1491 538 1540 ⁸,
577 1486 902 1542 protestabatur.
964 1486 1223 1531 Irruentibus
1253 1488 1396 1544 itaque
1434 1488 1480 1531 in
1511 1502 1607 1532 eum
1642 1492 1732 1535 tam
1768 1489 1879 1540 clero

315 1575 443 1619 quam
462 1562 678 1607 honoratis
700 1566 742 1607 et
763 1563 933 1621 populo,
953 1566 1113 1609 tractus
1136 1568 1200 1608 est
1217 1565 1264 1608 in
1285 1564 1530 1609 aecclesiam
1542 1565 1768 1622 violentem
1787 1580 1879 1624 nec,

314 1653 432 1684 more
463 1640 531 1684 vel
562 1640 707 1684 ordine
738 1655 812 1684 suo
843 1642 1044 1698 renitens,
1074 1642 1326 1686 intronizari
1353 1643 1514 1701 potuit,
1545 1644 1724 1702 dicens''‚
1753 1644 1878 1690 huius

315 1718 479 1762 consilii
511 1721 553 1762 et
581 1718 645 1761 rei
675 1733 883 1762 summam
922 1733 1055 1776 usque
1086 1720 1140 1764 ad
1169 1724 1334 1764 vestrae
1372 1720 1632 1766 celsitudinis
1662 1735 1879 1767 assensum

315 1798 358 1839 et
376 1795 606 1839 iussionem
628 1797 689 1840 sei
710 1796 818 1840 velle
848 1795 1028 1841 differre.
1125 1797 1420 1842 Accessimus¹
1441 1799 1627 1856 interim,
1656 1799 1786 1845 nichil
1805 1800 1878 1845 ad-

313 1873 396 1917 huc
427 1873 478 1917 de
510 1874 627 1918 obitu
649 1874 850 1918 antistitis
878 1874 993 1919 illius
1021 1875 1238 1920 audientes
1247 1875 1276 1932 ¹,
1310 1876 1364 1919 ad
1395 1890 1465 1920 eas
1494 1879 1636 1934 partes
1655 1875 1878 1933 Lotharin-

314 1950 408 2006 giae
440 1951 494 1994 ad
522 1952 813 2009 reprimendos
844 1956 982 1996 motus
1014 1953 1184 1998 bellicos
1215 1956 1258 1998 et
1275 1946 1549 1998 vindicandas
1573 1954 1784 2000 latronum
1811 1956 1878 2018 in-

315 2029 551 2084 cursiones,
593 2030 665 2086 qui
694 2033 829 2073 totam
860 2031 1126 2088 episcopatus
1156 2031 1270 2075 illius
1307 2031 1520 2087 regionem
1551 2032 1713 2090 rapinis
1742 2036 1786 2079 et
1812 2033 1878 2079 in-

315 2106 474 2150 cendiis
505 2108 858 2164 perturbaverant
894 2113 936 2160 et
972 2109 1268 2166 inreparabilis
1306 2112 1422 2153 metu
1451 2110 1698 2155 vastationis
1728 2114 1879 2156 cuncta

315 2183 640 2241 compleverant.
673 2185 857 2242 Ingressi
871 2186 989 2231 vero'
1010 2186 1157 2231 urbem
1171 2186 1460 2231 Coloniensem
1478 2212 1534 2218 —
1552 2201 1658 2245 quae
1677 2191 1768 2235 tota
1786 2192 1878 2242 erat

314 2264 515 2305 coronata
544 2263 696 2317 gaudio
736 2278 810 2322 spe
850 2268 892 2308 et
929 2264 1147 2308 alacritate
1181 2267 1270 2308 tam
1305 2265 1517 2309 unanimis
1547 2265 1592 2309 in
1620 2269 1710 2310 tam
1739 2265 1876 2321 excel-

314 2338 469 2383 lentem
500 2353 726 2396 personam
758 2341 972 2386 electionis
1004 2346 1048 2386 et
1075 2345 1220 2386 nostro
1251 2342 1378 2387 celeri
1401 2343 1651 2401 inopinato*
1672 2343 1793 2401 quasi
1812 2344 1876 2388 di-

314 2417 413 2462 vino
433 2421 539 2462 nutu
561 2418 614 2461 ad
636 2418 811 2463 eandem
830 2434 921 2464 rem
942 2419 1269 2464 confirmandam
1285 2420 1466 2465 adventu
1482 2445 1538 2451 —
1554 2424 1781 2477 coegerunt
1797 2435 1874 2467 nos

315 2495 515 2540 electores
536 2495 734 2551 religiosa
754 2497 935 2553 quadam
959 2500 1001 2541 et
1019 2497 1168 2541 humili
1187 2497 1400 2554 violentia,
1418 2512 1443 2541 a
1457 2497 1704 2556 principali”
1718 2498 1874 2544 aeccle-

315 2573 380 2617 sia
415 2572 529 2617 beati
558 2572 674 2617 Petri
711 2574 915 2631 principis
954 2575 1259 2632 apostolorum,
1297 2575 1343 2619 in
1380 2589 1462 2632 qua
1498 2589 1616 2620 more
1644 2576 1760 2632 regio
1790 2577 1873 2622 sol-

314 2650 539 2708 lempniter
561 2650 745 2708 suscepti
766 2665 946 2709 eramus,
966 2666 1052 2696 non
1077 2653 1304 2708 discedere,
1336 2653 1466 2698 donec
1486 2653 1730 2698 electionem
1750 2667 1872 2699 cano-

411 2755 438 2776 a.
466 2746 601 2786 prefatae
628 2745 773 2777 ecclesiae
800 2758 857 2777 om.
879 2748 908 2776 2.
1021 2748 1051 2778 b.
1081 2748 1245 2779 aecclesiae
1266 2750 1295 2779 2.
1405 2757 1430 2778 0.
1459 2749 1490 2778 et
1511 2759 1566 2778 om.
1589 2749 1619 2779 1.
1726 2748 1757 2780 d.
1784 2758 1823 2780 eo
1844 2750 1872 2780 1.

315 2809 342 2830 e.
370 2800 471 2830 tentas
499 2801 528 2830 2.
638 2798 660 2830 f.
689 2799 803 2830 exulari
825 2800 854 2830 2.
958 2809 986 2838 g.
1015 2801 1167 2832 substerni
1197 2802 1225 2832 1.
1334 2800 1366 2832 11.
1394 2801 1504 2831 decens
1527 2802 1557 2831 2.
1666 2802 1688 2832 i.
1716 2811 1751 2832 80
1771 2813 1828 2834 on.
1843 2803 1873 2833 1.

314 2852 344 2883 k.
373 2852 633 2884 Descenderamus
660 2854 733 2883 tunc
761 2853 777 2882 1
802 2863 858 2891 pro
887 2853 1078 2884 Accessimus
1103 2870 1136 2875 -
1161 2854 1328 2886 audientes.
1431 2854 1451 2884 1.
1481 2863 1551 2892 ergo
1575 2855 1604 2885 1.
1706 2864 1747 2886 m.
1773 2855 1871 2895 inopi-

315 2907 386 2936 nato
413 2922 444 2926 —
469 2907 545 2936 nutu
566 2918 622 2936 om.
639 2907 667 2936 1.
749 2915 779 2936 n.
800 2905 913 2945 templo
935 2906 966 2936 in
989 2915 1047 2945 quo
1071 2908 1085 2937 1
1106 2919 1164 2947 pro
1187 2917 1204 2938 a
1224 2907 1384 2948 principali
1409 2923 1441 2927 —
1467 2907 1684 2947 sollempniter.

410 2969 441 3004 1.
467 2969 527 3004 Ps.
546 2970 624 3014 106,
642 2969 676 3005 6.
