1924 3288
512 192 711 224 WIBALDI
740 192 990 225 EPISTOLAE
1021 193 1092 224 276.
1117 193 1188 224 277.
1549 182 1637 227 403

160 307 170 314 v·
181 283 413 344 Postquam
443 301 470 332 a
498 288 618 332 nobis
647 289 875 345 recessisti,
906 288 1050 334 fideles
1081 289 1218 333 nostri
1239 288 1291 333 de
1311 289 1429 333 curia
1447 289 1638 334 Romana

64 362 219 420 sepius
235 376 313 408 nos
332 367 458 409 ‘tum'
489 380 566 423 per
595 367 754 424 scripta
783 370 899 411 tum³
928 381 1007 426 per
1036 368 1205 425 privata
1230 367 1406 412 consilia
1426 382 1503 412 sua
1523 382 1637 412 com-

62 446 329 499 monuerunt,
349 446 398 488 ut
416 445 591 489 nuncios
611 448 778 489 nostros
799 446 854 489 ad
869 445 1070 490 domnum
1084 460 1242 504 papam
1259 449 1301 491 et
1319 447 1367 491 in
1380 446 1539 491 Urbem
1559 461 1637 504 pro

63 520 185 576 regni
221 522 412 578 negociis
444 523 688 568 ordinandis
725 524 969 580 dirigamus.
1031 525 1223 569 Domnus
1248 539 1420 583 ¹quoque
1450 539 1563 583 papa
1592 526 1638 569 in

62 596 217 643 litteris
248 600 336 644 suis
349 597 373 657 ¹,
405 615 508 658 quas
538 602 766 646 novissime
798 603 852 646 ad
881 617 958 646 nos
986 603 1236 660 transmisit,
1268 603 1432 660 asserit,
1464 617 1510 648 se
1527 618 1636 648 nun-

63 676 150 721 cios
179 677 450 737 principales,
483 680 835 737 quemadmodum
866 680 999 725 altera
1023 681 1110 725 iam
1129 681 1220 726 vice
1240 682 1286 726 in
1304 682 1459 726 litteris
1480 683 1637 726 nostris

62 755 357 813 promisimus,
395 762 637 815 expectare,
679 759 752 816 qui
789 759 901 803 inter
934 773 1012 803 nos
1044 763 1086 803 et
1114 760 1256 817 ipsum
1287 761 1339 804 de
1369 761 1637 818 provectibus

64 833 290 879 aecclesiae
319 838 362 880 et
390 836 511 892 regni
540 837 839 894 promovendis
872 836 1031 882 efficaci
1053 838 1227 882 consilio
1248 838 1483 896 proficiant.
1528 838 1638 891 Quo-

31 970 34 971 ⁷
63 912 181 956 niam
217 927 316 958 vero
354 914 489 958 virtus
526 918 601 959 tua
635 916 682 959 in
720 915 907 972 negociis
947 916 1174 961 aecclesiae
1213 920 1255 960 et
1292 918 1413 973 regni
1453 918 1638 962 exercita

64 990 231 1036 enituit·
245 995 289 1036 et
318 992 370 1036 de
400 996 472 1037 tuo
503 993 615 1038 circa
643 1008 720 1038 nos
753 994 1008 1039 sinceritatis
1031 994 1183 1040 affectu
1202 996 1308 1039 certi
1329 1010 1487 1051 sumus,
1517 997 1638 1052 regni

62 1069 226 1121 utilitas
255 1070 394 1128 poscit
423 1074 465 1115 et
493 1075 641 1116 nostra
659 1072 854 1117 voluntas
886 1073 1111 1130 ordinavit,
1142 1077 1190 1117 ut
1210 1077 1380 1118 nostrae
1401 1074 1638 1118 dilectionis

63 1147 238 1193 obtentu
275 1150 360 1194 una
396 1163 492 1194 cum
529 1150 777 1195 cancellario
816 1148 988 1195 nostro2
1018 1151 1242 1208 legationis
1280 1152 1404 1196 huius
1449 1153 1638 1197 laborem

64 1216 267 1272 assumas.
327 1227 539 1284 Rogamus
569 1230 699 1285 igitur
729 1229 902 1286 obnixe,
939 1233 988 1274 ut
1016 1230 1063 1274 in
1092 1231 1316 1275 nativitate
1347 1233 1518 1274 sanctae
1548 1230 1638 1274 Ma-

62 1301 177 1350 riae⁸
205 1305 268 1350 ita
295 1310 547 1365 preparatus
567 1307 813 1352 Nurenberc
832 1309 991 1364 veniaS,
1022 1311 1071 1351 ut
1100 1308 1146 1352 in
1175 1308 1386 1365 legatione
1417 1308 1492 1352 illa
1515 1323 1638 1366 pera-

63 1383 201 1440 genda
225 1385 445 1442 procedas.
566 1378 631 1430 De
660 1386 817 1430 iniuria
845 1400 966 1442 vero,
1005 1385 1055 1430 ab
1086 1386 1307 1431 Mindense
1339 1385 1561 1445 episcopo⁴
1598 1392 1640 1431 et

64 1461 294 1506 Thoderico
325 1462 377 1507 de
406 1463 627 1520 Rikelinge
657 1464 736 1509 tibi
765 1464 905 1520 illata,
944 1463 1046 1521 quid
1074 1465 1324 1523 fecerimus,
1353 1465 1637 1523 H(eripertus)

63 1540 304 1598 capellanus
334 1545 478 1586 noster
507 1542 673 1600 plenius
703 1542 783 1586 tibi
813 1543 980 1587 referet.

68 1693 186 1742 277.
213 1697 434 1742 Heinrieus
471 1701 613 1756 reqiae
649 1701 790 1742 curiae
827 1701 1013 1742 notarius
1055 1699 1243 1743 Wibaldo
1284 1701 1335 1743 de
1373 1701 1639 1758 epistolarum

213 1791 384 1818 suarum
414 1777 607 1820 brevitate
627 1778 856 1835 respondet.
898 1778 1029 1821 Mittit
1037 1777 1222 1835 fratrem
1241 1794 1372 1821 suum.
1413 1779 1483 1823 De
1507 1781 1546 1822 T
1541 1780 1638 1822 heo—

215 1855 352 1897 derivo
384 1855 435 1897 de
464 1855 654 1912 Riclinqe
686 1856 814 1898 addit.
1422 1855 1494 1909 (M.
1519 1856 1637 1910 258.)

184 1942 367 1987 Domino
406 1956 481 1987 suo
512 1942 740 1998 W(ibaldo)
771 1943 1002 1988 venerabili
1041 1944 1184 1988 abbati
1215 1943 1459 1989 Corbeiensi
1489 1945 1638 2000 H(ein-

65 2020 195 2078 ricus)
225 2021 366 2077 regiae
396 2021 538 2065 curiae
566 2022 757 2066 notarius
789 2023 1009 2067 servitium
1040 2023 1163 2067 servi.

184 2099 340 2156 Arguit
377 2113 446 2143 me
483 2100 709 2157 prudentia
737 2087 899 2156 restra,
939 2101 1051 2158 quod
1087 2101 1271 2146 breviter
1299 2102 1418 2146 vobis
1456 2101 1638 2146 scribere

67 2178 367 2222 consueverim.
427 2177 546 2221 Unde
575 2179 810 2235 paternitas
840 2182 983 2223 vestra
1011 2193 1098 2223 non
1127 2179 1338 2223 miretur⁰.
1395 2179 1493 2224 Sive
1524 2181 1638 2224 enim

66 2256 254 2314 presenti
283 2255 372 2300 sive
404 2255 568 2299 absenti
587 2256 704 2300 vobis
735 2256 851 2314 loqui
875 2271 1038 2315 cepero,
1070 2258 1356 2315 impedicioris
1377 2262 1419 2302 et
1438 2259 1638 2302 tardioris

66 2332 236 2390 linguae
266 2337 309 2378 et
337 2347 444 2392 pene
474 2336 615 2377 mutus
647 2334 816 2379 efficior.
842 2335 993 2397 *Quem
1027 2336 1141 2379 enim
1168 2335 1411 2381 indeficiens
1443 2337 1638 2394 eloquen-

67 2412 153 2456 tiae
190 2415 354 2456 vestrae
398 2415 563 2456 torrens
601 2425 686 2455 non
723 2412 959 2456 deterreat?
1026 2413 1107 2457 Est
1144 2417 1187 2457 et
1224 2414 1307 2458 alia
1344 2428 1490 2471 causa,
1532 2429 1637 2471 quae

70 2490 279 2535 succincte
307 2504 376 2534 me
398 2490 517 2534 vobis
547 2489 663 2546 loqui
694 2490 919 2548 compellit.
965 2490 1100 2534 Multa
1130 2491 1299 2548 quidem
1328 2493 1541 2547 intelligo3
1574 2496 1639 2536 set

70 2568 170 2626 quia
206 2568 260 2612 ad
288 2568 556 2624 utrumlibet,
590 2567 749 2611 scilicet
780 2568 834 2611 ad
864 2582 955 2612 esse
985 2571 1027 2612 et
1058 2582 1143 2612 non
1175 2583 1286 2626 esse,
1318 2584 1363 2614 se
1393 2570 1562 2626 habent,
1595 2574 1638 2614 et

70 2645 122 2690 de
150 2645 266 2690 nullo
298 2649 459 2690 certum
488 2659 562 2690 vos
594 2645 768 2689 reddere
798 2658 985 2702 possum,
1023 2646 1243 2704 superficie
1271 2648 1495 2691 verborum
1526 2662 1637 2691 sere-

69 2723 248 2768 nitatem
278 2723 409 2767 animi
427 2723 559 2767 vestri
586 2723 757 2781 pulsare
775 2723 1014 2767 reformida
1115 2724 1163 2768 In
1183 2726 1333 2781 gratia,
1365 2739 1491 2782 quam
1511 2739 1638 2783 super

69 2801 201 2847 fratre
243 2815 336 2846 meo
381 2801 487 2845 mihi
523 2801 800 2859 promisistiS,
845 2800 1047 2857 confisus,
1093 2802 1272 2846 eundem
1310 2803 1364 2846 ad
1398 2806 1638 2860 respectum

169 2906 196 2928 a.
224 2897 295 2928 dum
316 2909 342 2927 c.
424 2896 453 2927 b.
483 2906 500 2927 a
521 2898 632 2936 scripsi
647 2908 704 2936 pro
726 2896 764 2926 de
787 2897 855 2926 cod.
941 2906 966 2926 c.
995 2898 1127 2927 meretur
1148 2910 1174 2928 c.

166 2955 200 2992 1.
224 2955 271 2993 V.
288 2965 347 3001 ep.
363 2955 433 2991 272
458 2965 569 3001 supra
592 2965 628 3000 p.
647 2955 729 2991 399.
802 2955 836 2990 2.
859 2953 1038 2992 Arnoldo.
1110 2955 1144 2992 3.
1167 2954 1269 3001 Sept.
1286 2957 1322 2992 8.
1393 2956 1430 2993 4.
1451 2955 1636 2995 Heinrico.

1274 3020 1352 3058 26*

1686 293 1783 330 1150

1661 343 1738 374 Iulio
1761 353 1806 374 ex.

1688 1956 1781 1991 1150

1661 2005 1737 2036 Iulio
1760 2015 1806 2037 ex.
