1924 3288
285 177 374 222 220
796 188 995 221 wmALm
1021 187 1243 222 musmom
1267 188 1338 220 188.

160 288 254 325 1148
283 287 431 330 asterii
457 286 632 342 edificat,
666 285 776 328 alius
799 286 1023 342 pensiones
1052 299 1131 342 que
1159 285 1353 328 coenobio
1379 285 1513 329 solent
1534 284 1692 342 ivy‘mi
1711 299 1839 331 νοω·-

145 337 221 368 Nov.
240 338 259 369 ὅ
275 372 370 421 pat,
402 364 513 408 alius
543 364 747 406 incendiis
777 371 926 417 vastat,
960 363 1070 406 alius
1093 364 1242 421 predis
1263 371 1302 406 et
1318 365 1485 421 rapinis
1503 362 1686 420 infestat.
1723 362 1839 408 Era-

281 451 362 486 tres
390 445 439 485 in
468 442 648 484 claustro
678 441 864 484 inediam
892 442 1006 484 sitim
1033 442 1264 485 nuditatem
1286 443 1531 499 patiuntur,
1561 449 1612 485 ut
1637 455 1691 485 ne
1717 441 1839 486 nobis

282 521 469 577 quidem,
489 519 705 576 fratribus
735 520 844 572 sais,
878 520 1024 562 dommi
1044 534 1190 577 papae
1206 519 1414 576 famuhs,
1447 519 1589 575 officia
1616 519 1841 578 hospitalia

280 600 377 641 tatis
416 606 453 640 et
489 598 758 640 humanitatis
782 598 952 654 possint
978 598 1228 654 impendere.
1279 597 1483 640 Ordinate
1503 611 1656 654 pacem
1682 597 1836 642 accde-

279 677 380 729 siae,
412 675 629 718 solvantur
645 674 862 731 fratribus
891 677 1126 718 necessaria
1156 684 1194 718 et
1222 675 1361 718 debita
1389 675 1613 732 stipendia,
1643 688 1837 720 revom-

279 761 347 796 twr
383 753 441 795 ad
473 753 584 795 diem
613 753 744 795 aliam
772 767 858 795 non
887 752 1022 796 solwm
1050 753 1324 796 Eberacensis
1355 761 1394 796 et
1420 752 1741 808 Everbacensis,
1777 761 1840 798 set

279 832 403 874 etiam
424 830 573 887 plures
603 830 684 873 alii
709 832 797 873 viri
817 831 1045 887 prudentes
1076 846 1127 873 ac
1146 831 1286 874 Deum
1307 832 1506 884 timentes,
1540 845 1841 888 quor-amco*

277 908 372 951 silio
412 916 451 951 et
487 923 617 966 opera
653 908 750 951 talis
782 907 951 965 Spiritu
985 917 1127 951 same-to
1151 917 1366 966 prestante
1395 909 1497 966 eliqi
1517 910 1658 966 possit
1682 910 1731 952 in
1758 909 1837 953 ab·

277 986 430 1040 batem,
471 988 588 1029 cuius
618 987 927 1029 conversatione
957 994 995 1029 et
1022 987 1160 1030 studio
1191 994 1277 1029 tam
1306 986 1550 1043 spiritualia
1578 1000 1707 1044 quam
1733 994 1836 1031 mun

268 1064 445 1121 poralia
474 1065 739 1107 correctionis
770 1063 954 1120 effectum
981 1064 1150 1107 valeant
1177 1066 1373 1121 recipere.

393 1140 566 1185 Minime
595 1140 923 1196 indignabantur
950 1139 1046 1184 laici
1070 1140 1124 1184 ad
1142 1141 1272 1185 verba
1290 1140 1406 1196 haec,
1437 1140 1615 1185 veritate
1635 1154 1681 1185 se
1697 1139 1837 1199 ipsam

274 1222 438 1275 tuente,
478 1232 558 1275 que
587 1218 703 1276 ipsos
731 1231 1030 1274 recognoscere
1060 1222 1103 1262 et
1130 1218 1255 1262 fateri
1285 1218 1481 1274 cogebat,
1513 1218 1624 1276 quod
1653 1231 1724 1275 ea,
1755 1231 1837 1276 quo
1902 1277 1906 1279 ι

275 1297 388 1341 dicta
422 1296 610 1352 fuerant,
652 1296 810 1340 virtute
846 1296 1022 1340 rationis
1059 1309 1145 1340 non
1182 1296 1392 1340 carebant.
1445 1295 1658 1354 Ceperunt
1691 1296 1835 1354 itaque

273 1374 512 1419 consultare
540 1374 653 1418 inter
684 1387 729 1418 se
760 1376 884 1430 atque
916 1374 1116 1430 conferre,
1148 1374 1238 1418 bini
1267 1374 1394 1418 simul
1418 1373 1486 1417 vel
1507 1374 1619 1418 terni
1638 1376 1712 1418 aut
1731 1386 1834 1431 qun-

272 1453 394 1497 terni.
442 1452 500 1496 Et
535 1465 631 1496 cum
668 1465 904 1495 sermonem
939 1465 1063 1495 nemo
1098 1451 1315 1495 nobiscum
1344 1451 1518 1496 haberet
1546 1451 1718 1509 diesque
1745 1451 1833 1497 iam

271 1543 404 1587 usque
440 1530 495 1573 ad
524 1532 715 1574 octavam
743 1529 891 1572 horam
920 1529 1178 1585 preterisset,
1211 1529 1369 1584 egressi
1398 1529 1510 1585 inde,
1541 1529 1834 1574 dormitorium

271 1608 540 1663 intravimus3
587 1611 712 1664 atque
756 1620 856 1650 mox
892 1606 1069 1663 parvulo
1108 1607 1310 1664 temporis
1346 1606 1650 1651 interveniente
1689 1606 1832 1665 spacio

270 1689 548 1741 revertentes,
595 1685 798 1742 quosdam
841 1685 1004 1742 priores
1050 1697 1144 1727 cum
1182 1684 1389 1741 aliquibus
1424 1684 1625 1728 fratribus
1665 1684 1832 1729 obviam

271 1764 507 1819 habuimus,
539 1763 611 1820 qui
641 1762 818 1820 pedibus
848 1761 1004 1806 nostris
1036 1761 1235 1818 advoluti,
1268 1762 1420 1806 obnixe
1451 1764 1494 1806 et
1522 1774 1617 1806 cum
1645 1761 1831 1807 lacrimis

271 1842 485 1900 petebant,
523 1841 719 1898 quatinus
751 1840 811 1884 eis
844 1839 1098 1883 adiutorium
1128 1839 1173 1882 in
1202 1839 1451 1883 necessitate
1478 1839 1829 1898 impenderemus,

271 1923 320 1964 ut
349 1920 526 1963 domnus
556 1917 887 1962 Heresfeldensis
919 1917 1047 1961 abbas
1075 1916 1323 1975 prelationis
1356 1917 1469 1961 illius
1500 1917 1709 1962 sarcinam
1737 1931 1831 1963 sus-

271 1998 442 2055 ciperet.
488 1996 546 2040 Et
583 1996 777 2040 adiunxit
805 2009 912 2039 unus
944 2008 997 2039 ex
1028 1995 1108 2039 eis:
1139 1997 1348 2053 quoniam
1376 1995 1515 2052 inquit
1541 2004 1682 2040 noster
1707 2011 1828 2041 mon-

271 2076 398 2119 achus
429 2084 468 2118 et
482 2075 629 2131 frater
645 2075 753 2131 fuit,
786 2082 1010 2131 antequam
1039 2075 1086 2117 in
1116 2073 1303 2116 abbatem
1326 2082 1653 2131 promoveretur.
1757 2073 1829 2118 Ad

269 2154 373 2197 haec
404 2165 430 2196 a
458 2151 580 2195 nobis
610 2151 672 2194 sic
700 2163 949 2208 responsum
979 2154 1063 2194 est:
1104 2151 1217 2204 Nos,
1245 2151 1412 2208 fratres
1442 2151 1674 2205 karissimi,
1714 2152 1830 2209 quod

270 2233 322 2274 de
365 2230 544 2273 alicuius
590 2229 751 2272 abbatis
797 2229 988 2272 electione
1032 2230 1202 2273 domim
1245 2237 1386 2272 nostro
1423 2243 1540 2287 pape
1575 2229 1827 2273 credidimus

270 2308 592 2366 beneplacitum,
641 2307 755 2364 qnod
792 2307 1012 2350 aecclesiae
1048 2315 1207 2350 vestrae
1243 2306 1445 2360 salutare,
1487 2307 1601 2363 quod
1629 2308 1826 2364 personis

269 2388 414 2430 vestris
453 2394 604 2438 tutum,
640 2384 791 2442 palam
827 2399 878 2427 ac
912 2385 1156 2442 simpliciter
1178 2385 1401 2442 protestati
1428 2398 1589 2437 suanus,
1628 2399 1704 2428 nec
1731 2398 1824 2428 sen-

269 2465 419 2508 tentiae
447 2471 615 2506 nostrae
633 2463 990 2519 prevaricatores·
1011 2477 1096 2505 esse
1115 2462 1311 2505 valemus.
1357 2461 1554 2505 Preterea
1583 2477 1669 2505 non
1689 2462 1824 2506 credi-

269 2556 375 2595 mus,
407 2541 618 2594 abbatem,
660 2541 737 2597 qui
763 2541 818 2582 sit
848 2554 1014 2597 compos
1044 2541 1303 2583 discretionis
1333 2541 1576 2591 canonicae,
1614 2540 1691 2583 hoc
1720 2554 1825 2583 onus

268 2620 485 2677 reqiminis
531 2618 687 2675 absque
731 2618 876 2660 donmi
907 2631 1054 2674 papae
1088 2619 1272 2661 iussione
1306 2618 1510 2674 recipere,
1560 2617 1673 2674 quod
1709 2617 1827 2675 lonqi

270 2698 466 2754 temporis
497 2704 535 2739 et
560 2696 738 2753 yrandis
768 2709 970 2752 eapensae
1000 2703 1039 2738 et
1065 2695 1222 2750 infiniti
1250 2694 1405 2737 laboris
1435 2702 1473 2737 et
1494 2703 1657 2738 eventus
1675 2696 1826 2738 incerti

271 2789 375 2831 opus
406 2781 475 2816 est.
526 2772 580 2818 Si
607 2774 784 2816 domnus
814 2773 1142 2829 Hereqfeldensis
1172 2773 1224 2815 de
1244 2773 1437 2830 propriis
1459 2772 1618 2815 viribus
1639 2772 1819 2828 confidit,

270 2853 310 2894 si
344 2852 395 2894 de
429 2853 571 2908 qratia
606 2859 645 2894 et
673 2865 872 2894 consensu
901 2852 1047 2894 domi
1067 2864 1212 2908 papae
1239 2857 1399 2907 sperat,
1440 2864 1519 2892 sua
1541 2851 1685 2907 potius
1715 2849 1820 2893 deli-

270 2929 480 2971 beratione
509 2942 636 2984 quam
663 2936 805 2972 nostro
836 2927 1010 2972 consilio
1039 2928 1210 2970 nitatur.

365 3012 393 3035 ι.
418 3005 627 3044 provocatores
647 3015 674 3035 c.
