1924 3288
294 185 381 229 512
796 198 993 230 wmAnnr
1020 198 1240 232 nms'ronn
1269 200 1339 231 881.

179 295 270 351 1152
294 301 409 346 sunt,
449 308 666 350 nunquam
702 293 926 351 benedictio
962 296 1050 338 nisi
1083 297 1130 338 in
1167 296 1235 339 die
1270 297 1582 339 resurrect-ionio
1611 296 1846 340 dominicae

189 343 261 374 Mau.
294 370 514 432 tribuatur,
547 373 618 413 cui
645 387 673 414 a
700 385 866 430 vespere
902 371 1067 416 sabbati
1106 373 1282 415 inicium
1326 381 1484 416 constat
1517 374 1706 425 ascribi}
1740 387 1848 432 quae

294 450 419 491 tanao
440 449 680 491 divinarum
704 450 1060 506 diepemationum
1077 452 1272 494 masteriolo
1293 459 1352 494 eet
1371 459 1622 506 comem-ata,
1645 459 1705 506 ut,
1726 453 1845 509 φάο*

295 527 419 582 quid·
441 529 468 568 ά
487 526 673 569 Domino
693 528 901 584 imiyniue
922 536 982 572 eet
1009 530 1283 583 constitutum,
1315 531 1363 572 in
1389 529 1512 572 huius
1531 529 1619 572 diei
1645 530 1847 587 diqm'tm

293 606 349 647 eit
373 612 544 660 yestum.
591 604 646 647 In
675 605 753 648 hac
781 606 961 649 mundus
989 609 1167 664 sumpsit
1185 608 1415 661 exordium,
1447 608 1495 650 in
1513 606 1593 650 hac
1604 621 1688 665 per
1703 611 1846 650 mms-

293 683 513 724 rectionem
534 680 689 725 Christi
718 691 756 726 et
781 698 894 726 ‘more
923 685 1133 728 intentum
1164 693 1202 728 et
1229 687 1316 728 vita
1339 686 1499 742 accepit
1516 686 1810 728 incrementum
1819 679 1844 728 ¹.

412 758 612 817 Princeps
643 757 808 804 noster²
827 760 980 804 bonam
1010 761 1061 805 de
1084 775 1128 805 se
1148 762 1404 806 merentibus
1425 761 1516 819 spei
1535 760 1731 806 fiduciam
1748 773 1846 819 pre.-

295 839 391 880 stat.
498 836 578 889 Qui
607 851 760 894 magna
789 851 885 882 cum
914 838 1194 883 benivolentia
1223 842 1266 884 et
1292 839 1548 884 iocunditate
1567 837 1758 884 beneficii
1774 852 1853 884 ve-

295 915 373 958 stri
402 914 668 972 recordatur,
710 916 821 973 quod
850 917 889 960 ei
918 917 1049 972 gratis
1090 920 1132 961 et
1160 916 1254 974 plus
1286 931 1411 974 quam
1440 917 1572 974 gratis
1601 917 1647 961 in
1677 916 1764 961 suis
1794 915 1849 961 ad

295 992 463 1049 imperii
493 992 657 1037 culmen
686 994 950 1051 provectibus
990 995 1256 1051 exhibuistiS,
1297 998 1338 1039 et
1374 995 1641 1053 postmodum
1677 994 1724 1039 in
1761 993 1849 1039 suin

295 1070 538 1127 primordiis
570 1071 774 1127 singulari
808 1071 889 1116 fide
925 1075 966 1116 et
995 1073 1231 1117 constantia
1269 1073 1323 1117 ad
1350 1073 1414 1117 rei
1449 1071 1665 1131 publicae*
1695 1075 1740 1117 et
1773 1085 1851 1116 sua

296 1147 578 1192 emolumenta
605 1147 890 1194 indeficienter
921 1151 1126 1194 astitistis.
1178 1150 1279 1195 Inde
1309 1154 1394 1206 est,
1426 1151 1537 1208 quod
1564 1163 1740 1207 regnum
1767 1148 1851 1194 Lo-

295 1225 529 1282 tharingiae
558 1229 745 1270 vestrum
775 1231 859 1284 est,
899 1231 941 1273 et
976 1242 1053 1286 per
1090 1232 1273 1272 vestram
1312 1228 1596 1286 provisionem
1632 1231 1675 1272 et
1702 1240 1851 1286 opero-

295 1304 455 1348 tionem
485 1307 634 1348 cuncta
663 1304 883 1362 disponere
912 1302 1128 1350 intendit⁸.
1175 1305 1339 1350 Fideles
1368 1307 1596 1350 monitores
1617 1318 1743 1364 super
1770 1304 1850 1349 hac

294 1395 342 1426 re
379 1384 477 1425 sunt
512 1379 807 1426 cancellarius⁴
837 1386 879 1426 et
915 1383 1104 1427 notarius
1115 1381 1143 1439 ⁵,
1175 1384 1371 1442 oportuni
1408 1397 1509 1428 sane
1546 1386 1719 1442 propter
1747 1395 1851 1440 quo-

294 1459 473 1503 rundam
501 1458 704 1503 laicorum
734 1459 1044 1505 oblatrationes.

412 1537 476 1581 De
507 1537 698 1593 caste110,
737 1538 849 1595 quod
884 1552 1018 1596 nuper
1053 1538 1233 1595 gloriose
1271 1538 1566 1596 expugnastis,
1603 1538 1703 1582 licet
1730 1537 1849 1582 vobis

296 1614 451 1671 absque
480 1615 621 1670 regiae
649 1616 802 1659 mentis
834 1615 1003 1673 offensa,
1035 1617 1233 1674 quicquid
1262 1616 1644 1660 commodissimum
1674 1618 1751 1672 est,
1781 1628 1850 1660 or-

294 1692 451 1736 dinare.

412 1769 577 1814 Parcite
597 1770 834 1815 Prumiensi
855 1771 1008 1827 abbati,
1037 1785 1091 1815 ne
1118 1785 1288 1816 serenus
1312 1774 1512 1827 augustus
1531 1771 1578 1815 in
1596 1770 1734 1816 Deum
1752 1783 1858 1829 pe&

296 1851 362 1892 cet
391 1861 487 1892 cum
517 1862 616 1892 suae
646 1849 783 1893 famae
812 1849 880 1893 vel
908 1849 1072 1893 modico
1103 1850 1365 1894 detrimento.

414 1925 638 1970 Veniemus
670 1926 724 1970 ad
753 1940 826 1970 vos
856 1927 903 1970 in
931 1927 1133 1985 martyrio
1165 1927 1448 1985 apostolorum
1466 1926 1582 1971 Petri
1612 1928 1654 1970 et
1682 1922 1848 1980 Pauli⁶3

298 2006 383 2059 set,
414 2003 513 2047 licet
543 2004 568 2048 a
597 2003 806 2048 Mindensi
837 2005 1031 2063 episcopo
1061 2019 1139 2063 pro
1178 2018 1303 2049 causa
1332 2001 1487 2063 ipsius⁷
1517 2004 1670 2049 obnixe
1697 2003 1849 2060 rogati,

299 2081 412 2138 apud
441 2095 514 2125 vos
544 2084 687 2125 tamen
717 2085 759 2126 et
788 2082 1003 2127 vobiscum
1031 2083 1175 2127 futuri.

416 2158 609 2203 Monachi
631 2158 775 2204 Sancti
793 2159 986 2217 Remigii,
1018 2161 1089 2218 qui
1109 2163 1206 2204 sunt
1225 2160 1270 2204 in
1295 2159 1456 2217 Marna,
1485 2159 1665 2204 multum
1693 2171 1851 2203 vexan-

298 2240 367 2281 tur
387 2236 614 2282 calliditate
634 2236 846 2293 Gozwini3
880 2252 982 2296 quos
1002 2238 1086 2282 nisi
1103 2239 1238 2296 pietas
1257 2242 1399 2283 vestra
1416 2237 1660 2296 protexerit,
1682 2236 1850 2281 omnino

297 2314 535 2359 illudentur.

395 2425 423 2447 a.
451 2415 591 2455 quicquic
612 2428 638 2446 c.
719 2416 749 2447 b.
777 2426 801 2447 r.
823 2426 853 2456 p.
875 2429 901 2447 c.
1716 2429 1719 2431 ·

394 2475 428 2511 1.
454 2472 511 2511 Of.
528 2473 637 2510 Decr.
655 2472 755 2509 Grat.
775 2473 816 2509 P.
834 2474 862 2510 Ι.
879 2475 926 2511 D.
945 2475 1000 2521 75,
1018 2475 1053 2512 5.
1142 2476 1176 2511 2.
1201 2474 1410 2511 Friderieus
1426 2483 1502 2510 rex.
1596 2473 1631 2510 3.
1655 2473 1705 2509 Et
1726 2471 1788 2510 hic
1811 2475 1852 2510 ct

299 2534 362 2571 alii
386 2533 495 2570 huius
519 2532 697 2579 epistolae
720 2532 792 2569 loci
816 2533 965 2580 docent,
997 2545 1077 2571 eam
1101 2534 1140 2570 in
1165 2535 1266 2571 curia
1289 2534 1390 2580 regia
1413 2543 1494 2570 esse
1517 2532 1707 2578 scriptam,
1738 2531 1850 2579 idque

299 2597 342 2630 ut
365 2593 512 2630 videtur
535 2592 574 2628 in
598 2591 699 2628 curia
721 2592 1013 2640 Merseburgensi
1037 2593 1074 2630 d.
1091 2594 1136 2630 18
1159 2594 1246 2630 Maii
1269 2592 1411 2638 habita,
1436 2591 1500 2629 ubi
1523 2594 1562 2628 et
1577 2591 1788 2628 Wibaldum
1812 2594 1850 2628 et

300 2652 521 2706 Heinricum¹
537 2650 749 2697 episcopum
766 2651 989 2689 Mindensem
1015 2653 1133 2698 (cuius
1150 2653 1285 2689 mentio
1309 2652 1348 2688 in
1371 2651 1440 2688 hac
1464 2650 1590 2688 eadem
1615 2649 1770 2696 epistola
1790 2647 1849 2695 fit)

300 2711 424 2757 fuisse,
449 2711 688 2758 intelligimus
712 2722 758 2748 ex
781 2712 959 2749 Frideriei
974 2713 992 2749 1
1016 2713 1114 2759 regis
1136 2712 1262 2749 tabula
1284 2722 1342 2757 ap.
1359 2709 1499 2748 Ethai-d
1522 2709 1614 2755 Reg.
1630 2708 1798 2756 westph.
1812 2708 1850 2746 11

300 2771 390 2808 Cod.
408 2771 496 2817 dipl.
521 2782 558 2817 p.
575 2772 632 2807 65.
718 2771 754 2807 4.
779 2770 976 2809 Arnoldus.
1063 2772 1098 2808 5.
1122 2771 1326 2809 Heinricus.
1421 2770 1455 2806 6.
1479 2768 1574 2805 Iuni.
1590 2768 1648 2805 29.
1743 2768 1776 2805 7.
1801 2767 1848 2805 V.

300 2841 358 2877 ep.
374 2831 443 2868 379
467 2841 578 2876 supra
599 2841 636 2877 p.
653 2830 734 2868 508.

934 2932 1211 2939 ————.
