1924 3288
543 200 742 231 wnunm
768 199 1019 232 nms'ronffl
1046 200 1118 231 42⁶.
1142 199 1213 231 426.
1566 188 1655 233 563

91 293 204 352 apud
220 292 455 339 Romanam
485 294 730 339 aecclesiam
760 295 934 351 egimus,
966 294 1127 353 perfrui
1147 295 1261 339 omni
1280 307 1376 338 cum
1396 294 1656 351 benignitate
1681 298 1774 335 1153

90 370 348 416 etaeefficacia
376 373 618 416 meruimus.
661 372 762 417 Inde
793 377 871 429 est,
903 374 1015 430 quod
1043 372 1321 418 intolerabilis
1347 371 1479 429 dolor,
1512 374 1583 429 qui
1604 373 1656 417 de
1694 357 1752 378 '⁶¹'

78 449 273 503 ‚transitu
301 450 519 494 reverendi
548 451 683 508 patris
713 452 861 506 nostri,
892 451 1023 495 vestri
1045 452 1192 508 utique
1210 450 1532 509 predecessoris,
1565 451 1656 494 ani-

89 540 205 571 mam
233 531 423 572 nostram
452 528 563 572 iusto
594 542 757 573 merore
788 530 1068 585 sauciaverat,
1106 542 1192 573 non
1221 542 1353 586 parvo
1383 528 1656 573 delinimento

89 605 307 661 mitigatus
339 609 422 662 est,
454 619 551 650 cum
580 606 796 651 ordinator
826 611 1065 664 temporum
1095 607 1210 651 Deus
1240 611 1426 651 vestram
1457 606 1656 650 sanctita-

89 685 177 727 tem
212 683 258 728 in
294 683 428 741 ipsius
467 684 666 728 cathedra
703 685 826 729 beata
861 685 1122 729 successione
1158 685 1304 729 sedere
1333 685 1455 740 fecit,
1492 687 1541 728 ut
1568 685 1658 728 vita

90 764 232 805 vestra
265 761 412 818 inclita
449 765 620 806 cunctas
658 762 871 807 illustrare
909 763 1046 820 possit
1081 763 1302 807 aecclesias
1334 766 1376 807 et
1405 762 1526 807 nobis
1559 775 1657 806 con-

89 842 233 883 suetae
251 839 563 884 misericordiae
584 840 810 896 benignum
829 841 1024 885 tribuatis
1045 840 1251 885 effectum.
1283 841 1528 898 Repetimus
1545 841 1658 884 enim

90 916 117 960 a
149 920 291 961 vestra
327 917 573 962 celsitudine
612 919 794 975 quodam
833 919 1004 976 pietatis
1042 920 1134 963 iure
1170 919 1423 963 familiarem
1461 919 1656 975 gratiam,

91 1009 217 1052 quam
256 995 308 1040 ab
348 997 680 1040 antecessoribus
710 997 864 1041 vestris
902 997 1026 1053 longo
1062 1001 1252 1054 tempore
1293 998 1573 1054 optinuimus,
1611 1000 1660 1040 ut

89 1072 215 1117 liceat
243 1073 364 1118 nobis
395 1074 550 1131 absque
580 1075 909 1132 presumptionis
938 1079 1040 1119 nota
1064 1076 1114 1118 de
1136 1075 1417 1119 sollicitudine
1438 1075 1658 1119 aecclesia-

90 1165 199 1207 rum,
231 1151 282 1195 de
313 1155 425 1195 statu
455 1153 574 1208 regni
605 1153 746 1210 aliqua
774 1154 984 1197 intimare.
1033 1153 1152 1205 Quod
1182 1157 1283 1197 tunc
1314 1152 1570 1198 confidenter
1597 1154 1659 1197 fa-

91 1241 185 1273 cere
214 1229 477 1287 incipiemus,
509 1244 604 1274 eum
635 1245 711 1288 per
742 1231 1047 1275 sacratissimos
1080 1231 1220 1288 apices
1240 1234 1402 1275 vestros
1423 1232 1503 1276 hoc
1522 1232 1660 1275 facere

93 1307 311 1351 ammoniti
339 1308 555 1352 fuerimus.
637 1308 872 1353 Peticiones
899 1312 1081 1365 nostrae,
1115 1322 1217 1365 quas
1239 1323 1316 1366 pro
1338 1310 1659 1354 necessitatibus

91 1386 246 1429 nostris
266 1389 431 1430 vestrae
462 1386 707 1431 clementiae
729 1388 998 1445 porrigimus,
1031 1387 1175 1431 subter
1196 1400 1384 1431 annexae
1406 1391 1523 1442 sunt3
1557 1401 1660 1444 quas

92 1461 316 1508 efficaciter
352 1464 543 1508 exaudiri
578 1478 655 1523 pro
695 1469 864 1510 nostrae
901 1469 1131 1523 perpetuae
1169 1465 1385 1510 servitutis
1422 1469 1660 1522 augmento,

92 1540 377 1599 deprecamur.

94 1755 159 1802 42
169 1755 213 1803 6.
238 1758 450 1803 Wibaldus
473 1758 766 1802 Bernhardum
778 1759 917 1815 presb.
941 1760 1054 1802 card.
1076 1760 1133 1803 tit.
1157 1759 1203 1803 S.
1228 1760 1453 1814 Clementis,
1483 1759 1662 1803 Romam

241 1852 460 1891 reversum,
491 1844 622 1894 φοραί,
660 1843 706 1878 at
726 1837 946 1894 petitiones
976 1852 1072 1880 suas
1103 1838 1161 1880 ad
1192 1837 1407 1882 Corbeiam
1436 1845 1663 1895 spectantes

235 1929 380 1972 papae
411 1915 671 1957 commendet.
1443 1913 1515 1968 (M.
1540 1914 1659 1969 394.)

212 2008 456 2052 Reverendo
485 2008 532 2051 in
561 2007 728 2052 Christo
757 2008 872 2066 patri
903 2021 977 2052 suo
1009 2011 1051 2052 et
1082 2008 1249 2052 domino
1281 2008 1559 2063 B(ernhardo)
1591 2023 1662 2053 ve·
1689 2016 1781 2052 1153

94 2087 272 2131 nerabili
310 2090 480 2130 sanctae
510 2086 722 2130 Romanae
763 2086 986 2130 aecclesiae
1026 2086 1230 2130 cardinali
1268 2087 1502 2144 presbitero
1532 2087 1663 2131 frater
1713 2075 1757 2096 ‘³¹'

96 2163 347 2219 W(ibaldus)
369 2164 450 2208 Dei
480 2165 617 2220 gratia
646 2165 703 2221 id,
736 2164 847 2220 quod
868 2168 932 2208 est
950 2165 996 2208 in
1017 2164 1218 2209 aecclesia
1239 2164 1455 2221 catholica,
1488 2165 1662 2221 exiguas

95 2243 305 2286 orationes
337 2246 380 2286 et
409 2242 604 2286 devotum
635 2243 866 2286 servitium.

216 2320 262 2364 Si
292 2333 386 2364 cum
415 2321 658 2375 integritate
689 2319 904 2377 sospitatis
934 2322 1100 2363 vestrae
1131 2323 1174 2363 et
1203 2333 1299 2363 cum
1329 2334 1471 2364 rerum
1502 2324 1663 2365 vestra-

96 2412 192 2443 rum
220 2399 386 2454 integra
416 2398 732 2442 conservatione
762 2398 815 2441 ad
845 2397 1001 2442 Urbem
1030 2397 1252 2455 pervenire
1281 2399 1494 2456 potuistis,
1530 2398 1662 2456 pluri-

96 2490 213 2520 mum
241 2477 287 2520 in
318 2475 499 2519 Domino
531 2475 781 2531 exultamus,
818 2475 1016 2532 quoniam
1046 2475 1300 2520 desiderium
1330 2479 1522 2520 nostrum
1552 2477 1664 2521 circa

98 2553 276 2598 salutem
313 2557 497 2598 vestram
535 2554 789 2611 completum
828 2556 902 2597 est.
970 2552 1180 2608 Rogamus
1217 2554 1359 2610 itaque
1397 2554 1663 2598 clementiam

98 2635 303 2688 vestram,
343 2646 449 2689 quae
479 2644 679 2687 magnum
708 2631 828 2674 nobis
859 2630 1159 2674 familiaritatis
1191 2635 1234 2675 et
1262 2632 1487 2689 patrocinii
1517 2639 1662 2675 usum·

99 2710 288 2754 conferre
325 2710 498 2765 dignata
535 2713 619 2753 est:
660 2711 708 2751 ut
743 2711 933 2751 nostram
969 2709 1223 2765 parvitatem
1262 2709 1414 2753 domno
1454 2723 1591 2767 papae
1621 2713 1664 2754 et

100 2786 262 2831 domnis
293 2787 574 2831 cardinalibus
606 2786 898 2829 commendare
928 2786 1110 2841 benigna
1129 2786 1411 2830 insinuatione
1433 2787 1663 2842 dignemini

101 2867 155 2920 et,
186 2867 234 2907 ut
251 2866 478 2921 peticiones
501 2867 668 2908 nostrae
690 2863 882 2908 effectum
904 2864 1134 2920 optineant,
1165 2864 1329 2908 efficere
1350 2878 1433 2908 non
1455 2865 1661 2922 abnuatis,

196 2969 222 2990 8..
251 2969 357 2990 ausum
378 2972 403 2989 c.

1295 3016 1377 3054 36³*
