1924 3288
590 201 791 233 wmALm
819 201 1039 234 nms'rom
1067 201 1138 233 116.
1570 188 1650 232 191

85 307 194 343 mus·
252 294 343 349 Que
378 296 572 355 piissima
607 298 794 354 religiosi
825 298 1026 354 genitoris
1056 297 1194 342 nostri
1222 296 1383 340 monita
1411 309 1498 340 non
1527 296 1655 340 surda

86 388 189 421 aure
223 387 302 420 nee
340 375 463 433 pigra
499 376 636 420 cordis
675 376 908 420 intentione
948 376 1242 433 suscipientes,
1282 375 1335 419 ad
1373 373 1568 419 effectum
1603 389 1654 419 ea

84 453 314 512 perducere
345 453 525 498 sollicita
555 454 775 499 devotione
797 454 1049 510 curavimus,
1083 454 1143 498 sic
1164 454 1215 498 de
1236 456 1373 498 cetero
1393 453 1560 510 intenti,
1591 457 1652 509 ut,

85 534 298 576 crescente
328 531 374 575 in
403 532 524 576 nobis
555 547 633 590 per
664 532 847 576 divinam
880 532 1186 588 indulgentiam
1209 535 1346 576 aetate
1367 535 1409 576 et
1430 532 1652 590 sapientia,

84 613 236 655 cuncta
263 610 310 654 in
339 610 490 654 melius
523 624 675 666 augere
704 614 746 654 et
774 610 984 668 complere
1006 611 1261 654 studeamus.
1353 609 1515 655 Morem
1533 610 1654 666 regni

84 687 206 732 nobis
237 701 262 732 a
282 688 372 733 Deo
404 688 545 733 collati
573 692 760 732 vestram
790 689 1060 746 prudentiam
1089 690 1284 744 ignorare
1314 702 1400 732 non
1429 689 1653 745 credimus,

83 765 130 810 in
159 779 208 810 eo
238 766 448 823 videlicet,
482 767 593 824 quod
623 766 895 822 Moguntinus
927 767 1265 824 archiepiscopus
1287 780 1339 810 ex
1360 768 1532 824 antiquo
1554 781 1654 811 suae

84 843 310 889 aecclesiae
350 848 392 889 et
430 845 648 901 dignitatis
686 845 907 902 privilegio
947 846 1024 889 sub
1057 845 1248 890 absentia
1278 846 1483 904 principis
1513 849 1653 890 custos

84 923 204 979 regni
234 926 278 968 et
306 927 553 981 procurator
584 937 675 968 esse
706 924 949 968 dinoscitur.
999 923 1087 975 Que
1116 924 1354 981 priscorum
1372 925 1569 969 instituta
1588 939 1654 969 re-

85 1014 186 1057 gum
229 1001 436 1058 gloriosus
482 1002 647 1058 genitor
684 1005 828 1046 noster
868 1004 916 1045 ut
953 1002 999 1045 in
1038 1002 1187 1046 ceteris
1230 1006 1418 1059 secutus,
1463 1007 1654 1047 nostram

85 1082 268 1125 aetatem
298 1082 340 1124 et
369 1081 490 1137 regni
512 1081 859 1137 gubernationem
879 1081 1110 1125 reverendo
1131 1081 1245 1138 patri
1264 1085 1423 1138 nostro,
1454 1081 1654 1126 Heinrico

83 1157 330 1214 Moguntino
362 1160 690 1218 archiepiscopo,
723 1159 911 1203 omnium
941 1159 1182 1217 principum
1212 1160 1379 1204 favente
1403 1160 1653 1216 coniventia,

83 1250 239 1293 magna
268 1250 364 1281 cum
396 1239 626 1282 attentione
658 1238 880 1282 commisit.
938 1237 1150 1290 Quantum
1180 1252 1279 1283 vero
1312 1239 1500 1283 eiusdem
1529 1253 1654 1283 vene-

85 1315 231 1360 rabilis
263 1315 569 1373 archiepiscopi
600 1316 790 1361 absentia
819 1316 900 1360 toti
930 1331 1060 1372 regno
1092 1320 1134 1361 et
1164 1331 1369 1375 personae
1399 1320 1569 1361 nostrae
1589 1317 1655 1361 in-

85 1394 306 1438 commoda
336 1394 404 1451 sit,
437 1395 594 1452 optime
619 1395 738 1439 novit
757 1394 1038 1451 intelligentia
1058 1399 1212 1452 vestra,
1244 1396 1313 1440 cui
1331 1410 1471 1440 mores
1493 1395 1655 1439 Galliae

83 1470 300 1528 Belgicae,
341 1486 420 1529 que
460 1474 617 1517 nostris
656 1474 833 1531 sceptris
873 1488 925 1518 ex
955 1474 1107 1518 maiori
1137 1478 1258 1532 parte
1290 1475 1458 1519 subdita
1489 1478 1572 1531 est,
1614 1477 1656 1519 et

84 1550 214 1594 totius
238 1549 489 1595 Germaniae
518 1552 654 1607 ignoti
683 1566 769 1596 non
799 1555 909 1596 sunt.
958 1552 1059 1597 Inde
1088 1553 1248 1597 factum
1279 1557 1355 1610 est,
1387 1557 1435 1597 ut
1464 1557 1654 1611 tempore

85 1628 223 1673 sinodi
250 1632 431 1686 vestrae,
463 1644 588 1687 quam
608 1630 655 1674 in
673 1630 872 1674 Remensi
892 1630 1061 1674 civitate
1082 1631 1226 1676 divina
1245 1632 1411 1676 favente
1433 1632 1655 1676 clementia

86 1706 142 1750 ad
174 1707 303 1751 totius
335 1712 506 1753 sanctae
537 1709 736 1754 ecclesiae
765 1709 1071 1753 incrementum
1101 1709 1364 1767 celebrastis,
1405 1711 1460 1754 ad
1489 1714 1654 1755 vestrae

86 1785 323 1830 sanctitatis
363 1788 622 1843 presentiam
659 1788 802 1831 venire
843 1788 958 1832 idem
998 1788 1337 1846 archiepiscopus
1374 1803 1461 1834 non
1489 1793 1652 1847 posset3

87 1863 287 1920 quoniam
319 1863 491 1908 alterius
521 1866 643 1921 regni
671 1864 775 1910 fines
806 1869 922 1910 tutus
943 1866 1108 1922 ingredi
1132 1881 1217 1910 non
1240 1867 1392 1924 potuit,
1426 1871 1467 1912 et
1486 1871 1653 1912 nostras

84 1956 167 1999 reS,
199 1956 279 1999 que
311 1945 466 1999 quanto
499 1946 597 1986 sunt
625 1957 702 2000 per
728 1943 810 1987 Dei
836 1944 1169 1988 misericordiam
1196 1946 1376 1989 maiores
1407 1949 1533 1990 tanto>
1555 1949 1655 1990 sunt

87 2020 141 2065 ad
169 2021 400 2077 regendum
431 2019 700 2077 difficiliores,
737 2021 987 2079 relinquere,
1017 2023 1138 2067 nobis
1170 2036 1266 2067 cum
1295 2023 1469 2067 consilio
1499 2024 1653 2069 multo-

86 2091 182 2142 rum
218 2099 459 2157 principum
500 2099 800 2156 renitentibus,
847 2100 964 2144 salva
1000 2100 1081 2145 fide
1120 2104 1162 2145 et
1198 2101 1418 2147 honestate
1456 2116 1532 2147 sua
1568 2117 1654 2147 non

87 2176 232 2221 valuit.
280 2177 440 2223 Verum
472 2178 670 2235 quoniam
699 2178 908 2234 frequenti
938 2179 1156 2223 vocatione
1187 2183 1329 2224 vestra
1359 2182 1652 2238 commonitus,

89 2255 144 2299 ad.
171 2259 338 2301 vestrae
369 2256 632 2301 celsitudinis
661 2257 919 2313 presentiam
949 2257 1129 2301 transire
1150 2265 1283 2302 nunc⁰
1303 2259 1544 2316 festinabat,
1575 2274 1652 2304 nos

86 2332 133 2377 in
161 2334 366 2391 preterita
394 2335 615 2379 nativitate
647 2334 794 2379 beatae
821 2334 981 2379 Mariae
1012 2336 1173 2380 curiam
1192 2336 1282 2381 Deo
1314 2341 1483 2381 auctore
1512 2338 1558 2381 in
1579 2352 1653 2395 op-

85 2411 186 2469 pido
217 2411 535 2457 Frankenevort
563 2412 888 2469 celebravimuS,
925 2413 998 2458 ubi
1027 2418 1280 2470 congregata
1308 2416 1548 2474 principum
1577 2429 1653 2459 no-

89 2492 273 2534 strorum
308 2490 564 2548 frequentia,
604 2494 693 2535 tam
724 2491 775 2535 de
805 2491 939 2548 ipsius
971 2491 1275 2550 archiepiscopi
1306 2494 1497 2538 absentia
1527 2508 1653 2551 quam

89 2567 141 2612 de
171 2581 317 2612 securo
350 2569 403 2612 ad
433 2583 508 2613 vos
539 2569 722 2613 transitu
742 2569 819 2614 sub
839 2569 1007 2627 prolixa
1027 2570 1340 2615 deliberationis
1359 2585 1480 2616 mora
1498 2575 1653 2616 tracta-

88 2645 239 2690 vimus.
300 2646 412 2690 Eum
450 2647 592 2704 itaque
631 2648 684 2691 ad
714 2650 879 2691 vestrae
919 2647 1188 2692 sublimitatis
1218 2650 1477 2706 presentiam
1508 2654 1654 2695 contra

87 2727 278 2768 nostram
308 2727 350 2769 et
379 2725 510 2769 totius
540 2726 661 2782 regni
679 2726 907 2769 utilitatem
927 2726 971 2769 in
991 2727 1301 2784 presentiarum
1320 2727 1653 2785 proficiscentem

87 2799 207 2845 filiali
239 2805 281 2846 et
310 2802 536 2847 affectuosa
565 2803 925 2848 commendatione
954 2805 1268 2861 prosequimur,
1308 2809 1474 2850 orantes
1505 2808 1654 2852 intime

87 2879 324 2937 piissimam
355 2881 460 2926 etin
479 2882 600 2926 bonis
622 2885 841 2939 expertam
861 2882 981 2926 nobis
1003 2884 1301 2940 paternitatem
1320 2887 1517 2942 vestram,
1551 2900 1652 2943 qua-

185 2985 212 3006 a.
240 2976 368 3007 transire
389 2986 468 3008 nunc
488 2989 595 3009 manus
617 2979 722 3009 eadem
745 2980 896 3020 corrigens
918 2980 1038 3017 scripsit
1059 2990 1152 3018 supra
1174 2979 1285 3010 venire.

1681 300 1699 334 1
1705 298 1774 335 148

1687 348 1771 388 Sept.

1678 2349 1762 2389 Sept.
1776 2350 1794 2380 8
